<?xml version="1.0" encoding="UTF-8"?>
<!DOCTYPE html PUBLIC "-//W3C//DTD XHTML 1.0 Transitional//EN"
    "http://www.w3.org/TR/xhtml1/DTD/xhtml1-transitional.dtd">
<html xmlns="http://www.w3.org/1999/xhtml" xml:lang="en" lang="en">
 <head>
  <title>
</title>
<meta http-equiv="Content-Type" content="text/html;charset=utf-8" />
  <meta name='ocr-system' content='tesseract 3.04.00' />
  <meta name='ocr-capabilities' content='ocr_page ocr_carea ocr_par ocr_line ocrx_word'/>
</head>
<body>
  <div class='ocr_page' id='page_1' title='image "./scriptorumeccle03routgoog_0785.png"; bbox 0 0 2867 4817; ppageno 0'>
   <div class='ocr_carea' id='block_1_1' title="bbox 510 330 1154 401">
    <p class='ocr_par' dir='ltr' id='par_1_1' title="bbox 510 330 1154 401">
     <span class='ocr_line' id='line_1_1' title="bbox 510 330 1154 401; baseline 0.005 -3"><span class='ocrx_word' id='word_1_1' title='bbox 510 330 741 398; x_wconf 87' lang='lat' dir='ltr'><strong>EPITOME.</strong></span> <span class='ocrx_word' id='word_1_2' title='bbox 1089 339 1154 401; x_wconf 76' lang='grc'><strong>383</strong></span> 
     </span>
    </p>
   </div>
   <div class='ocr_carea' id='block_1_2' title="bbox 34 508 1155 1183">
    <p class='ocr_par' dir='ltr' id='par_1_2' title="bbox 34 508 1155 1183">
     <span class='ocr_line' id='line_1_2' title="bbox 95 508 1155 604; baseline 0.003 -26"><span class='ocrx_word' id='word_1_3' title='bbox 95 530 286 579; x_wconf 87' lang='lat' dir='ltr'><strong>summum</strong></span> <span class='ocrx_word' id='word_1_4' title='bbox 312 516 432 577; x_wconf 86' lang='lat' dir='ltr'><strong>tamen</strong></span> <span class='ocrx_word' id='word_1_5' title='bbox 462 508 594 578; x_wconf 91' lang='lat' dir='ltr'><strong>bonnm</strong></span> <span class='ocrx_word' id='word_1_6' title='bbox 622 530 694 578; x_wconf 93' lang='lat' dir='ltr'><strong>non</strong></span> <span class='ocrx_word' id='word_1_7' title='bbox 717 517 782 590; x_wconf 86' lang='lat' dir='ltr'><strong>est,</strong></span> <span class='ocrx_word' id='word_1_8' title='bbox 804 510 887 601; x_wconf 90' lang='lat' dir='ltr'><strong>quia</strong></span> <span class='ocrx_word' id='word_1_9' title='bbox 912 534 983 580; x_wconf 91' lang='lat' dir='ltr'><strong>non</strong></span> <span class='ocrx_word' id='word_1_10' title='bbox 1009 520 1155 604; x_wconf 86' lang='lat' dir='ltr'><strong>propter</strong></span> 
     </span>
     <span class='ocr_line' id='line_1_3' title="bbox 34 624 1155 717; baseline 0.002 -21"><span class='ocrx_word' id='word_1_11' title='bbox 34 706 40 713; x_wconf 44' lang='lat'><em>,</em></span> <span class='ocrx_word' id='word_1_12' title='bbox 96 648 144 697; x_wconf 79' lang='lat' dir='ltr'><strong>se</strong></span> <span class='ocrx_word' id='word_1_13' title='bbox 171 625 352 716; x_wconf 86' lang='lat' dir='ltr'><strong>expetitur</strong></span> <span class='ocrx_word' id='word_1_14' title='bbox 377 625 533 707; x_wconf 83' lang='lat' dir='ltr'><strong>seientia,</strong></span> <span class='ocrx_word' id='word_1_15' title='bbox 560 624 621 694; x_wconf 87' lang='lat' dir='ltr'><strong>ssd</strong></span> <span class='ocrx_word' id='word_1_16' title='bbox 646 633 792 717; x_wconf 86' lang='lat' dir='ltr'><strong>propter</strong></span> <span class='ocrx_word' id='word_1_17' title='bbox 816 624 925 696; x_wconf 87' lang='lat' dir='ltr'><strong>aliud.</strong></span> <span class='ocrx_word' id='word_1_18' title='bbox 979 626 1076 698; x_wconf 90' lang='lat' dir='ltr'><strong>Nam</strong></span> <span class='ocrx_word' id='word_1_19' title='bbox 1102 628 1155 698; x_wconf 89' lang='lat' dir='ltr'><strong>id·</strong></span> 
     </span>
     <span class='ocr_line' id='line_1_4' title="bbox 97 740 1154 826; baseline 0.001 -15"><span class='ocrx_word' id='word_1_20' title='bbox 97 741 201 811; x_wconf 80' lang='lat' dir='ltr'><strong>eireo</strong></span> <span class='ocrx_word' id='word_1_21' title='bbox 224 748 316 809; x_wconf 83' lang='lat' dir='ltr'><strong>artes</strong></span> <span class='ocrx_word' id='word_1_22' title='bbox 339 740 531 823; x_wconf 79' lang='lat' dir='ltr'><strong>discuntur,</strong></span> <span class='ocrx_word' id='word_1_23' title='bbox 553 748 595 809; x_wconf 92' lang='lat' dir='ltr'><strong>nt</strong></span> <span class='ocrx_word' id='word_1_24' title='bbox 622 742 692 810; x_wconf 90' lang='lat' dir='ltr'><strong>sint</strong></span> <span class='ocrx_word' id='word_1_25' title='bbox 721 741 823 811; x_wconf 91' lang='lat' dir='ltr'><strong>nobis</strong></span> <span class='ocrx_word' id='word_1_26' title='bbox 852 749 916 811; x_wconf 92' lang='lat' dir='ltr'><strong>aut</strong></span> <span class='ocrx_word' id='word_1_27' title='bbox 943 743 1065 826; x_wconf 83' lang='lat' dir='ltr'><strong>victui,</strong></span> <span class='ocrx_word' id='word_1_28' title='bbox 1091 751 1154 812; x_wconf 87' lang='lat' dir='ltr'><strong>ant</strong></span> 
     </span>
     <span class='ocr_line' id='line_1_5' title="bbox 96 854 1155 949; baseline 0.004 -24"><span class='ocrx_word' id='word_1_29' title='bbox 96 854 236 949; x_wconf 75' lang='lat' dir='ltr'><strong>gloria,</strong></span> <span class='ocrx_word' id='word_1_30' title='bbox 275 864 337 925; x_wconf 83' lang='lat' dir='ltr'><strong>aut</strong></span> <span class='ocrx_word' id='word_1_31' title='bbox 372 856 481 925; x_wconf 88' lang='lat' dir='ltr'><strong>etiam</strong></span> <span class='ocrx_word' id='word_1_32' title='bbox 519 855 705 948; x_wconf 86' lang='lat' dir='ltr'><strong>voluptati,</strong></span> <span class='ocrx_word' id='word_1_33' title='bbox 739 878 818 947; x_wconf 85' lang='lat' dir='ltr'><strong>quae</strong></span> <span class='ocrx_word' id='word_1_34' title='bbox 855 858 980 949; x_wconf 88' lang='lat' dir='ltr'><strong>ntique</strong></span> <span class='ocrx_word' id='word_1_35' title='bbox 1017 881 1155 930; x_wconf 87' lang='lat' dir='ltr'><strong>summa</strong></span> 
     </span>
     <span class='ocr_line' id='line_1_6' title="bbox 97 970 1153 1065; baseline 0.001 -23"><span class='ocrx_word' id='word_1_36' title='bbox 97 970 200 1042; x_wconf 91' lang='lat' dir='ltr'><strong>bona</strong></span> <span class='ocrx_word' id='word_1_37' title='bbox 222 978 299 1041; x_wconf 75' lang='lat' dir='ltr'><strong>esse</strong></span> <span class='ocrx_word' id='word_1_38' title='bbox 322 994 392 1041; x_wconf 92' lang='lat' dir='ltr'><strong>non</strong></span> <span class='ocrx_word' id='word_1_39' title='bbox 415 978 572 1063; x_wconf 79' lang='lat' dir='ltr'><strong>possunt.</strong></span> <span class='ocrx_word' id='word_1_40' title='bbox 626 970 788 1065; x_wconf 81' lang='lat' dir='ltr'><strong>Ergone</strong></span> <span class='ocrx_word' id='word_1_41' title='bbox 809 973 847 1041; x_wconf 92' lang='lat' dir='ltr'><strong>in</strong></span> <span class='ocrx_word' id='word_1_42' title='bbox 871 972 989 1045; x_wconf 81' lang='lat' dir='ltr'><strong>ethica</strong></span> <span class='ocrx_word' id='word_1_43' title='bbox 1011 975 1153 1065; x_wconf 89' lang='lat' dir='ltr'><strong>quidem</strong></span> 
     </span>
     <span class='ocr_line' id='line_1_7' title="bbox 98 1086 1154 1183; baseline 0.004 -27"><span class='ocrx_word' id='word_1_44' title='bbox 98 1086 306 1179; x_wconf 86' lang='lat' dir='ltr'><strong>philosophi</strong></span> <span class='ocrx_word' id='word_1_45' title='bbox 331 1086 491 1179; x_wconf 83' lang='lat' dir='ltr'><strong>regulam</strong></span> <span class='ocrx_word' id='word_1_46' title='bbox 515 1095 661 1170; x_wconf 88' lang='lat' dir='ltr'><strong>tenent;</strong></span> <span class='ocrx_word' id='word_1_47' title='bbox 698 1088 984 1180; x_wconf 88' lang='lat' dir='ltr'><strong>quandoquidem</strong></span> <span class='ocrx_word' id='word_1_48' title='bbox 1012 1091 1051 1159; x_wconf 92' lang='lat' dir='ltr'><strong>in</strong></span> <span class='ocrx_word' id='word_1_49' title='bbox 1078 1091 1154 1183; x_wconf 90' lang='lat' dir='ltr'><strong>ipso</strong></span> 
     </span>
    </p>
   </div>
   <div class='ocr_carea' id='block_1_3' title="bbox 99 1202 1155 2103">
    <p class='ocr_par' dir='ltr' id='par_1_3' title="bbox 99 1202 1155 2103">
     <span class='ocr_line' id='line_1_8' title="bbox 99 1202 1154 1296; baseline 0.003 -23"><span class='ocrx_word' id='word_1_50' title='bbox 99 1202 260 1287; x_wconf 83' lang='lat' dir='ltr'><strong>oardine,</strong></span> <span class='ocrx_word' id='word_1_51' title='bbox 277 1204 319 1273; x_wconf 79' lang='lat' dir='ltr'><strong>id&#39;</strong></span> <span class='ocrx_word' id='word_1_52' title='bbox 330 1212 394 1285; x_wconf 89' lang='lat' dir='ltr'><strong>est,</strong></span> <span class='ocrx_word' id='word_1_53' title='bbox 411 1204 512 1273; x_wconf 86' lang='lat' dir='ltr'><strong>inea</strong></span> <span class='ocrx_word' id='word_1_54' title='bbox 529 1204 778 1295; x_wconf 87' lang='lat' dir='ltr'><strong>disputatione,</strong></span> <span class='ocrx_word' id='word_1_55' title='bbox 796 1226 867 1296; x_wconf 87' lang='lat' dir='ltr'><strong>qua</strong></span> <span class='ocrx_word' id='word_1_56' title='bbox 882 1206 957 1275; x_wconf 85' lang='lat' dir='ltr'><strong>vita</strong></span> <span class='ocrx_word' id='word_1_57' title='bbox 973 1206 1154 1289; x_wconf 88' lang='lat' dir='ltr'><strong>formatur,</strong></span> 
     </span>
     <span class='ocr_line' id='line_1_9' title="bbox 100 1319 1155 1412; baseline 0.004 -25"><span class='ocrx_word' id='word_1_58' title='bbox 100 1320 264 1389; x_wconf 83' lang='lat' dir='ltr'><strong>interae</strong></span> <span class='ocrx_word' id='word_1_59' title='bbox 289 1326 468 1411; x_wconf 79' lang='lat' dir='ltr'><strong>pugnant:</strong></span> <span class='ocrx_word' id='word_1_60' title='bbox 494 1340 561 1388; x_wconf 85' lang='lat' dir='ltr'><strong>nee</strong></span> <span class='ocrx_word' id='word_1_61' title='bbox 578 1319 673 1388; x_wconf 90' lang='lat' dir='ltr'><strong>enim</strong></span> <span class='ocrx_word' id='word_1_62' title='bbox 699 1327 847 1410; x_wconf 71' lang='lat' dir='ltr'><strong>ponunt</strong></span> <span class='ocrx_word' id='word_1_63' title='bbox 868 1322 966 1412; x_wconf 88' lang='lat' dir='ltr'><strong>paria</strong></span> <span class='ocrx_word' id='word_1_64' title='bbox 991 1343 1067 1391; x_wconf 85' lang='lat' dir='ltr'><strong>esse</strong></span> <span class='ocrx_word' id='word_1_65' title='bbox 1091 1330 1155 1391; x_wconf 88' lang='lat' dir='ltr'><strong>ant</strong></span> 
     </span>
     <span class='ocr_line' id='line_1_10' title="bbox 101 1432 1154 1529; baseline 0.003 -24"><span class='ocrx_word' id='word_1_66' title='bbox 101 1432 235 1505; x_wconf 83' lang='lat' dir='ltr'>similia</span> <span class='ocrx_word' id='word_1_67' title='bbox 262 1441 447 1525; x_wconf 78' lang='lat' dir='ltr'><strong>praecepto,</strong></span> <span class='ocrx_word' id='word_1_68' title='bbox 474 1456 557 1503; x_wconf 87' lang='lat' dir='ltr'><strong>enm</strong></span> <span class='ocrx_word' id='word_1_69' title='bbox 582 1434 641 1503; x_wconf 83' lang='lat' dir='ltr'><strong>alii</strong></span> <span class='ocrx_word' id='word_1_70' title='bbox 669 1433 824 1504; x_wconf 80' lang='lat' dir='ltr'><strong>forment</strong></span> <span class='ocrx_word' id='word_1_71' title='bbox 850 1436 895 1505; x_wconf 84' lang='lat' dir='ltr'><strong>ad</strong></span> <span class='ocrx_word' id='word_1_72' title='bbox 922 1435 1154 1529; x_wconf 85' lang='lat' dir='ltr'><strong>voluptatem,</strong></span> 
     </span>
     <span class='ocr_line' id='line_1_11' title="bbox 102 1546 1155 1633; baseline 0.004 -14"><span class='ocrx_word' id='word_1_73' title='bbox 102 1546 167 1619; x_wconf 83' lang='lat' dir='ltr'><strong>alii</strong></span> <span class='ocrx_word' id='word_1_74' title='bbox 196 1548 242 1621; x_wconf 80' lang='lat' dir='ltr'><strong>ad</strong></span> <span class='ocrx_word' id='word_1_75' title='bbox 272 1548 507 1631; x_wconf 77' lang='lat' dir='ltr'><strong>honestatem,</strong></span> <span class='ocrx_word' id='word_1_76' title='bbox 537 1548 596 1619; x_wconf 83' lang='lat' dir='ltr'><strong>alii</strong></span> <span class='ocrx_word' id='word_1_77' title='bbox 627 1572 711 1620; x_wconf 85' lang='lat' dir='ltr'><strong>vero</strong></span> <span class='ocrx_word' id='word_1_78' title='bbox 741 1552 786 1620; x_wconf 88' lang='lat' dir='ltr'><strong>ad</strong></span> <span class='ocrx_word' id='word_1_79' title='bbox 816 1559 989 1633; x_wconf 87' lang='lat' dir='ltr'><strong>naturam,</strong></span> <span class='ocrx_word' id='word_1_80' title='bbox 1019 1552 1079 1621; x_wconf 91' lang='lat' dir='ltr'><strong>alii</strong></span> <span class='ocrx_word' id='word_1_81' title='bbox 1110 1556 1155 1624; x_wconf 87' lang='lat' dir='ltr'><strong>ad</strong></span> 
     </span>
     <span class='ocr_line' id='line_1_12' title="bbox 103 1662 1154 1762; baseline 0.005 -28"><span class='ocrx_word' id='word_1_82' title='bbox 103 1664 302 1746; x_wconf 83' lang='lat' dir='ltr'><strong>seientiam,</strong></span> <span class='ocrx_word' id='word_1_83' title='bbox 319 1662 379 1733; x_wconf 86' lang='lat' dir='ltr'><strong>alii</strong></span> <span class='ocrx_word' id='word_1_84' title='bbox 400 1664 445 1733; x_wconf 86' lang='lat' dir='ltr'><strong>ad</strong></span> <span class='ocrx_word' id='word_1_85' title='bbox 469 1666 681 1756; x_wconf 78' lang='lat' dir='ltr'><strong>quarendos,</strong></span> <span class='ocrx_word' id='word_1_86' title='bbox 698 1663 759 1735; x_wconf 81' lang='lat' dir='ltr'><strong>alii</strong></span> <span class='ocrx_word' id='word_1_87' title='bbox 782 1665 827 1734; x_wconf 88' lang='lat' dir='ltr'><strong>ad</strong></span> <span class='ocrx_word' id='word_1_88' title='bbox 849 1665 1035 1759; x_wconf 82' lang='lat' dir='ltr'><strong>fugiendas</strong></span> <span class='ocrx_word' id='word_1_89' title='bbox 1058 1692 1154 1762; x_wconf 83' lang='lat' dir='ltr'><strong>opes,</strong></span> 
     </span>
     <span class='ocr_line' id='line_1_13' title="bbox 103 1778 1154 1873; baseline 0.006 -24"><span class='ocrx_word' id='word_1_90' title='bbox 103 1778 167 1849; x_wconf 85' lang='lat' dir='ltr'><strong>alii</strong></span> <span class='ocrx_word' id='word_1_91' title='bbox 184 1782 229 1850; x_wconf 85' lang='lat' dir='ltr'><strong>ad</strong></span> <span class='ocrx_word' id='word_1_92' title='bbox 248 1778 336 1849; x_wconf 95' lang='lat' dir='ltr'><strong>nihil</strong></span> <span class='ocrx_word' id='word_1_93' title='bbox 361 1779 562 1862; x_wconf 85' lang='lat' dir='ltr'><strong>dolendum,</strong></span> <span class='ocrx_word' id='word_1_94' title='bbox 580 1778 641 1850; x_wconf 88' lang='lat' dir='ltr'><strong>alii</strong></span> <span class='ocrx_word' id='word_1_95' title='bbox 664 1780 707 1850; x_wconf 90' lang='lat' dir='ltr'><strong>ad</strong></span> <span class='ocrx_word' id='word_1_96' title='bbox 731 1782 940 1873; x_wconf 86' lang='lat' dir='ltr'><strong>patientiam</strong></span> <span class='ocrx_word' id='word_1_97' title='bbox 960 1782 1154 1868; x_wconf 77' lang='lat' dir='ltr'><strong>malornm}</strong></span> 
     </span>
     <span class='ocr_line' id='line_1_14' title="bbox 103 1894 1155 1988; baseline 0.008 -25"><span class='ocrx_word' id='word_1_98' title='bbox 103 1894 295 1986; x_wconf 91' lang='lat' dir='ltr'><strong>inquibus</strong></span> <span class='ocrx_word' id='word_1_99' title='bbox 318 1896 490 1978; x_wconf 90' lang='lat' dir='ltr'><strong>omnibus,</strong></span> <span class='ocrx_word' id='word_1_100' title='bbox 509 1897 600 1966; x_wconf 87' lang='lat' dir='ltr'><strong>sicut</strong></span> <span class='ocrx_word' id='word_1_101' title='bbox 623 1898 783 1988; x_wconf 82' lang='lat' dir='ltr'><strong>superius</strong></span> <span class='ocrx_word' id='word_1_102' title='bbox 806 1896 955 1978; x_wconf 86' lang='lat' dir='ltr'><strong>ostendi,</strong></span> <span class='ocrx_word' id='word_1_103' title='bbox 971 1921 994 1967; x_wconf 87' lang='lat' dir='ltr'><strong>a</strong></span> <span class='ocrx_word' id='word_1_104' title='bbox 1019 1902 1155 1971; x_wconf 85' lang='lat' dir='ltr'><strong>ratione</strong></span> 
     </span>
     <span class='ocr_line' id='line_1_15' title="bbox 105 2009 726 2103; baseline 0.005 -24"><span class='ocrx_word' id='word_1_105' title='bbox 105 2010 297 2093; x_wconf 82' lang='lat' dir='ltr'><strong>declinant,</strong></span> <span class='ocrx_word' id='word_1_106' title='bbox 316 2012 399 2103; x_wconf 83' lang='lat' dir='ltr'><strong>quia</strong></span> <span class='ocrx_word' id='word_1_107' title='bbox 417 2009 536 2081; x_wconf 88' lang='lat' dir='ltr'><strong>Deum</strong></span> <span class='ocrx_word' id='word_1_108' title='bbox 553 2013 726 2082; x_wconf 79' lang='lat' dir='ltr'><strong>nesciunt.</strong></span> 
     </span>
    </p>
   </div>
   <div class='ocr_carea' id='block_1_4' title="bbox 469 2225 796 2297">
    <p class='ocr_par' dir='ltr' id='par_1_4' title="bbox 469 2225 796 2297">
     <span class='ocr_line' id='line_1_16' title="bbox 469 2225 796 2297; baseline -0.009 0"><span class='ocrx_word' id='word_1_109' title='bbox 469 2225 579 2297; x_wconf 87' lang='lat' dir='ltr'>CAP.</span> <span class='ocrx_word' id='word_1_110' title='bbox 606 2226 796 2297; x_wconf 92' lang='lat' dir='ltr'><strong>XXXIV.</strong></span> 
     </span>
    </p>
   </div>
   <div class='ocr_carea' id='block_1_5' title="bbox 107 2358 1159 4182">
    <p class='ocr_par' dir='ltr' id='par_1_5' title="bbox 107 2358 1159 4182">
     <span class='ocr_line' id='line_1_17' title="bbox 160 2358 1156 2453; baseline 0.002 -24"><span class='ocrx_word' id='word_1_111' title='bbox 160 2358 357 2429; x_wconf 81' lang='lat' dir='ltr'><strong>Videamus</strong></span> <span class='ocrx_word' id='word_1_112' title='bbox 390 2382 494 2441; x_wconf 85' lang='lat' dir='ltr'><strong>nnnc,</strong></span> <span class='ocrx_word' id='word_1_113' title='bbox 530 2360 624 2449; x_wconf 91' lang='lat' dir='ltr'><strong>quod</strong></span> <span class='ocrx_word' id='word_1_114' title='bbox 661 2360 765 2453; x_wconf 89' lang='lat' dir='ltr'><strong>[quid</strong></span> <span class='ocrx_word' id='word_1_115' title='bbox 800 2360 847 2429; x_wconf 91' lang='lat' dir='ltr'><strong>sit</strong></span> <span class='ocrx_word' id='word_1_116' title='bbox 882 2382 1060 2430; x_wconf 88' lang='lat' dir='ltr'><strong>summum</strong></span> <span class='ocrx_word' id='word_1_117' title='bbox 1094 2363 1156 2432; x_wconf 90' lang='lat' dir='ltr'><strong>bo-</strong></span> 
     </span>
     <span class='ocr_line' id='line_1_18' title="bbox 107 2472 1155 2569; baseline 0.001 -24"><span class='ocrx_word' id='word_1_118' title='bbox 107 2498 205 2557; x_wconf 91' lang='lat' dir='ltr'><strong>nnm,</strong></span> <span class='ocrx_word' id='word_1_119' title='bbox 238 2472 316 2568; x_wconf 76' lang='lat' dir='ltr'><strong>sor.</strong></span> <span class='ocrx_word' id='word_1_120' title='bbox 355 2472 427 2545; x_wconf 76' lang='lat' dir='ltr'><strong>laceo</strong></span> <span class='ocrx_word' id='word_1_121' title='bbox 462 2472 622 2565; x_wconf 71' lang='lat' dir='ltr'><strong>debendo]</strong></span> <span class='ocrx_word' id='word_1_122' title='bbox 666 2475 712 2545; x_wconf 90' lang='lat' dir='ltr'><strong>sit</strong></span> <span class='ocrx_word' id='word_1_123' title='bbox 745 2477 966 2567; x_wconf 84' lang='lat' dir='ltr'><strong>propositum</strong></span> <span class='ocrx_word' id='word_1_124' title='bbox 1006 2478 1155 2569; x_wconf 89' lang='lat' dir='ltr'><strong>sapienti</strong></span> 
     </span>
     <span class='ocr_line' id='line_1_19' title="bbox 107 2589 1156 2683; baseline 0.001 -21"><span class='ocrx_word' id='word_1_125' title='bbox 107 2612 288 2663; x_wconf 88' lang='lat' dir='ltr'><strong>summum</strong></span> <span class='ocrx_word' id='word_1_126' title='bbox 312 2589 456 2660; x_wconf 90' lang='lat' dir='ltr'><strong>honum.</strong></span> <span class='ocrx_word' id='word_1_127' title='bbox 508 2590 569 2660; x_wconf 89' lang='lat' dir='ltr'><strong>Ad</strong></span> <span class='ocrx_word' id='word_1_128' title='bbox 588 2592 768 2683; x_wconf 84' lang='lat' dir='ltr'><strong>justitiam</strong></span> <span class='ocrx_word' id='word_1_129' title='bbox 784 2593 881 2661; x_wconf 84' lang='lat' dir='ltr'><strong>nasei</strong></span> <span class='ocrx_word' id='word_1_130' title='bbox 902 2592 1063 2663; x_wconf 89' lang='lat' dir='ltr'><strong>homines</strong></span> <span class='ocrx_word' id='word_1_131' title='bbox 1083 2616 1156 2663; x_wconf 92' lang='lat' dir='ltr'><strong>non</strong></span> 
     </span>
     <span class='ocr_line' id='line_1_20' title="bbox 107 2705 1155 2802; baseline 0 -25"><span class='ocrx_word' id='word_1_132' title='bbox 107 2708 216 2777; x_wconf 87' lang='lat' dir='ltr'><strong>modo</strong></span> <span class='ocrx_word' id='word_1_133' title='bbox 241 2705 368 2775; x_wconf 86' lang='lat' dir='ltr'><strong>litterae</strong></span> <span class='ocrx_word' id='word_1_134' title='bbox 390 2728 494 2776; x_wconf 82' lang='lat' dir='ltr'><strong>saorae</strong></span> <span class='ocrx_word' id='word_1_135' title='bbox 521 2706 660 2790; x_wconf 84' lang='lat' dir='ltr'><strong>docent,</strong></span> <span class='ocrx_word' id='word_1_136' title='bbox 686 2730 809 2777; x_wconf 85' lang='lat' dir='ltr'><strong>vernm</strong></span> <span class='ocrx_word' id='word_1_137' title='bbox 835 2708 942 2777; x_wconf 88' lang='lat' dir='ltr'><strong>etiam</strong></span> <span class='ocrx_word' id='word_1_138' title='bbox 970 2708 1065 2779; x_wconf 89' lang='lat' dir='ltr'><strong>idem</strong></span> <span class='ocrx_word' id='word_1_139' title='bbox 1090 2710 1155 2802; x_wconf 84' lang='lat' dir='ltr'><strong>ipsi</strong></span> 
     </span>
     <span class='ocr_line' id='line_1_21' title="bbox 108 2821 1155 2916; baseline 0.005 -26"><span class='ocrx_word' id='word_1_140' title='bbox 108 2821 308 2916; x_wconf 90' lang='lat' dir='ltr'><strong>philosophi</strong></span> <span class='ocrx_word' id='word_1_141' title='bbox 338 2830 591 2913; x_wconf 80' lang='lat' dir='ltr'><strong>nonnunquam</strong></span> <span class='ocrx_word' id='word_1_142' title='bbox 617 2823 785 2893; x_wconf 85' lang='lat' dir='ltr'><strong>fatentur.</strong></span> <span class='ocrx_word' id='word_1_143' title='bbox 847 2822 972 2894; x_wconf 78' lang='lat' dir='ltr'><strong>Cicero</strong></span> <span class='ocrx_word' id='word_1_144' title='bbox 1001 2824 1052 2894; x_wconf 86' lang='lat' dir='ltr'><strong>sio</strong></span> <span class='ocrx_word' id='word_1_145' title='bbox 1085 2826 1155 2895; x_wconf 89' lang='lat' dir='ltr'><strong>ait:</strong></span> 
     </span>
     <span class='ocr_line' id='line_1_22' title="bbox 110 2935 1159 3031; baseline 0.002 -24"><span class='ocrx_word' id='word_1_146' title='bbox 110 2936 213 3031; x_wconf 81' lang='lat' dir='ltr'><strong>(Lag.</strong></span> <span class='ocrx_word' id='word_1_147' title='bbox 232 2937 261 3006; x_wconf 94' lang='grc' dir='ltr'><strong>Ι.</strong></span> <span class='ocrx_word' id='word_1_148' title='bbox 282 2941 355 3029; x_wconf 87' lang='grc'><strong>10.)</strong></span> <span class='ocrx_word' id='word_1_149' title='bbox 391 2935 752 3031; x_wconf 63' lang='lat' dir='ltr'><strong>Senonumque</strong></span> <span class='ocrx_word' id='word_1_150' title='bbox 778 2937 816 3006; x_wconf 81' lang='lat' dir='ltr'><strong>in</strong></span> <span class='ocrx_word' id='word_1_151' title='bbox 846 2938 1023 3009; x_wconf 80' lang='lat' dir='ltr'><strong>doetomm</strong></span> <span class='ocrx_word' id='word_1_152' title='bbox 1048 2935 1159 3008; x_wconf 77' lang='lat' dir='ltr'><strong>homi·</strong></span> 
     </span>
     <span class='ocr_line' id='line_1_23' title="bbox 109 3050 1158 3149; baseline 0.001 -26"><span class='ocrx_word' id='word_1_153' title='bbox 109 3076 192 3123; x_wconf 81' lang='lat' dir='ltr'><strong>uum</strong></span> <span class='ocrx_word' id='word_1_154' title='bbox 222 3051 454 3146; x_wconf 73' lang='lat' dir='ltr'><strong>disputatione</strong></span> <span class='ocrx_word' id='word_1_155' title='bbox 482 3062 672 3135; x_wconf 72' lang='lat' dir='ltr'><strong>versantur,</strong></span> <span class='ocrx_word' id='word_1_156' title='bbox 699 3050 793 3123; x_wconf 76' lang='lat' dir='ltr'><strong>nihil</strong></span> <span class='ocrx_word' id='word_1_157' title='bbox 813 3063 861 3124; x_wconf 80' lang='lat' dir='ltr'><strong>est</strong></span> <span class='ocrx_word' id='word_1_158' title='bbox 885 3053 1042 3149; x_wconf 66' lang='lat' dir='ltr'><strong>prcffeoto</strong></span> <span class='ocrx_word' id='word_1_159' title='bbox 1062 3078 1158 3148; x_wconf 76' lang='lat' dir='ltr'><strong>prco-</strong></span> 
     </span>
     <span class='ocr_line' id='line_1_24' title="bbox 109 3166 1158 3265; baseline 0.001 -26"><span class='ocrx_word' id='word_1_160' title='bbox 109 3166 274 3251; x_wconf 75' lang='lat' dir='ltr'><strong>stabilius,</strong></span> <span class='ocrx_word' id='word_1_161' title='bbox 301 3192 403 3263; x_wconf 83' lang='lat' dir='ltr'><strong>quom</strong></span> <span class='ocrx_word' id='word_1_162' title='bbox 423 3166 530 3263; x_wconf 78' lang='lat' dir='ltr'><strong>plane</strong></span> <span class='ocrx_word' id='word_1_163' title='bbox 555 3166 702 3265; x_wconf 72' lang='lat' dir='ltr'><strong>iutellipi</strong></span> <span class='ocrx_word' id='word_1_164' title='bbox 727 3192 790 3238; x_wconf 79' lang='lat' dir='ltr'><strong>nos</strong></span> <span class='ocrx_word' id='word_1_165' title='bbox 815 3168 863 3238; x_wconf 84' lang='lat' dir='ltr'><strong>od</strong></span> <span class='ocrx_word' id='word_1_166' title='bbox 880 3169 1058 3261; x_wconf 69' lang='lat' dir='ltr'><strong>justitiam</strong></span> <span class='ocrx_word' id='word_1_167' title='bbox 1087 3194 1158 3240; x_wconf 79' lang='lat' dir='ltr'><strong>esse</strong></span> 
     </span>
     <span class='ocr_line' id='line_1_25' title="bbox 110 3283 1157 3356; baseline 0.001 -1"><span class='ocrx_word' id='word_1_168' title='bbox 110 3294 218 3355; x_wconf 77' lang='lat' dir='ltr'><strong>natos.</strong></span> <span class='ocrx_word' id='word_1_169' title='bbox 271 3284 335 3354; x_wconf 86' lang='lat' dir='ltr'><strong>Est</strong></span> <span class='ocrx_word' id='word_1_170' title='bbox 361 3283 429 3354; x_wconf 87' lang='lat' dir='ltr'><strong>hoe</strong></span> <span class='ocrx_word' id='word_1_171' title='bbox 456 3286 688 3355; x_wconf 84' lang='lat' dir='ltr'><strong>verissimum.</strong></span> <span class='ocrx_word' id='word_1_172' title='bbox 737 3284 818 3354; x_wconf 87' lang='lat' dir='ltr'><strong>Neo</strong></span> <span class='ocrx_word' id='word_1_173' title='bbox 843 3286 939 3355; x_wconf 90' lang='lat' dir='ltr'><strong>enim</strong></span> <span class='ocrx_word' id='word_1_174' title='bbox 968 3287 1013 3355; x_wconf 85' lang='lat' dir='ltr'><strong>ad</strong></span> <span class='ocrx_word' id='word_1_175' title='bbox 1044 3285 1157 3356; x_wconf 77' lang='lat' dir='ltr'><strong>scelus</strong></span> 
     </span>
     <span class='ocr_line' id='line_1_26' title="bbox 111 3398 1157 3491; baseline -0.003 -20"><span class='ocrx_word' id='word_1_176' title='bbox 111 3401 307 3482; x_wconf 85' lang='lat' dir='ltr'><strong>nascimnr;</strong></span> <span class='ocrx_word' id='word_1_177' title='bbox 342 3422 423 3469; x_wconf 89' lang='lat' dir='ltr'><strong>oum</strong></span> <span class='ocrx_word' id='word_1_178' title='bbox 460 3400 569 3469; x_wconf 87' lang='lat' dir='ltr'><strong>simus</strong></span> <span class='ocrx_word' id='word_1_179' title='bbox 603 3398 734 3470; x_wconf 87' lang='lat' dir='ltr'><strong>animal</strong></span> <span class='ocrx_word' id='word_1_180' title='bbox 766 3399 895 3470; x_wconf 82' lang='lat' dir='ltr'><strong>sociale</strong></span> <span class='ocrx_word' id='word_1_181' title='bbox 924 3410 1032 3491; x_wconf 89' lang='lat' dir='ltr'><strong>atque</strong></span> <span class='ocrx_word' id='word_1_182' title='bbox 1061 3422 1157 3469; x_wconf 89' lang='lat' dir='ltr'><strong>oom-</strong></span> 
     </span>
     <span class='ocr_line' id='line_1_27' title="bbox 112 3513 1156 3609; baseline -0.001 -24"><span class='ocrx_word' id='word_1_183' title='bbox 112 3538 228 3585; x_wconf 88' lang='lat' dir='ltr'><strong>mnne.</strong></span> <span class='ocrx_word' id='word_1_184' title='bbox 280 3515 378 3585; x_wconf 87' lang='lat' dir='ltr'><strong>Ferae</strong></span> <span class='ocrx_word' id='word_1_185' title='bbox 405 3515 450 3584; x_wconf 90' lang='lat' dir='ltr'><strong>ad</strong></span> <span class='ocrx_word' id='word_1_186' title='bbox 480 3516 651 3585; x_wconf 82' lang='lat' dir='ltr'><strong>saevitiam</strong></span> <span class='ocrx_word' id='word_1_187' title='bbox 678 3516 895 3609; x_wconf 81' lang='lat' dir='ltr'><strong>gignuntnr;</strong></span> <span class='ocrx_word' id='word_1_188' title='bbox 931 3513 1035 3584; x_wconf 80' lang='lat' dir='ltr'><strong>aliter</strong></span> <span class='ocrx_word' id='word_1_189' title='bbox 1060 3516 1156 3585; x_wconf 89' lang='lat' dir='ltr'><strong>enim</strong></span> 
     </span>
     <span class='ocr_line' id='line_1_28' title="bbox 112 3628 1157 3723; baseline 0 -26"><span class='ocrx_word' id='word_1_190' title='bbox 112 3640 291 3719; x_wconf 85' lang='lat' dir='ltr'><strong>nequeunt</strong></span> <span class='ocrx_word' id='word_1_191' title='bbox 317 3653 422 3721; x_wconf 86' lang='lat' dir='ltr'><strong>quam</strong></span> <span class='ocrx_word' id='word_1_192' title='bbox 448 3630 569 3721; x_wconf 88' lang='lat' dir='ltr'><strong>praeda</strong></span> <span class='ocrx_word' id='word_1_193' title='bbox 594 3638 632 3698; x_wconf 89' lang='lat' dir='ltr'><strong>et</strong></span> <span class='ocrx_word' id='word_1_194' title='bbox 656 3631 828 3723; x_wconf 83' lang='lat' dir='ltr'><strong>sanguine</strong></span> <span class='ocrx_word' id='word_1_195' title='bbox 855 3630 1028 3699; x_wconf 83' lang='lat' dir='ltr'><strong>victitare.</strong></span> <span class='ocrx_word' id='word_1_196' title='bbox 1080 3628 1157 3697; x_wconf 85' lang='lat' dir='ltr'><strong>Eae-</strong></span> 
     </span>
     <span class='ocr_line' id='line_1_29' title="bbox 113 3740 1157 3837; baseline -0.003 -23"><span class='ocrx_word' id='word_1_197' title='bbox 113 3744 192 3814; x_wconf 87' lang='lat' dir='ltr'><strong>dem</strong></span> <span class='ocrx_word' id='word_1_198' title='bbox 218 3752 349 3827; x_wconf 87' lang='lat' dir='ltr'><strong>tamen,</strong></span> <span class='ocrx_word' id='word_1_199' title='bbox 377 3745 443 3814; x_wconf 88' lang='lat' dir='ltr'><strong>etsi</strong></span> <span class='ocrx_word' id='word_1_200' title='bbox 472 3744 599 3813; x_wconf 84' lang='lat' dir='ltr'><strong>ultima</strong></span> <span class='ocrx_word' id='word_1_201' title='bbox 627 3744 739 3813; x_wconf 86' lang='lat' dir='ltr'><strong>fames</strong></span> <span class='ocrx_word' id='word_1_202' title='bbox 763 3752 898 3837; x_wconf 84' lang='lat' dir='ltr'><strong>urgeat,</strong></span> <span class='ocrx_word' id='word_1_203' title='bbox 929 3740 1157 3811; x_wconf 89' lang='lat' dir='ltr'><strong>nihilominus</strong></span> 
     </span>
     <span class='ocr_line' id='line_1_30' title="bbox 112 3855 1157 3953; baseline -0.004 -24"><span class='ocrx_word' id='word_1_204' title='bbox 112 3860 248 3953; x_wconf 82' lang='lat' dir='ltr'><strong>generis</strong></span> <span class='ocrx_word' id='word_1_205' title='bbox 277 3863 330 3930; x_wconf 90' lang='lat' dir='ltr'><strong>sui</strong></span> <span class='ocrx_word' id='word_1_206' title='bbox 365 3858 575 3930; x_wconf 80' lang='lat' dir='ltr'><strong>animalibus</strong></span> <span class='ocrx_word' id='word_1_207' title='bbox 608 3869 768 3952; x_wconf 87' lang='lat' dir='ltr'><strong>pareunt.</strong></span> <span class='ocrx_word' id='word_1_208' title='bbox 821 3858 924 3929; x_wconf 90' lang='lat' dir='ltr'><strong>Idem</strong></span> <span class='ocrx_word' id='word_1_209' title='bbox 958 3855 1094 3927; x_wconf 82' lang='lat' dir='ltr'><strong>faciunt</strong></span> <span class='ocrx_word' id='word_1_210' title='bbox 1120 3863 1157 3925; x_wconf 89' lang='lat' dir='ltr'><strong>et</strong></span> 
     </span>
     <span class='ocr_line' id='line_1_31' title="bbox 112 3974 1157 4069; baseline -0.003 -25"><span class='ocrx_word' id='word_1_211' title='bbox 112 3997 202 4057; x_wconf 88' lang='lat' dir='ltr'><strong>aves,</strong></span> <span class='ocrx_word' id='word_1_212' title='bbox 237 3996 323 4067; x_wconf 88' lang='lat' dir='ltr'><strong>quas</strong></span> <span class='ocrx_word' id='word_1_213' title='bbox 358 3974 508 4045; x_wconf 87' lang='lat' dir='ltr'><strong>aliorum</strong></span> <span class='ocrx_word' id='word_1_214' title='bbox 546 3975 737 4045; x_wconf 79' lang='lat' dir='ltr'><strong>viscoribus</strong></span> <span class='ocrx_word' id='word_1_215' title='bbox 779 3977 874 4069; x_wconf 86' lang='lat' dir='ltr'><strong>pasoi</strong></span> <span class='ocrx_word' id='word_1_216' title='bbox 914 3983 1058 4044; x_wconf 81' lang='lat' dir='ltr'><strong>neeesse</strong></span> <span class='ocrx_word' id='word_1_217' title='bbox 1091 3980 1157 4041; x_wconf 86' lang='lat' dir='ltr'><strong>est.</strong></span> 
     </span>
     <span class='ocr_line' id='line_1_32' title="bbox 114 4088 1159 4182; baseline -0.004 -23"><span class='ocrx_word' id='word_1_218' title='bbox 114 4089 254 4172; x_wconf 87' lang='lat' dir='ltr'><strong>Quanto</strong></span> <span class='ocrx_word' id='word_1_219' title='bbox 274 4091 386 4182; x_wconf 88' lang='lat' dir='ltr'><strong>magis</strong></span> <span class='ocrx_word' id='word_1_220' title='bbox 410 4088 602 4171; x_wconf 89' lang='lat' dir='ltr'><strong>hominem,</strong></span> <span class='ocrx_word' id='word_1_221' title='bbox 626 4090 687 4180; x_wconf 91' lang='lat' dir='ltr'><strong>qni</strong></span> <span class='ocrx_word' id='word_1_222' title='bbox 715 4113 797 4160; x_wconf 90' lang='lat' dir='ltr'><strong>oum</strong></span> <span class='ocrx_word' id='word_1_223' title='bbox 824 4088 969 4159; x_wconf 87' lang='lat' dir='ltr'><strong>homine</strong></span> <span class='ocrx_word' id='word_1_224' title='bbox 996 4095 1035 4157; x_wconf 88' lang='lat' dir='ltr'><strong>et</strong></span> <span class='ocrx_word' id='word_1_225' title='bbox 1062 4108 1159 4156; x_wconf 89' lang='lat' dir='ltr'><strong>oom-</strong></span> 
     </span>
    </p>
   </div>
   <div class='ocr_carea' id='block_1_6' title="bbox 114 4200 1159 4383">
    <p class='ocr_par' dir='ltr' id='par_1_6' title="bbox 114 4200 1159 4383">
     <span class='ocr_line' id='line_1_33' title="bbox 114 4200 1159 4297; baseline -0.003 -24"><span class='ocrx_word' id='word_1_226' title='bbox 114 4205 242 4275; x_wconf 88' lang='lat' dir='ltr'><strong>moroio</strong></span> <span class='ocrx_word' id='word_1_227' title='bbox 259 4204 397 4297; x_wconf 75' lang='lat' dir='ltr'><strong>lingna,</strong></span> <span class='ocrx_word' id='word_1_228' title='bbox 415 4214 454 4274; x_wconf 85' lang='lat' dir='ltr'><strong>et</strong></span> <span class='ocrx_word' id='word_1_229' title='bbox 475 4203 723 4274; x_wconf 78' lang='lat' dir='ltr'><strong>communione</strong></span> <span class='ocrx_word' id='word_1_230' title='bbox 746 4223 868 4275; x_wconf 87' lang='lat' dir='ltr'><strong>sensus</strong></span> <span class='ocrx_word' id='word_1_231' title='bbox 888 4200 1073 4294; x_wconf 81' lang='lat' dir='ltr'><strong>copulatus</strong></span> <span class='ocrx_word' id='word_1_232' title='bbox 1093 4208 1159 4283; x_wconf 85' lang='lat' dir='ltr'><strong>est.</strong></span> 
     </span>
     <span class='ocr_line' id='line_1_34' title="bbox 592 4334 684 4383; baseline 0.054 -6"><span class='ocrx_word' id='word_1_233' title='bbox 592 4336 648 4378; x_wconf 84' lang='lat' dir='ltr'><strong>uu</strong></span> <span class='ocrx_word' id='word_1_234' title='bbox 666 4334 684 4383; x_wconf 72' lang='grc' dir='ltr'>ι</span> 
     </span>
    </p>
   </div>
   <div class='ocr_carea' id='block_1_7' title="bbox 0 0 1454 4817">
    <p class='ocr_par' dir='ltr' id='par_1_7' title="bbox 0 0 1454 4817">
     <span class='ocr_line' id='line_1_35' title="bbox 0 0 1454 4817; baseline 0 0"><span class='ocrx_word' id='word_1_235' title='bbox 0 0 1454 4817; x_wconf 95' lang='lat' dir='ltr'><strong> </strong></span> 
     </span>
    </p>
   </div>
  </div>
 </body>
</html>
