2867 4817
376 860 889 965 Luc-TANTJUS.

502 1104 781 1153 ...φ-.-

122 1290 160 1362 S.
177 1288 441 1393 Hmnouxuos,
466 1286 543 1358 Lib.
567 1286 623 1359 Dc
655 1285 751 1357 Viris
773 1285 988 1372 Illustrdbrto,
1011 1288 1161 1359 clxxx.

386 1429 465 1500 pag.
478 1403 550 1476 165
562 1412 593 1487 *,
611 1404 694 1475 edit.
714 1403 894 1475 Funmcu.

125 1558 468 1713 FIRMIANUS,
494 1564 554 1657 qui
580 1570 618 1635 et
643 1562 888 1649 Lucraumus,
916 1565 1066 1637 Aruobii
1095 1568 1165 1637 dis-

221 1680 358 1775 cipulus
387 1680 452 1751 sub
482 1678 704 1751 Diocletiano
734 1682 891 1775 principe
920 1685 1052 1753 accitus
1082 1705 1164 1752 curu

125 1799 248 1870 Flavio
276 1798 516 1891 grammatico,
551 1796 650 1891 eujus
684 1798 729 1868 de
758 1796 1033 1870 Mediciualibus
1063 1820 1164 1868 versu

127 1913 312 2008 compositi
330 1920 455 1983 extant
468 1912 558 1995 libri,
573 1912 793 1985 Nicomedia
804 1915 1016 1986 rhetoricam
1034 1916 1165 1998 docuit,

126 2046 164 2109 et
189 2035 335 2130 penuria
361 2032 622 2127 discipulorum,
639 2032 685 2103 ob
709 2031 869 2104 Graecam
893 2035 1058 2106 videlicet
1083 2034 1167 2104 civi·

125 2162 250 2234 tatem,
271 2152 316 2223 ad
341 2149 563 2221 scribendum
588 2174 626 2222 se
651 2150 812 2221 contulit.
864 2150 1049 2223 Habemus
1071 2152 1167 2221 euim

125 2272 202 2361 ejus
219 2268 453 2362 Symposium,
471 2267 564 2359 quod
581 2266 863 2339 adolescentulus
876 2268 1023 2361 scripsit,
1035 2265 1169 2363 “Odor-

126 2382 264 2482 πορικόν
298 2385 343 2455 de
375 2380 499 2455 Africa
526 2407 637 2477 nsque
671 2382 920 2456 Nicomediam
954 2385 1169 2483 hexametris

128 2503 298 2595 scriptum
323 2502 490 2583 versibus,
517 2510 554 2572 et
583 2501 692 2572 alium
722 2501 851 2573 librum
881 2504 942 2596 qui
968 2501 1169 2572 inscribitur

129 2618 400 2701 Grammaticus,
418 2627 455 2689 et
471 2617 747 2711 pulcherrimum
764 2618 822 2690 De
839 2620 898 2691 Ira
915 2618 994 2701 Dei,
1008 2628 1046 2689 et
1063 2618 1170 2689 Iusti-

129 2734 309 2805 tutiouum
340 2732 549 2805 Divinarum
578 2733 764 2806 adversum
795 2734 932 2808 Gentes
960 2734 1068 2805 libros
1093 2756 1170 2826 sep—

129 2862 215 2934 tem,
232 2860 270 2922 et
292 2849 482 2935 Ἐπιτομὴν
505 2850 661 2944 ejusdem
684 2854 797 2946 operis
823 2852 859 2921 iu
884 2851 973 2922 libro
996 2873 1067 2920 uuo
1092 2874 1171 2921 aoe-

129 2964 274 3061 phalol,
300 2970 407 3039 etad
433 2968 682 3061 Asclepiadem
708 2968 815 3039 libros
842 2969 955 3039 duos⁰
967 2992 976 3052 ;
1003 2966 1060 3038 De
1086 2966 1171 3038 Per-

131 3085 313 3154 secutioue
340 3082 470 3156 libmm
504 3107 625 3168 unum,
654 3084 715 3156 Ad
746 3084 902 3156 Probum
932 3082 1171 3177 Epistularum

131 3200 238 3273 libros
254 3211 414 3295 quatuor,
432 3201 493 3273 Ad
511 3200 681 3274 Severum
699 3202 935 3295 Epistolarum
953 3201 1059 3271 libros
1073 3201 1170 3282 duos,

133 3317 195 3389 Ad
209 3318 478 3391 Demetriunum
488 3320 684 3391 auditorem
698 3341 801 3390 suurn
814 3316 1051 3411 Epistolarum
1064 3316 1171 3389 libros

133 3436 232 3521 duos,
258 3432 342 3508 “Ad
365 3438 517 3509 eundem
540 3438 586 3509 de
609 3436 759 3531 Opifioio
783 3435 862 3519 Dei,
879 3435 936 3507 vel
962 3435 1171 3506 formatione

132 3552 295 3639 hominis,
313 3553 442 3626 librum
459 3576 580 3625 uuum.
620 3551 691 3624 Hic
708 3560 869 3625 extrema
885 3560 989 3623 aetate
1005 3554 1173 3647 magister

134 3667 279 3741 Coesaris
309 3670 423 3765 Crispi
452 3670 515 3741 filii
541 3669 775 3753 Constantini,
801 3671 839 3739 in
865 3668 981 3741 Gallia
1008 3670 1085 3752 fuit,
1111 3671 1172 3761 qui

100 3780 105 3793 '
134 3795 257 3880 postea
273 3809 294 3858 a
309 3794 410 3880 patre
426 3787 632 3857 interiectus
649 3794 703 3856 eat
715 3794 739 3854 ⁰.

430 3986 517 4047 Joao.
534 3986 643 4045 Altero
657 3986 789 4045 Fabricii
802 3996 880 4047 nota.

178 4084 392 4165 ⁸Sympouinm
411 4084 465 4144 hoc
486 4104 545 4144 uua
564 4105 631 4144 oum
653 4083 850 4164 Hodoeporico
866 4096 897 4145 et
916 4085 1111 4145 Grammatico
1128 4085 1174 4143 in.

135 4180 261 4242 tereidit.
298 4178 439 4256 (Centum
453 4182 570 4261 quidem
582 4180 801 4263 Epigrammata
812 4182 990 4263 enigmatica
1002 4192 1110 4251 vetera,
1122 4181 1174 4240 diu

136 4278 191 4337 sub
205 4276 351 4358 Symposii
365 4290 458 4359 poete
472 4279 588 4352 nomine
598 4279 775 4351 circumlata,
783 4290 919 4359 tauquam
930 4280 1074 4340 Lactantii
1088 4278 1174 4359 Sym.
