2867 4817
455 328 603 393 LIBER
625 325 821 392 PRIMUS.
1099 324 1167 395 297

119 504 285 577 habenda
307 526 384 575 esse
407 504 629 575 communia:
658 504 827 597 quicum
856 500 973 594 pueris
1001 500 1163 573 cubitant

121 623 283 694 formosis
304 621 565 693 lascivientibus
587 620 710 691 nudis:
738 618 797 711 qui
818 618 971 712 pecudes
993 640 1056 689 vos
1075 641 1162 702 esse,

121 740 183 832 qui
208 740 385 833 fugitivos,
406 738 466 831 qui
492 736 626 821 exules,
643 738 703 829 qui
728 734 904 806 vilissime
925 756 1043 806 servos
1058 745 1162 819 notae,

120 857 270 928 firriosos
302 856 493 948 praedicant
526 862 564 925 et
596 852 757 923 insanos:
803 852 1027 936 admirantes,
1064 852 1164 947 plau-

121 974 247 1045 dentes
282 972 327 1045 ad
363 972 443 1043 coeli
473 968 656 1042 sustollitis
689 969 835 1063 sydera:
869 969 1162 1042 bibliothecarum

120 1092 291 1184 reponitis
323 1092 360 1160 in
393 1089 546 1160 arcanis:
597 1086 775 1181 quadrigis
807 1095 846 1157 et
881 1088 1007 1158 statuis
1039 1110 1164 1159 mune·-

120 1208 257 1290 ramini,
293 1216 332 1277 ct
368 1213 540 1298 quantum
578 1213 633 1275 est
667 1204 704 1273 in
739 1202 839 1274 robis
876 1202 975 1274 velut
1011 1206 1163 1297 quadam

121 1320 319 1396 aeternitate
353 1324 491 1394 donatis
517 1321 771 1393 immortalium
799 1320 1049 1393 testificatione
1077 1324 1165 1394 titu·
1250 1412 1253 1415 ‚

119 1440 256 1514 lorum:
286 1440 401 1512 solum
426 1438 606 1511 Christum
632 1437 840 1521 convellere,
863 1437 1062 1524 dilacerare,
1088 1439 1165 1534 (po-

121 1560 224 1631 testis
253 1560 282 1630 si
310 1556 457 1650 Deum)
487 1555 604 1639 vultis,
633 1556 744 1624 immo
773 1552 888 1625 solum
917 1555 947 1626 si
971 1554 1077 1628 liceat
1101 1558 1165 1629 be-

121 1674 261 1745 luarum
301 1674 493 1767 agrestium
530 1672 601 1743 ritu
639 1672 794 1742 cruentis
831 1670 950 1741 oribus
987 1674 1163 1757 mandere,

122 1792 348 1863 comminutis
387 1812 469 1861 curn
511 1790 647 1861 ossibus
685 1795 927 1860 transvorare:
985 1791 1163 1883 quodnam

121 1911 268 2007 (quaeso)
285 1907 332 1978 ob
347 1908 515 1977 meritum
536 1906 652 1988 dicite,
670 1906 771 1998 cujus
792 1905 839 1976 ob
858 1908 996 1998 peccati
1012 1907 1162 2001 culpam,

121 2026 207 2119 quid
236 2024 281 2097 ab
308 2047 352 2096 co
381 2026 607 2095 commissum
637 2030 701 2106 est,
731 2022 826 2115 quod
855 2033 1015 2095 tenorem
1045 2026 1164 2098 inflec-

121 2149 216 2215 teret
236 2143 334 2225 recti,
358 2149 396 2212 et
420 2143 458 2211 in
480 2139 561 2211 odia
580 2161 642 2211 vos
666 2160 790 2231 aspera
809 2139 992 2211 iirrialibus
1012 2142 1164 2215 stimulis

121 2257 337 2330 concitaret?
367 2259 450 2350 quia
474 2257 668 2327 animarum
694 2264 888 2327 vestramm
914 2259 1098 2329 custodem
1126 2279 1165 2332 se

122 2376 267 2446 missum
293 2372 367 2445 solo
396 2372 565 2443 indicavit
593 2374 638 2443 ab
667 2395 761 2466 rege,
786 2374 869 2466 quia
893 2374 992 2446 vobis
1021 2377 1165 2448 immor·

121 2490 299 2562 talitatem
322 2490 422 2573 ferre,
440 2512 545 2583 quam
569 2512 631 2561 vos
652 2486 783 2560 habere
803 2490 979 2563 confiditis
1001 2493 1163 2565 humanis

121 2630 314 2701 paucorum
350 2606 663 2679 asseverationibus
703 2607 805 2678 suasi.
870 2607 974 2692 Quod
1007 2612 1036 2681 si
1070 2620 1164 2684 esset

121 2725 215 2817 apud
233 2744 295 2794 vos
311 2730 448 2794 certum
464 2722 552 2794 falsa
567 2721 668 2792 illum
685 2723 812 2807 dicere,
829 2747 908 2817 spes
925 2728 1032 2797 etiam
1050 2730 1165 2799 vanis-

122 2844 228 2913 simas
256 2839 435 2933 polliceri3
469 2856 535 2910 nec
570 2839 620 2909 sic
650 2839 753 2911 video
782 2840 890 2912 fnisse
919 2866 1070 2928 cansam,
1100 2868 1165 2916 cur

122 2982 205 3033 eum
239 2956 414 3029 deberetis
446 2952 571 3040 odisse,
605 2978 669 3026 cur
704 2956 823 3028 hostili
862 2960 1164 3033 animadversione

121 3072 309 3156 damnare:
335 3073 454 3156 immo,
472 3074 500 3143 si
523 3074 661 3144 animus
681 3074 782 3146 vobis
798 3074 953 3147 clemens
975 3078 1108 3161 brisset,
1125 3086 1164 3149 et

121 3191 229 3273 mitis,
245 3188 303 3260 vel
324 3196 469 3283 propter
491 3190 527 3260 id
550 3189 663 3261 solum
688 3211 770 3261 euru
788 3191 963 3263 deberetis
985 3193 1163 3287 amplecti,
1215 3191 1218 3197 ’

117 3305 219 3399 quod
243 3304 414 3398 optabilia
442 3306 541 3377 vobis
570 3307 759 3399 sponderet
784 3317 822 3378 et
850 3330 1034 3401 prospera:
1069 3310 1163 3402 quod

122 3422 295 3493 bonarum
321 3430 413 3493 esset
438 3424 588 3493 nuncius
603 3442 742 3495 rerum:
767 3425 860 3516 quod
884 3447 928 3494 ea
949 3426 1163 3516 predicaret,

123 3562 201 3633 quae
226 3537 359 3610 nullius
388 3540 544 3610 animum
575 3536 763 3611 laederent:
794 3538 976 3611 securioris
1005 3542 1163 3635 quinimo

122 3657 379 3750 expectationis
395 3653 559 3748 impleret
577 3653 668 3750 (sor.
685 3654 884 3749 implerent,
904 3654 1024 3752 orett)

175 3771 295 3843 LXV.
314 3770 347 3841 Ο
364 3771 542 3871 ingratum
565 3778 603 3841 et
622 3774 771 3866 impium
793 3772 969 3855 saeculum,
987 3771 1010 3841 ὃ
1031 3773 1068 3843 in
1093 3777 1164 3867 pri'·

122 3900 242 3963 ratam
278 3889 470 3982 perniciem
509 3888 705 3959 incredibili
744 3889 896 3981 pectoris
927 3889 1164 3961 obstinatione

121 4006 294 4099 pronum!
330 4005 370 4077 Si
398 4004 524 4097 aliquis
547 4006 595 4075 ad
625 4026 686 4077 vos
715 4005 874 4076 medicus
902 4027 948 4075 ex
978 4008 1165 4079 summotis

121 4123 275 4195 venisset
291 4132 330 4193 et
345 4144 526 4216 nunquam
543 4121 642 4193 vobis
658 4122 859 4216 regionibus
875 4120 1035 4213 cognitis,
1051 4124 1165 4197 media
