2867 4817
233 1046 286 1142 S.
319 1042 631 1147 CAECILII
660 1043 1040 1145 CYPRIANI

584 1298 688 1343 menn

152 1478 246 1563 DE
276 1478 490 1565 OPERE
519 1480 605 1567 ET
634 1480 1111 1568 ELEEMOSYNIS.

519 1728 739 1760 ..ἡ-..-

105 1906 137 1979 I.
155 1904 398 2059 MULTA
415 1914 454 1979 et
469 1930 599 2003 magna
610 1917 705 1992 sunt,
718 1908 844 1979 fratres
857 1908 1037 1993 carissimi,
1052 1909 1162 1980 bene-

77 2038 94 2099 5
276 2025 358 2097 ficia
374 2024 503 2107 divina,
526 2025 653 2119 quibus
676 2026 714 2096 in
733 2024 886 2096 salutem
908 2035 1066 2098 nostram
1088 2025 1159 2097 Dei

105 2138 227 2211 Patris
241 2148 279 2211 et
291 2140 425 2212 Christi
442 2140 540 2235 larga
551 2150 589 2211 et
600 2141 743 2234 copiosa
758 2140 950 2213 clementia
961 2150 1000 2213 et
1016 2152 1161 2238 operata

104 2260 151 2330 sit
167 2268 210 2331 et
233 2282 373 2353 semper
396 2268 582 2352 operetur3
610 2259 705 2351 quod
722 2261 968 2331 conservandis
990 2285 1033 2333 ae
1049 2262 1163 2333 vivifi-

105 2376 232 2447 candis
262 2378 363 2448 nobis
394 2375 505 2447 Pater
532 2375 665 2447 Filium
697 2377 808 2460 misit,
835 2386 878 2447 ut
906 2400 1068 2471 reparare
1095 2400 1161 2448 nos

104 2502 239 2587 posset,
263 2494 427 2587 quodque
448 2492 560 2563 Filius
583 2493 710 2564 missus
735 2516 813 2564 esse
835 2503 874 2566 et
895 2494 1048 2566 hominis
1067 2493 1161 2566 filius

65 2611 183 2683 10fieri
201 2609 318 2681 voluit
334 2618 376 2681 ιιι
397 2633 463 2681 nos
487 2608 557 2681 Dei
573 2609 665 2681 filios
685 2611 829 2682 faceret.
882 2610 1096 2682 Humiliavit
1112 2634 1160 2697 se,

105 2736 148 2798 ιιι
173 2725 349 2821 populum
371 2728 432 2818 qui
455 2726 551 2820 prius
568 2726 714 2819 jacebat
736 2728 900 2821 erigeret.
941 2726 1163 2799 Vulneratus

106 2854 173 2928 est,
191 2852 237 2913 ut
254 2842 399 2913 vulnera
415 2851 536 2914 nostra
552 2852 703 2941 curaret.
753 2842 918 2927 Servivit,
935 2853 978 2914 ut
993 2845 1039 2915 ad
1056 2843 1161 2915 liber-

107 2968 225 3030 tatem
242 2958 434 3029 servientes
456 2956 671 3028 extraheret.
723 2955 821 3028 Mori
844 2958 1021 3040 sustinuit,
1038 2966 1080 3027 ut
1095 2959 1163 3028 im-

107 3071 367 3146 mortalitatem
383 3071 592 3143 mortalibus
609 3072 806 3143 exhiberet.
845 3071 968 3144 Multa
982 3072 1062 3143 haec
1079 3081 1163 3144 sunt

66 3200 147 3283 15et
169 3211 303 3282 magne
324 3189 450 3259 divine
472 3188 723 3261 misericordia
745 3211 903 3259 munera.
950 3188 1023 3260 Sed
1046 3188 1162 3261 adhuc

108 3306 226 3401 qualis
241 3307 464 3399 providentia
486 3304 548 3376 illa
563 3314 601 3377 et
624 3314 758 3398 quanta
778 3305 970 3378 clementia
985 3314 1051 3391 est,
1068 3308 1163 3401 quod

109 3424 215 3495 nobis
237 3422 381 3495 salutmi
403 3423 540 3493 ratione
564 3423 786 3516 prospicitur,
802 3431 846 3494 ut
869 3423 1005 3494 homini
1025 3426 1086 3518 qui
1108 3448 1165 3496 re·

110 3538 280 3632 demptus
309 3546 374 3621 est,
400 3538 610 3610 reservando
637 3537 776 3631 plenius
805 3538 1029 3609 consulatur!
1065 3539 1163 3611 Nam

110 3678 194 3725 cnm
229 3652 405 3724 Dominus
434 3654 625 3725 adveniens
653 3663 811 3725 sanasset
839 3654 912 3731 illa,
927 3678 1010 3747 quae
1042 3653 1164 3725 Adam

67 3798 102 3841 ao
111 3778 315 3865 portaverat
340 3768 496 3854 vvrlnere,
514 3779 551 3841 et
574 3794 710 3842 venena
735 3772 907 3864 serpentis
930 3773 1077 3865 antiqua
1101 3796 1164 3843 cu·

111 3896 234 3969 resset,
258 3886 375 3981 legem
402 3888 501 3958 dedit
526 3909 621 3971 sano,
645 3898 682 3959 et
708 3888 880 3981 praecepit
904 3912 951 3960 ne
972 3888 1068 3959 ultra
1086 3889 1281 3981 jamrmv.

113 4014 288 4100 peccaret,
311 4028 358 4075 ne
383 4006 467 4097 quid
489 4006 652 4097 peccanti
675 4005 817 4099 gravius
837 4008 1007 4077 eveniret.
1059 4008 1165 4081 Goar-

113 4124 182 4194 tati
213 4142 353 4193 eramus
383 4129 421 4191 et
449 4121 487 4190 in
520 4128 711 4214 angtrstum
740 4122 955 4193 innocentiae
984 4124 1167 4218 praescrip-

114 4239 214 4310 tione
248 4237 417 4309 conclusi.
470 4236 551 4309 Nec
582 4236 729 4309 haberet
758 4236 843 4331 quid
873 4238 1073 4335 fragilitatis
1101 4241 1167 4317 hu·
