2867 4817
512 342 760 405 ‘nrrnonn.·
926 320 933 333 '
1085 344 1153 412 aas

105 516 169 609 qui
195 514 324 597 Deum,
341 518 402 609 qui
427 518 614 587 veritatem
635 518 856 609 sequuntur?
888 518 976 601 Quae
999 542 1078 589 eum
1103 522 1150 591 sit

106 634 232 704 eadem
247 634 398 725 justitia,
415 635 540 705 eadem
564 635 744 727 sapientia,
761 634 853 705 hane
871 635 930 706 isti
947 634 1002 705 vel
1026 638 1150 729 impie·

107 752 193 820 tatis
209 749 266 819 vel
289 750 450 820 stultitia
466 751 611 819 erimine
634 751 816 834 infamant,
835 774 900 821 neo
922 754 1148 845 perspiciunt,

106 867 193 959 quid
218 870 274 948 sit,
300 868 394 959 quod
419 890 479 937 eos
504 866 614 949 fallat,
639 891 721 937 eum
751 876 788 937 et
817 867 911 939 malo
937 871 1148 941 vocabulum

105 984 252 1054 boniet
274 983 368 1053 bono
391 982 475 1053 mali
497 1006 627 1053 nomen
651 985 848 1076 imponunt.
901 986 1047 1057 Plurimi
1073 991 1149 1082 qui-

105 1102 191 1171 dem
217 1099 515 1193 philosophorum,
541 1100 602 1169 sed
626 1101 781 1169 maxime
812 1100 914 1171 Plato
943 1113 981 1173 et
1010 1103 1150 1175 Aristo-

105 1217 208 1299 teles,
226 1218 271 1287 de
286 1217 427 1308 justitia
441 1215 556 1286 multa
572 1215 748 1299 dixerunt,
765 1230 959 1290 asserentes
979 1230 1017 1291 et
1034 1223 1150 1293 extol-

106 1336 224 1406 lentes
244 1356 323 1404 eam
346 1356 485 1404 summa
506 1333 610 1404 laude
636 1336 816 1416 umutem,
833 1338 927 1427 quod
950 1360 1053 1410 suum
1075 1344 1149 1411 cuia

106 1476 178 1545 que
202 1451 346 1533 tribuat,
372 1452 466 1543 quod
485 1453 687 1543 aequitatem
711 1454 750 1521 in
773 1454 936 1525 omnibus
959 1466 1084 1541 servet,
1109 1467 1149 1529 et

106 1592 190 1640 eum
216 1578 351 1638 oaeterae
374 1567 524 1637 virtutes
548 1569 646 1659 qnasi
667 1570 783 1638 tacitae
806 1572 886 1653 sint,
912 1581 949 1640 et
974 1574 1069 1644 intus
1095 1575 1149 1644 in-

105 1687 225 1767 clusae,
254 1683 365 1755 solam
393 1706 469 1754 esse
492 1685 679 1777 justitiam,
709 1709 788 1777 quoe
816 1710 881 1757 nea
911 1688 977 1757 sibi
1006 1699 1148 1762 tantum

106 1803 296 1875 eonoiliata
317 1800 373 1881 sit,
389 1824 456 1871 neo
475 1800 625 1884 occulta,
641 1802 704 1871 sed
725 1802 817 1873 foras
840 1812 916 1874 tota
939 1808 1150 1897 promineat,-

105 1922 216 1992 etad
246 1919 562 1992 benefaciendum
590 1942 701 2011 prona
730 1921 785 2003 sit,
811 1930 853 1989 ut
881 1921 1148 2015 quamplurimis

104 2040 228 2131 prosit.
279 2038 389 2121 Quasi
411 2038 553 2106 veroin
570 2036 750 2127 judicibus
772 2036 864 2121 solis,
881 2048 987 2130 atque
1009 2041 1047 2109 in
1069 2050 1152 2132 pot-

105 2164 223 2224 estate
246 2154 363 2246 aliqua
383 2154 585 2223 constitutis
600 2153 743 2244 justitia
767 2175 843 2223 esse
864 2154 1001 2238 debeat,
1019 2165 1056 2226 et
1075 2180 1146 2227 non

105 2273 145 2341 in
171 2270 351 2342 omnibus!
382 2269 521 2363 Atquin
545 2267 662 2339 nullus
687 2278 742 2339 est
767 2268 959 2354 hominum,
984 2296 1030 2343 ne
1051 2274 1148 2343 infir-

104 2412 248 2459 morum
271 2386 364 2483 (for.
388 2388 588 2457 infimorum
610 2382 756 2480 Doris.)
779 2388 921 2479 quidem
946 2412 987 2460 ae
1012 2393 1148 2461 mendi*

106 2528 241 2588 comm,
274 2506 312 2575 in
338 2528 444 2596 quem
471 2503 612 2596 justitia
644 2504 770 2574 eadere
799 2526 870 2574 non
903 2509 1022 2598 possit.
1074 2509 1146 2580 Sed

105 2623 192 2714 qnia
219 2622 438 2716 ignorabant,
468 2621 553 2713 quid
582 2629 686 2702 esset,
710 2621 805 2691 unde
832 2622 1031 2714 proflueret,
1062 2626 1146 2717 quid

106 2740 224 2832 operis
239 2739 394 2820 haberet,
411 2760 585 2809 summam
601 2736 698 2819 illam
717 2738 894 2821 viantem,
913 2740 948 2809 id
969 2751 1033 2823 est,
1051 2766 1147 2812 eom-

105 2878 218 2927 mune
245 2857 404 2925 omnium
433 2855 577 2937 bonum,
606 2856 726 2948 paneis
755 2856 964 2941 tribuerunt,
997 2883 1146 2952 eamque

106 2972 225 3044 nullas
246 2972 420 3043 utilitates
445 2974 601 3066 proprias
628 2973 806 3065 aucupari,
832 2973 893 3043 sed
922 2974 1043 3047 alienis
1069 2988 1147 3048 tan-

106 3103 189 3162 tum
205 3091 397 3160 commodis
414 3090 555 3160 studere
572 3090 748 3159 dixerunt.
795 3090 875 3159 Neo
893 3092 1068 3163 immerito
1085 3117 1146 3163 ex-

107 3210 186 3278 titit
216 3207 423 3288 Carneades,
445 3205 553 3275 homo
579 3229 718 3276 summo
745 3206 887 3300 ingenio
909 3216 946 3277 et
974 3211 1146 3292 acumine,

106 3324 170 3415 qni
195 3321 373 3393 refelleret
395 3324 543 3392 istorum
569 3324 774 3405 orationem,
799 3333 837 3393 et
855 3324 1043 3415 justitiam,
1070 3350 1148 3418 quae

105 3440 378 3511 fundamentum
410 3438 537 3510 stabile
568 3462 640 3509 non
668 3438 832 3523 habebat,
863 3450 1046 3524 everteret,
1076 3466 1147 3511 non

106 3560 193 3649 quia
220 3558 487 3648 vituperandam
512 3578 588 3626 esse
608 3556 786 3648 justitiam
813 3558 997 3638 sentiebat,
1020 3559 1081 3628 sed
1107 3570 1149 3629 ut

106 3674 190 3744 illos
205 3672 405 3743 defensores
422 3673 497 3764 ejus
513 3673 714 3742 ostenderet
731 3671 819 3742 nihil
835 3674 933 3757 certi,
946 3674 1032 3744 nihil
1046 3676 1148 3758 firmi,

106 3790 153 3860 de
162 3790 307 3883 justitia
323 3790 510 3884 disputare.

511 4004 620 4076 CAP.
647 4004 751 4077 LVI.

157 4121 256 4193 Nam
281 4122 313 4191 si
331 4121 472 4212 justitia
496 4130 551 4190 est
575 4121 650 4191 veri
675 4119 744 4191 Dei
772 4120 898 4203 eultus,
925 4119 1023 4213 (quid
1052 4123 1149 4193 enim

104 4248 180 4310 tam
197 4241 343 4333 justum
365 4237 412 4307 ad
435 4237 648 4329 aequitatem,
671 4244 747 4307 tam
771 4238 869 4330 pium
898 4238 943 4309 ad
969 4237 1149 4319 honorem,
1234 4260 1237 4265 ·
