2867 4817
401 694 909 806 PRAEFA'TIO.

543 960 769 996 ...φα-

111 1106 183 1173 'Ea-
194 1111 472 1204 JoootiBamoyr‘i
487 1120 761 1187 Arcadem
780 1120 938 1187 H‘reton'co
954 1123 989 1187 iu
1007 1124 1180 1209 Epistobm

171 1216 207 1279 S.
233 1216 367 1313 Joassis
397 1220 596 1306 chrysostomi
628 1226 674 1290 ud
705 1226 874 1289 coesorirua
901 1226 1107 1301 Mortuolurm
1144 1230 1180 1293 io

170 1324 248 1381 wmo
261 1320 367 1403 prora
387 1342 473 1387 socc
493 1324 633 1390 editionis
654 1327 830 1391 Laocoon
850 1328 1061 1414 Antiquarum
1081 1329 1178 1394 Hem.

171 1418 305 1500 cancii,
321 1444 352 1507 p.
363 1426 435 1490 226.
450 1427 579 1491 Amatel.
595 1443 687 1513 1725.

126 1588 239 1741 AN
244 1643 247 1646 .
257 1592 395 1677 genuina
408 1594 452 1659 sit
466 1596 614 1683 Epistola
627 1596 844 1682 chrysostomi
862 1596 904 1661 nd
918 1596 1102 1677 caesarium
1119 1618 1178 1684 per

110 1751 118 1759 .
222 1694 372 1759 saecrrlum
384 1696 545 1783 integrum
558 1706 593 1764 et
606 1698 740 1763 ulterius
753 1698 880 1785 agitata
890 1698 951 1764 fuit
962 1699 1178 1765 controversia

114 1792 211 1859 ,inter
231 1796 407 1884 theologos,
428 1800 483 1885 qui
506 1800 605 1865 stiam
627 1800 756 1865 criticos
781 1800 930 1887 agebant.
973 1800 1177 1867 Laudaverat

125 1896 165 1959 P.
178 1897 308 1984 Mnrtyr
321 1902 509 1968 exoauobita
523 1901 751 1967 Dominionnus
767 1899 816 1986 [in
838 1901 931 1965 Locis
951 1900 1016 1966 suis
1031 1902 1177 1967 commu·

124 1998 229 2078 nibus,
244 2000 397 2088 alibique]
413 2004 483 2069 haeo
496 2005 595 2069 verba
603 2011 759 2090 tanquam
770 2002 998 2088 chrysostomi,
1010 2003 1177 2089 exquibus

123 2110 315 2186 argumenta
324 2105 772 2191 transubstantioniopposito
782 2105 1173 2179 educebatadversuseos,

123 2202 180 2287 qni
194 2204 255 2268 sibi
270 2205 531 2291 chrysostomum
544 2209 605 2272 hac
619 2207 655 2271 in
666 2228 702 2272 re
717 2214 833 2272 testem
848 2213 881 2271 et
892 2206 1088 2271 defensorem
1100 2207 1175 2271 fidei

122 2325 190 2369 suae
210 2309 465 2394 propugnabant.
501 2310 590 2374 cieret
609 2310 690 2374 entra
705 2308 789 2393 (haeo
809 2314 884 2373 sunt
905 2308 1002 2373 verba
1023 2308 1174 2395 chrysos-

122 2406 204 2469 tomi
219 2429 290 2491 quae
308 2411 531 2476 controversia
548 2411 653 2476 locum
671 2411 843 2492 dederunt)
863 2421 1025 2497 outrqcom
1042 2412 1174 2494 mrups

122 2509 324 2593 campania,
340 2533 454 2597 poam
474 2514 684 2585 moimmsen,-
712 2512 834 2577 Dimisso
856 2512 946 2577 illrau
969 2513 1174 2595 munificam

112 2610 236 2693 ydatio,
262 2612 414 2679 rudiam
437 2615 595 2695 samaim,
618 2613 762 2679 literatus
786 2624 828 2679 set
851 2614 1052 2701 appellatione
1066 2614 1172 2699 panis,

123 2716 237 2801 dignus
259 2726 368 2784 autem
389 2728 440 2787 est
458 2720 588 2786 babitus
607 2718 766 2783 Dominioi
786 2720 926 2804 corporis
947 2719 1170 2805 appellatione,

122 2817 183 2883 etsi
197 2824 315 2885 natura
329 2821 421 2906 panis
434 2821 470 2885 in
482 2843 522 2886 eo
536 2828 732 2907 permaneat.

165 2918 320 3005 conjiciet
338 2922 431 2988 focile
444 2924 553 3000 lector,
569 2922 647 3007 qnid
665 2921 832 3038 theologos
846 2920 992 2999 moverit,
1008 2928 1046 2987 ιιι
1066 2921 1170 2987 Meum

121 3020 271 3087 falsitatis
287 3023 499 3111 impingerent
520 3025 593 3089 Pet.
609 3024 769 3109 Martyri;
800 3023 877 3110 ipsis
898 3022 1095 3088 occasionem
1114 3022 1171 3087 nli-

113 3144 217 3207 quam
240 3126 432 3210 praehuerat,
456 3148 529 3191 cum
551 3148 609 3191 nec
633 3125 775 3190 codicem
802 3124 874 3189 MS.
900 3144 959 3189 nec
984 3122 1166 3211 Dominica-

112 3248 233 3291 norum
255 3226 513 3293 Florentinorum
533 3227 797 3305 bibliotheosms
787 3249 821 3290 ιιι
841 3249 905 3312 qua
923 3227 1047 3292 latebat
1067 3226 1167 3292 codex

112 3328 194 3397 MS.
218 3330 406 3396 mvelanset.
450 3330 602 3416 Augebat
626 3329 758 3394 dubium
783 3350 883 3408 cesus,
912 3328 966 3414 qui
995 3328 1168 3395 humanam

111 3430 275 3516 Martyris
288 3431 492 3518 prudentiam
505 3432 696 3519 effugiebat:
721 3430 895 3515 Exemplar
914 3452 954 3495 cx
969 3430 1076 3494 codice
1092 3430 1165 3495 Flo·

112 3532 243 3597 sentino
256 3554 278 3597 a
288 3556 324 3598 se
334 3533 529 3621 descriptum
538 3534 730 3619 deposuerat
741 3533 775 3597 in
785 3532 979 3597 bibliotheca
990 3531 1164 3610 cranmcri

119 3640 272 3719 tanquam
292 3636 367 3700 fidei
391 3658 457 3701 suae
482 3644 732 3712 monumentum,
754 3658 818 3721 qno
842 3634 1011 3720 confugere
1036 3641 1166 3719 possent

111 3735 244 3812 eruditi,
270 3736 325 3822 qni
348 3738 484 3823 propriis
509 3738 608 3803 oculis
632 3760 704 3803 eam
729 3738 857 3802 ffimare
881 3734 1015 3810 vellent;
1050 3736 1106 3799 sed
1131 3734 1165 3799 in

118 3836 237 3901 cineres
249 3838 382 3903 redacta
395 3847 454 3905 aut
469 3840 596 3925 direpta
610 3840 775 3905 cranmcri
789 3838 982 3904 bibliotheca
993 3837 1051 3901 sub
1065 3858 1165 3922 regno

113 3938 242 4008 Mariae.
295 3939 390 4004 Hane
419 3942 623 4026 arripuerunt
650 3964 762 4006 ansam
796 3940 945 4027 theologi,
976 3961 1039 4003 non
1069 3939 1164 4003 modo

118 4039 305 4126 Martyrem,
321 4042 378 4106 sed
392 4049 426 4105 et
440 4041 591 4127 praesides
608 4040 813 4127 Anglicanos
830 4064 885 4126 qur
875 4041 1079 4127 'Martyrcm
1096 4047 1165 4105 tne-

118 4143 242 4219 bantur,
268 4152 425 4230 tunquam
445 4144 567 4209 fraudis
588 4145 730 4209 conscios
753 4150 786 4209 et
808 4143 947 4208 vindices
972 4142 1165 4229 exagitandi.

110 4244 255 4311 ,Invaluit
276 4247 318 4311 ab
339 4268 378 4311 eo
401 4254 544 4333 tempore
559 4247 627 4310 haec
645 4246 805 4329 sententia
823 4246 908 4331 apud
928 4268 1037 4311 omnes
1058 4252 1111 4309 cat
1097 4244 1166 4309 tho-

610 4370 629 4408 ιι
647 4366 665 4413 2
