2867 4817
499 610 776 685 ADVERSUS

167 861 376 943 OMNES
406 860 765 945 HAERETICOS
795 860 1097 948 LIBELLUS.

523 1142 550 1147 ...
566 1129 743 1160 ...Q-...-

185 1323 386 1397 UORUM
428 1324 688 1408 haeretioomm,
722 1332 765 1396 ut
798 1324 901 1418 pluro
941 1338 1160 1420 praeteream,
1193 1341 1267 1392 mn
1283 1344 1301 1390 1.

208 1464 331 1536 poueu
370 1442 615 1535 perstringam.
689 1440 806 1512 Taceo
849 1444 944 1514 enim
986 1444 1161 1516 Judeismi

86 1557 323 1641 shaeretieos3
359 1556 583 1640 Dositheum,
613 1558 768 1649 inquom,
801 1558 1075 1645 Summitenum
1102 1562 1162 1653 qui

110 1676 245 1767 primus
273 1697 382 1745 armus
410 1681 465 1744 est
490 1673 693 1766 prophetes,
722 1676 822 1768 quasi
855 1698 928 1746 non
961 1678 999 1747 in
1027 1677 1163 1771 Spiritu

110 1791 248 1863 Sunctu
277 1791 428 1873 locutos,
456 1791 649 1883 repudiare.
700 1790 819 1863 Taceo
846 1790 1071 1878 Seddueaem,
1102 1796 1162 1887 qui

110 1932 155 1979 ex
177 1910 291 2003 hujus
315 1910 442 1979 erroris
463 1908 583 1979 radice
604 1916 797 2003 ungentes,
815 1910 891 1979 ausi
909 1918 992 1981 sunt
1009 1911 1054 1981 ud
1071 1911 1163 1982 hene

110 2026 277 2098 herenfm
293 2025 404 2095 etium
420 2026 713 2095 resurrectionem
739 2026 853 2096 earnis
876 2048 1014 2120 negare.
1068 2026 1164 2099 Prae-

74 2144 275 2214 eternum
306 2139 512 2223 Pharisaeos,
539 2142 601 2232 qui
628 2140 871 2212 additamenta
897 2142 1061 2234 quaedam
1092 2143 1161 2238 legi

109 2258 329 2331 adstruendo
353 2282 377 2328 s
400 2258 539 2331 Judaeis
568 2258 671 2328 divisi
701 2266 804 2328 sunt:
829 2258 925 2329 unde
955 2260 1065 2330 etiam
1093 2259 1163 2331 hoo

109 2379 273 2471 seeipere
298 2378 415 2469 ipsum
442 2377 538 2468 quod
560 2375 695 2446 habent
716 2397 858 2459 nomen,
876 2376 975 2471 digni
1000 2377 1165 2462 fuerunt;

110 2518 193 2565 cum
219 2494 278 2564 his
302 2495 413 2564 etium
435 2492 669 2575 Hemdienos,
692 2494 754 2584 qui
780 2491 963 2565 Christum
981 2492 1165 2565 Herodem

109 2634 187 2683 esse
204 2612 387 2682 dixerunt.

70 2746 100 2805 ’ς
160 2728 225 2800 Ad
250 2748 315 2799 eos
341 2750 402 2798 me
430 2734 610 2809 eonverto‚
637 2726 698 2818 qui
724 2748 771 2795 ex
797 2722 982 2818 evangelio
1004 2725 1164 2799 haeretiei
1181 2740 1267 2790 cnr.
1281 2738 1317 2787 n.

109 2866 188 2916 ese
204 2844 418 2928 volueruut3
435 2866 482 2913 ex
499 2843 626 2936 quibus
642 2851 698 2913 est
709 2842 845 2935 primus
862 2843 1021 2913 omnium
1040 2842 1165 2915 Simon

112 2961 259 3057 Magos,
275 2961 393 3053 quiin
409 2958 515 3030 Actis
530 2958 787 3053 Apostolorum
803 2960 1016 3053 condignum
1034 2963 1165 3031 meruit

110 3078 159 3149 ab
173 3076 340 3171 apostolo
357 3075 466 3147 Petro
475 3076 683 3167 jusumque
699 3076 925 3147 sententium.
970 3075 1042 3146 Hie
1059 3098 1165 3147 ausus

110 3204 168 3265 est
196 3214 376 3265 summum
403 3214 442 3263 se
471 3192 588 3263 dicere
617 3194 798 3275 virtutem,
826 3191 862 3262 id
892 3199 956 3275 est,
984 3214 1164 3263 summum

68 3332 104 3371 20
112 3308 251 3380 Deum:
267 3310 443 3379 mundum
459 3316 582 3379 eutem
594 3308 640 3379 ab
652 3307 787 3402 angelis
800 3307 872 3378 suis
885 3284 1104 3380 institutum:
1123 3332 1165 3380 se

113 3426 281 3497 demone
298 3447 337 3495 se
353 3424 541 3495 oberrante
558 3421 651 3520 (for.
668 3447 771 3495 aeone
794 3448 870 3496 ase
887 3424 1087 3520 aberrante)
1106 3428 1166 3519 qui

112 3550 210 3613 esset
225 3543 410 3635 sapientie,
426 3541 650 3612 descendisse
665 3543 897 3634 qnoerendum
916 3540 1009 3637 (for.
1023 3543 1168 3614 deseen-

114 3658 210 3729 disse
233 3682 273 3730 se
298 3658 344 3728 od
370 3658 633 3751 qnaerendum):
659 3658 754 3750 apud
771 3656 914 3729 Judaeos
940 3680 978 3729 se
1002 3660 1041 3729 in
1057 3658 1168 3751 phen-

114 3784 268 3845 tnsmute
286 3773 357 3845 Dei
374 3772 468 3870 (for.
486 3773 621 3865 Deum)
638 3796 711 3843 non
726 3796 879 3866 pessum,
896 3776 958 3845 sed
975 3796 1052 3845 esse
1069 3772 1167 3865 quusi

70 3912 105 3971 25
115 3912 268 3984 persuum.
339 3890 427 3963 Post
458 3892 554 3962 huno
590 3889 791 3961 Menander
823 3890 1016 3984 discipulus
1049 3891 1167 3984 ipsius,

116 4008 281 4080 similiter
312 4032 449 4103 magus,
482 4009 609 4079 eedem
650 4006 772 4077 dicens
810 4032 888 4100 quae
923 4008 1048 4080 Simon
1083 4010 1167 4100 ipse.

117 4124 297 4219 Quicquid
321 4148 361 4197 se
391 4123 516 4196 Simon
539 4124 688 4208 dixerat,
710 4124 778 4195 hoo
805 4148 843 4195 se
867 4124 1068 4195 Menander
1092 4146 1169 4193 esse

118 4240 270 4323 dioebst,
302 4262 439 4336 negem
465 4240 599 4312 hebere
627 4262 730 4333 posse
758 4262 972 4334 quemquem
1007 4238 1169 4319 sulutem,

633 4378 658 4427 r
