2867 4817
264 313 329 377 322
639 316 671 379 S.
696 314 934 381 CYPRIANI

264 496 338 559 tuae
374 486 497 559 salutis
531 488 695 561 inimicus
724 513 772 561 es.
825 489 993 581 Quisquis
1027 484 1088 558 ille
1121 492 1176 557 est
1205 506 1314 577 quem

263 601 341 673 zelo
369 604 598 696 persequeris,
624 603 870 697 subterfugere
898 613 936 673 et
966 604 1077 673 vitare
1103 609 1141 672 te
1170 601 1313 694 poterit

263 717 317 787 Tu
342 726 380 791 te
407 740 479 790 non
504 728 607 811 potes
635 718 779 814 fugere:
813 719 1016 811 ubicunque
1044 717 1164 800 fueris,
1189 714 1315 787 adver-

263 834 373 905 sarius
403 841 486 907 tuus
521 844 649 905 tecum
675 843 741 919 est,
775 836 888 907 hostis
922 856 1062 928 semper
1097 833 1135 903 in
1168 840 1314 926 pectore

262 956 327 1019 tuo
344 958 408 1033 est,
431 951 604 1043 pernicies
624 951 723 1022 intus
743 950 880 1023 inclusa
900 959 965 1035 est,
981 946 1202 1021 ineluctabili
1217 956 1340 1025 cate-5

261 1087 387 1135 narum
416 1088 512 1137 nexu
539 1066 670 1161 ligatus
698 1076 736 1138 et
766 1069 905 1141 vinctus
931 1090 979 1152 es,
1004 1065 1082 1137 nelo
1107 1065 1315 1135 dominante

262 1183 423 1275 captivus
447 1206 495 1266 es,
518 1206 584 1255 nec
610 1182 736 1255 solatia
761 1184 827 1254 tibi
852 1182 927 1254 ulla
951 1180 1175 1254 subveniunt.
1227 1178 1315 1251 Per·

262 1320 424 1371 severana
447 1298 582 1369 malum
605 1308 660 1370 est
682 1299 864 1371 hominem
887 1298 1051 1393 persequi
1073 1296 1118 1367 ad
1143 1293 1212 1365 Dei
1232 1317 1314 1389 gm-

260 1414 349 1485 tiam
365 1416 615 1507 pertinentem.
650 1414 841 1487 Calamitas
859 1416 934 1487 sine
950 1414 1107 1485 remedio
1124 1420 1180 1482 cst
1196 1412 1314 1485 odisse

260 1529 413 1600 felicem.
1326 1551 1363 1590 ιο

313 1644 361 1717 V.
388 1646 438 1717 Et
462 1647 603 1727 idcirco,
629 1646 755 1717 fratres
784 1647 1012 1729 dilectissimi,
1041 1645 1126 1715 huic
1154 1643 1312 1736 periculo

263 1760 448 1833 consulens
474 1759 659 1845 Dominus,
677 1785 724 1831 ne
747 1763 825 1853 quis
847 1760 924 1833 zelo
947 1761 1065 1831 fratris
1087 1763 1124 1830 in
1144 1758 1312 1852 laqueum

260 1877 384 1947 mortis
411 1878 615 1960 incurreret,
642 1900 725 1948 cum
751 1901 834 1960 cum
862 1876 1025 1969 discipuli
1054 1878 1312 1971 interrogarent

119 2023 157 2057 uc.
169 2009 202 2058 n.
260 1994 339 2085 quis
359 1994 453 2063 inter
473 1992 553 2063 illos
576 1994 688 2085 major
709 2000 813 2076 esset,
832 1992 904 2083 Qui
913 1990 1042 2089 suerit,
1059 1993 1185 2085 inquit,
1206 1992 1313 2063 mini·

259 2129 335 2177 mus
358 2108 396 2177 in
419 2104 575 2179 omnibus
596 2105 699 2191 vobis,
719 2105 778 2178 bic
799 2108 867 2179 erit
892 2131 1044 2205 muyans.
1095 2107 1312 2201 Amputavit
1326 2136 1363 2194 ¹5

259 2245 402 2293 omnem
422 2210 688 2295 aemulationem
711 2246 878 2318 responso
899 2246 973 2307 suo,
997 2246 1141 2295 omnem
1165 2246 1310 2295 causam

258 2348 294 2409 et
313 2341 498 2411 materiam
515 2341 689 2411 mordacis
705 2340 851 2410 invidiae
867 2340 961 2410 eruit
978 2347 1017 2410 et
1032 2338 1193 2411 abscidit.
1228 2338 1311 2411 Dis-

257 2453 375 2545 cipulo
400 2454 532 2525 Christi
557 2455 673 2527 zelare
698 2478 770 2527 non
805 2454 899 2540 licet,
925 2480 998 2527 non
1027 2455 1113 2528 licet
1138 2457 1309 2553 inridere.

258 2570 495 2641 Exaltationis
528 2572 622 2665 apud
656 2595 722 2643 nos
755 2595 828 2644 non
860 2581 1087 2667 potestesse
1116 2574 1309 2645 contentio.

257 2685 314 2756 De
330 2687 533 2759 humilitate
556 2687 602 2760 ad
622 2710 763 2760 summa
784 2690 985 2774 crescimus,
1005 2690 1194 2761 didicimus
1212 2690 1363 2761 undeeo

255 2803 467 2897 placeamus.
519 2803 685 2897 Denique
712 2813 751 2875 et
775 2805 956 2898 apostolus
977 2804 1110 2877 Paulus
1129 2807 1311 2881 instruens

256 2928 294 2991 et
310 2944 458 2993 monens
481 2929 522 2992 ut
545 2923 606 3013 qui
628 2920 820 2993 illuminati
837 2920 969 2993 Christi
992 2920 1126 2993 lumine
1142 2923 1310 2997 tenebras

257 3045 441 3109 noctumae
464 3038 739 3109 conversationis
762 3038 949 3121 evasimus,
965 3038 1004 3107 in
1020 3038 1123 3109 factis
1144 3046 1253 3133 atque
1269 3041 1309 3112 in

160 3181 228 3230 ,xm
257 3154 422 3247 oporibus
446 3153 589 3226 luminis
613 3153 848 3237 ambulemus,
873 3156 996 3226 scribit
1021 3162 1059 3227 et
1084 3155 1193 3226 dicit:
1222 3152 1309 3227 Noc

256 3270 426 3353 transivit,
461 3269 535 3343 dies
576 3280 687 3343 annm
728 3271 1028 3367 apprepinquavit.
1090 3269 1359 3365 Abjicimens·25

256 3408 336 3483 erpo
373 3408 478 3480 opera
517 3385 742 3471 tenebrarum,
782 3396 814 3458 et
852 3386 1038 3460 induamus
1074 3411 1176 3461 arma
1207 3386 1307 3462 incas.

259 3500 439 3598 Tanquam
467 3502 505 3575 in
527 3501 584 3575 die
606 3502 760 3575 decenter
784 3500 1001 3587 ambulemm,
1026 3526 1097 3577 non
1119 3505 1158 3576 in
1181 3528 1308 3578 mnes·

216 3712 220 3721 ¹
255 3617 445 3693 sallentino
474 3628 505 3693 et
534 3617 760 3703 ebrietatibus,
790 3643 859 3691 non
889 3621 928 3692 in
957 3622 1240 3716 concupiscentiis
1273 3634 1307 3696 et

256 3733 495 3829 impudicitiis,
526 3758 595 3807 nme
631 3736 669 3805 in
699 3732 942 3807 certaminibus
971 3746 1003 3807 et
1031 3734 1115 3809 ecla.
1177 3736 1217 3809 si
1250 3761 1307 3809 re-

254 3858 435 3923 cessenmt
459 3851 504 3923 de
528 3859 672 3945 pectore
698 3860 761 3921 tuo
787 3852 956 3936 tenebrae,
974 3855 1003 3924 si
1029 3876 1102 3925 nox
1127 3854 1210 3925 inde
1235 3856 1358 3941 dis-30

254 3990 355 4039 cussa
378 3977 442 4051 est,
460 3970 488 4039 si
512 3968 626 4062 caligo
651 3969 791 4039 detersa
807 3977 871 4051 est,
892 3971 921 4040 si
945 3970 1159 4043 illuminavit
1181 3994 1306 4044 sensus

252 4092 334 4153 tuos
357 4084 522 4177 splendor
545 4084 625 4166 diei,
646 4086 675 4155 si
700 4084 808 4155 homo
834 4084 923 4157 lucis
946 4109 1023 4159 esse
1048 4089 1196 4180 coepisti,
1222 4112 1305 4180 quae

252 4208 335 4270 sunt
364 4199 496 4273 Christi
526 4224 630 4296 gere;
665 4201 749 4292 quia
778 4198 840 4271 lux
871 4211 909 4272 et
939 4204 1014 4274 dies
1045 4202 1207 4275 Christus
1237 4213 1304 4277 est
