2867 4817
311 764 715 871 DEFINITIO
747 764 953 870 FIDEI

175 1029 320 1104 APUD
345 1032 644 1106 CONOILIUM
671 1032 1107 1108 OHALCEDONIUM.

526 1270 751 1303 *π

112 1416 211 1563 *Η
243 1418 377 1500 ἈΓΙΑ
405 1424 463 1501 καὶ
488 1419 631 1523 μεγάλη
649 1423 708 1499 καὶ
727 1420 945 1521 οἰκουμενική
963 1420 1126 1521 σύνοδος,
1144 1419 1167 1520 ἡ

243 1546 335 1628 κατὰ
362 1552 458 1628 Θεοῦ
485 1546 591 1653 χάριν
618 1550 677 1627 καὶ
709 1545 899 1648 θέσπισμα
928 1554 1001 1629 τῶν
1024 1550 1168 1645 εὐσεβε-

84 1675 261 1763 5στότων
279 1678 339 1756 καὶ
363 1677 614 1783 φιλοχρίοπων
631 1675 734 1775 ἡμῶν
751 1674 937 1771 βασιλέων
957 1682 1168 1781 Μαρκιανοῦ

114 1807 174 1882 καὶ
206 1804 474 1883 Οὑαλεντιανοῦ
512 1802 748 1905 Αὖγοόστων,
784 1810 1009 1907 συναχθεῖσα
1049 1807 1087 1885 ἐν
1121 1808 1168 1910 τῇ

116 1931 392 2036 Καλχηδονίων,
410 1928 629 2033 μητροπόλει
657 1933 722 2029 τῆς
750 1932 912 2009 Βιθυνῶν
929 1932 1112 2036 ἐπαρχίας,
1131 1934 1168 2012 ἐν

113 2064 167 2165 τῷ
203 2059 384 2165 μαριυρίῳ
420 2062 483 2157 τῆς
516 2059 620 2160 ἁγίας
653 2061 713 2137 καὶ
750 2059 957 2139 καλλινίκου
990 2057 1169 2163 μάρτυρος

115 2186 317 2297 Εὐφημίας,
334 2183 442 2291 ὥρισε
461 2185 508 2265 τὰ
525 2184 800 2288 ὑποτεταγμένα.
1140 2256 1144 2262 .

64 2346 107 2388 ιο
171 2317 220 2395 Ὁ
251 2318 444 2395 ΚΥΡΙΟΣ
471 2314 572 2413 ἡμῶν
599 2317 659 2393 καὶ
690 2312 815 2416 σωτὴρ
840 2315 984 2414 Ἰησοῦς
1007 2312 1168 2417 Χριστὸς

114 2448 180 2543 τῆς
197 2444 354 2525 πίστεως
371 2440 438 2542 τήν
456 2448 593 2545 γνῶσιν
612 2448 686 2525 τοῖς
703 2444 880 2542 μαθηταῖς
896 2449 1066 2541 βεβαιῶν,
1086 2442 1166 2549 ἔφη·

115 2569 293 2675 Ἐἰρήνην
324 2568 390 2669 τὴν
419 2567 508 2670 ἐμήν
537 2570 669 2675 ἀφίημι
699 2572 791 2667 ὑμῖν,
823 2568 963 2674 εἰρήνην
990 2568 1055 2669 τήν
1081 2569 1169 2669 ἐμὴν

116 2700 243 2797 δίδωμι
261 2699 357 2796 ὑμῖν·
386 2693 483 2776 ὥστε
498 2696 633 2797 μηδένα
655 2696 747 2801 πρὸς
765 2695 829 2776 τόν
846 2699 1006 2795 πλησίον
1025 2700 1164 2803 διαφω-

118 2834 188 2908 νεῖν
216 2829 255 2906 ἐν
290 2831 364 2908 τοῖς
401 2822 562 2927 δόγμασι
597 2829 662 2924 τῆς
692 2826 886 2923 εὐσεβείας,
917 2828 1001 2906 ἀλλ’
1041 2828 1169 2926 ἐπίσης

67 2992 79 3033 ι
88 2952 236 3051 5ἅπασι
252 2951 295 3033 τό
314 2957 377 3053 τῆς
394 2953 562 3051 ἀληθείας
581 2953 844 3034 ἐπιδείκνυσθαι
862 2951 1039 3056 κήρυγμα.
1070 2956 1164 3035 ἐπει·

117 3080 162 3183 δὴ
181 3082 219 3161 δέ
247 3082 289 3161 οὐ
312 3080 464 3161 παύεται
489 3078 547 3159 διὰ
565 3086 638 3160 τῶν
654 3084 780 3160 ἑαυτοῦ
798 3078 957 3184 ζιζανίων
976 3084 996 3161 ὁ
1013 3084 1169 3187 πονηρός

117 3218 192 3294 τοῖς
228 3214 291 3309 τῆς
327 3208 510 3302 εὐσεβείας
545 3204 781 3313 ἐπιφυόμενος
818 3206 1016 3312 σπέρμασι,
1046 3212 1109 3290 καί
1134 3245 1169 3290 τι

118 3335 240 3416 καινόν
257 3334 349 3416 κατὰ
370 3339 435 3434 τῆς
460 3335 629 3434 ἀληθείας
655 3336 875 3441 ἐφευρίσκων
894 3338 957 3433 ἀεὶ,
977 3334 1035 3416 διὰ
1063 3344 1169 3419 τοῦτο

117 3463 283 3565 συνήθως
311 3467 331 3543 ὃ
354 3458 548 3564 Δεσπότης
574 3462 835 3567 προνοούμενος
859 3472 923 3545 τοῦ
946 3467 1169 3568 ἀνθρωπίνου

69 3590 252 3695 οογένους,
289 3590 353 3671 τόν
390 3592 523 3690 εὐσεβῆ
560 3598 688 3671 τοῦτον
724 3595 783 3671 καὶ
823 3589 1043 3672 πιστότατον
1078 3590 1170 3695 πρός

119 3716 248 3822 &mh
274 3718 453 3818 ἀνέστησε
477 3720 646 3816 βασιλέα,
671 3721 748 3797 καὶο
775 3715 857 3803 τοὺς
890 3721 1079 3823 ἁπανταχῆ
1107 3722 1171 3818 τῆς

120 3846 313 3950 ἱερωσύνης
329 3844 420 3950 πρὸς
438 3846 563 3926 ἑαυτὸν
581 3844 761 3951 ἀρχηγοὺς
780 3844 1033 3925 συνεκάλεσεν·
1063 3844 1169 3943 ὥστε,

119 3979 182 4075 τῆς
215 3973 359 4080 χάριτος
391 3984 456 4055 τοῦ
485 3972 632 4056 πάντων
661 3976 762 4074 ἡμῶν
792 3972 971 4056 δεσπότου
1007 3981 1172 4080 Χριστοῦ

162 4182 178 4214 ⁸
192 4170 279 4229 Joan.
295 4170 353 4229 xiv.
372 4188 418 4249 27.
555 4166 572 4212 b
587 4170 656 4227 For.
672 4172 755 4241 ζῆλον
768 4174 813 4243 τῆς
827 4172 940 4229 πίστεως
953 4172 979 4229 ἀ.
995 4169 1054 4229 vid.
1068 4181 1130 4229 not.

163 4263 177 4295 ⁰
192 4252 260 4310 For.
275 4252 304 4311 δι
318 4254 368 4312 καί.

627 4356 690 4420 ια
