2867 4817
257 353 497 417 EPISTOLA
521 352 588 417 AD
613 352 645 415 S.
669 352 972 417 CYPRIANUM.
1077 354 1141 417 248

86 529 268 622 peribunt
285 529 351 599 nisi
376 528 422 599 ad
448 528 594 597 uuioum
618 536 656 599 et
681 526 836 598 salutare
863 526 1023 597 eeclesiae
1046 525 1141 598 leva·

88 668 192 715 crum
217 668 282 739 per
305 644 552 738 poenitentiam
578 652 841 715 convertantur.

140 760 233 831 XII.
251 761 376 846 Qualis
399 783 483 831 vero
503 782 601 831 error
626 762 682 844 sit,
706 768 746 831 et
767 769 902 852 quanta
926 760 973 830 sit
997 761 1140 833 oaeoitas
1150 772 1303 823 &cleem-

83 880 165 971 ejus
195 880 257 971 qui
286 879 528 951 remissionem
553 885 781 970 penestarum
807 876 894 947 dicit
919 876 1013 967 apud
1039 850 1293 969 synnffiffiss

55 1018 198 1089 sgogas
215 996 466 1067 haeretieorum
483 996 558 1065 duri
578 1016 691 1087 posse,
708 1016 776 1063 neo
798 1002 982 1085 permanet
999 994 1036 1062 in
1058 970 1304 1086 fun-ffli'e

83 1112 260 1182 dumento
276 1112 382 1181 unius
398 1110 568 1193 ecclesie,
586 1134 667 1203 quae
690 1107 802 1179 semel
824 1131 848 1179 a
869 1107 1011 1178 Christo
1033 1132 1140 1202 supra
1146 1110 1270 1215 mg

83 1237 227 1319 petram
245 1227 397 1299 solidata
419 1235 494 1311 est3
520 1226 603 1297 hine
629 1224 781 1319 intelligi
806 1230 936 1317 potest,
952 1226 1048 1316 quod
1073 1223 1139 1296 soli

86 1342 198 1415 Petro
224 1343 389 1413 Christus
414 1344 563 1413 dixerit:
591 1341 824 1434 Quaeouuque
845 1338 1010 1434 ligaveris
1034 1354 1304 1433 superista-xviii.

84 1468 230 1541 terram,
266 1468 372 1529 eruut
406 1457 516 1552 ligata
549 1468 587 1527 et
616 1458 653 1527 iu
684 1456 809 1527 ooelis:
845 1466 884 1527 et
916 1422 1191 1548 quaeeunque¹⁸'

44 1575 235 1647 uosolveris
261 1598 369 1668 super
398 1584 538 1657 terram,
564 1582 670 1645 erunt
695 1573 875 1644 solutast
900 1573 1076 1643 incaelis:
1102 1583 1140 1645 et

84 1694 218 1763 iterum
236 1694 275 1761 in
293 1690 478 1785 evangelio
494 1692 635 1783 quando
656 1692 694 1761 in
720 1690 813 1761 solos
835 1690 1014 1783 apostolos
1030 1690 1141 1759 insuf-

85 1808 187 1879 flavit
208 1807 374 1879 Christus
400 1808 530 1891 dicens,
552 1808 719 1901 Aoeipite
746 1808 919 1901 Spiritum
945 1808 1241 1880 &autumno-m
1255 1829 1294 1867 ²²-

84 1926 112 1995 si
141 1926 246 2017 eujus
276 1926 481 1995 remiseritis
508 1934 662 2017 peecata,
689 1928 919 1997 remittentur
942 1925 1016 2009 illi;
1042 1934 1080 1996 et
1109 1928 1138 1995 si

83 2044 188 2135 eujus
215 2040 413 2123 tenueritis,
435 2042 663 2113 tenebuntur.
717 2041 881 2112 Potestas
906 2065 990 2135 ergo
1016 2064 1139 2135 pecea-

47 2188 54 2227 ι
60 2166 206 2246 5torum
223 2156 520 2227 remittendorum
545 2156 713 2249 apostolis
735 2157 820 2227 data
843 2165 908 2239 est,
926 2166 964 2227 et
981 2157 1139 2228 eeclesiis

84 2296 173 2365 quas
196 2272 250 2343 illi
276 2298 299 2344 a
318 2272 461 2343 Christo
486 2272 583 2343 missi
606 2274 878 2355 constituerunt,
903 2282 941 2343 et
966 2274 1139 2366 episeopis

85 2393 144 2482 qui
180 2392 235 2461 eis
269 2390 490 2459 ordinatione
523 2390 652 2461 vicaria
686 2398 941 2461 successerunt.
1003 2389 1139 2461 Hostes

85 2518 208 2578 autem
238 2508 344 2577 unius
364 2505 548 2577 catholicae
573 2508 733 2578 eoelesiae
759 2509 797 2577 in
822 2530 892 2599 qua
917 2529 981 2577 nos
1007 2530 1138 2590 sumus,

87 2633 124 2695 et
139 2626 333 2695 adversarii
356 2626 465 2694 nostri
490 2625 550 2715 qui
575 2624 744 2716 apostolis
767 2624 1009 2707 successimus,
1026 2646 1140 2695 sacer·

87 2858 236 2949 profana
260 2866 452 2949 ponentes3
478 2856 563 2948 quid
590 2856 687 2926 aliud
716 2864 800 2926 sunt
824 2878 932 2947 quam
958 2854 1076 2926 Chore
1101 2866 1140 2927 et

89 2973 236 3044 Dathan
261 2981 300 3043 et
317 2972 465 3056 Abiron,
483 2974 557 3065 pari
584 2971 716 3043 scelere
746 2971 917 3065 sacrilegi,
942 2981 980 3043 et
996 2975 1138 3045 easdem

87 3112 175 3182 quas
197 3098 238 3161 et
263 3088 316 3159 illi
345 3112 466 3182 poenas
492 3091 607 3160 daturi
631 3112 714 3159 eum
738 3088 794 3158 his
816 3088 878 3180 qui
899 3088 966 3158 sibi
991 3110 1139 3160 eonsen-

88 3207 208 3277 tiuntl
231 3206 427 3277 seeundum
445 3205 539 3297 quod
557 3206 771 3275 etiamtunc
792 3203 933 3274 illomm
950 3208 1138 3299 participes

47 3334 125 3413 25et
146 3324 307 3395 fautores
333 3323 407 3416 pari
437 3324 597 3393 cumeis
627 3330 743 3392 morte
772 3322 964 3413 perienmt.
1015 3322 1139 3416 Atque

86 3460 154 3533 ego
176 3441 216 3509 in
241 3438 309 3509 hae
333 3447 434 3531 parte
451 3438 549 3531 juste
570 3439 737 3531 indignor
759 3438 804 3507 ad
830 3437 921 3508 hano
942 3445 1018 3508 tam
1040 3462 1139 3531 aper-

86 3566 161 3627 tam
190 3564 230 3625 et
257 3555 482 3625 manifestem
513 3553 686 3647 Stephani
716 3553 918 3637 stultitiam,
948 3556 1043 3647 quod
1077 3558 1138 3647 qui

86 3675 136 3744 sie
162 3672 211 3742 de
236 3671 459 3763 episcopatus
484 3672 537 3740 sui
568 3670 646 3741 loeo
672 3669 845 3763 gloriatur
874 3679 912 3740 et
939 3694 977 3741 se
1001 3695 1139 3743 sueoes·

87 3790 224 3859 sionem
251 3784 352 3855 Petri
381 3796 503 3856 tenere
530 3786 725 3866 contendit,
750 3808 857 3878 super
881 3808 990 3878 quem
1014 3786 1139 3857 firnde·

47 3912 213 3993 30menta
236 3899 399 3973 ecelesiae
425 3900 598 3971 eollooata
623 3910 717 3982 suut,
743 3901 874 3972 multas
904 3901 990 3973 alius
1020 3910 1138 3994 petras

90 4021 244 4100 indurat,
279 4026 319 4087 et
351 4016 578 4089 eeclesiarum
621 4016 814 4088 multarum
861 4040 953 4088 nova
989 4020 1140 4091 aedifioia

90 4138 295 4216 comtituat,
322 4136 407 4205 dum
437 4158 513 4205 esse
541 4133 614 4204 illio
640 4135 817 4228 baptisma
843 4157 908 4205 sua
927 4138 1139 4208 auctoritate

91 4252 263 4323 defendit.
294 4250 391 4321 Nam
409 4252 469 4343 qui
487 4250 721 4344 baptizantur,
738 4250 921 4343 complent
937 4254 1014 4323 sine
1030 4254 1139 4324 dubio

593 4369 676 4439 rit
