2867 4817
259 322 324 384 282
635 318 668 384 S.
693 320 930 385 CYPRIANI

260 503 384 566 noeent
413 504 451 565 et
480 502 611 577 tenent,
642 497 731 567 eoiet
759 495 839 588 plus
869 496 935 566 sibi
964 518 1071 591 quem
1104 495 1244 565 caeteris
1273 497 1312 565 in

261 611 392 684 saeeulo
419 608 661 695 laborandum,
687 614 745 683 oui
772 613 885 707 magis
910 614 958 683 sit
982 635 1064 683 oum
1091 612 1220 684 diaboli
1247 614 1314 682 im·

261 728 478 823 pugnatione
507 725 726 798 luctandum.
778 728 896 800 Docet
921 738 959 800 et
983 737 1181 822 praemonet
1207 730 1315 822 senp-

201 854 226 902 n.
264 853 346 914 turn
365 842 484 913 divine
500 841 639 913 dioens:
666 841 754 926 Fili,
772 843 933 914 accedens
954 842 1003 915 aa
1020 845 1215 916 sanitatem
1231 841 1315 925 Dei,

263 968 317 1031 ota
334 960 373 1029 in
385 957 527 1051 jmtitia
544 966 576 1029 et
593 958 725 1039 timone,
743 968 776 1029 et
791 981 960 1053 prepara
981 960 1132 1030 animam
1155 969 1249 1031 itiam
1270 956 1344 1042 ads

202 1077 227 1125 n
266 1074 493 1147 tentationem.
549 1071 598 1143 Et
627 1074 781 1145 iterum:
819 1072 867 1145 In
897 1073 1014 1147 dolam
1046 1077 1186 1159 anatim,
1216 1083 1249 1145 at
1277 1074 1318 1143 in

264 1188 457 1261 bumilitate
474 1198 533 1261 tna
550 1190 759 1285 patientiam
780 1188 873 1274 tabe,
891 1193 1054 1285 qnoniam
1078 1194 1117 1263 in
1134 1194 1214 1290 iane
1233 1214 1319 1286 pro-

264 1306 365 1379 batur
381 1330 507 1378 aarum
525 1317 557 1379 a
573 1317 762 1404 amoeniam,
780 1306 934 1379 homines
951 1331 1030 1380 nero
1052 1305 1262 1404 receptibiles
1281 1308 1320 1377 in

266 1421 677 1496 eaminobmmibiationio.

318 1540 386 1613 VI.
414 1542 474 1612 Sic
499 1539 571 1612 Job
596 1549 677 1634 post
707 1564 823 1612 rerum
856 1545 995 1627 damna,
1020 1552 1103 1637 post
1131 1544 1320 1637 pignorum
1337 1568 1374 1609 ιο

266 1658 400 1741 funera,
427 1658 632 1729 vulneribus
657 1682 798 1751 quoque
823 1667 861 1730 et
887 1660 1066 1731 vermibus
1091 1660 1247 1754 graviter
1271 1658 1324 1729 nf-

269 1773 396 1857 fliotus,
428 1797 500 1844 non
531 1776 646 1845 vietus
675 1783 740 1857 eat,
770 1775 832 1846 sed
862 1776 1051 1869 probatus3
1081 1777 1141 1867 qui
1171 1776 1209 1845 in
1238 1776 1324 1868 ipsis

269 1890 589 1962 conflictationibus
616 1899 654 1963 et
684 1890 865 1963 doloribus
898 1894 971 1964 suis
999 1893 1210 1986 patientium
1244 1891 1326 1962 reli.

158 2005 191 2052 ·¹·
269 2008 379 2099 giosae
404 2007 535 2077 mentio
561 2008 751 2078 ostendens
775 2009 846 2079 eit:
881 2006 1008 2079 Nndno
1033 2007 1128 2079 enini
1157 2006 1200 2079 de
1228 2018 1327 2080 utero

271 2122 403 2203 matris,
422 2119 536 2192 nudae
552 2121 656 2192 etiam
680 2120 735 2195 ibo
751 2120 812 2193 oab
835 2132 974 2194 tenram.
1026 2122 1379 2214 Dominusdedit15

271 2237 446 2309 Dominae
468 2234 616 2308 abstulit.
667 2238 770 2311 Sient
792 2238 947 2311 Domino
969 2242 1081 2313 omnm
1106 2251 1156 2312 eet
1179 2242 1230 2313 ita
1244 2238 1330 2337 saa-

274 2362 343 2424 tam
367 2363 425 2425 est.
477 2352 537 2427 Sit
562 2377 685 2426 nomen
715 2353 866 2427 Domini
894 2355 1115 2429 benedictum.
1168 2356 1328 2428 Etcum

274 2493 356 2541 eum
382 2494 474 2541 uxor
498 2494 639 2563 quoque
665 2473 896 2566 compelleret
926 2483 968 2546 ut
994 2476 1029 2545 vi
1060 2475 1190 2546 doloris
1215 2476 1330 2567 impa-

274 2590 366 2659 tiens
401 2588 533 2681 eliquid
564 2591 731 2663 adversus
762 2589 881 2661 Deum
912 2590 1059 2683 querula
1088 2599 1126 2660 et
1155 2590 1331 2661 invidiose

131 2721 208 2771 on
276 2728 362 2777 vooe
389 2705 602 2798 loqueretur,
626 2710 807 2801 respondit
833 2717 871 2779 et
897 2710 1009 2779 dixit:
1050 2707 1231 2803 Tanquam
1258 2730 1332 2777 nna
1345 2740 1386 2779 20

276 2848 320 2895 aa
342 2824 467 2917 ineptia
493 2822 693 2896 nmbienibns
716 2824 829 2897 bacato
858 2849 902 2896 ea.
952 2825 999 2898 Si
1021 2824 1109 2897 bona
1135 2825 1335 2919 encepimas

277 2936 320 3008 de
354 2962 459 3011 mann
488 2937 647 3023 Domini,
679 2940 770 3012 mala
800 2966 863 3012 oar
891 2964 962 3013 non
991 2939 1241 3012 tolerabimus?
1284 2938 1335 3009 In

277 3052 333 3125 bio
364 3055 520 3127 omnibns
551 3080 627 3151 qnae
656 3058 871 3154 oontiyernnt
899 3058 933 3128 ei
961 3055 1055 3128 nibil
1079 3056 1234 3152 peaaaoit
1262 3054 1335 3127 Job

280 3170 383 3243 labiis
405 3174 479 3243 onis
506 3174 546 3244 in
567 3183 745 3269 conspectu
765 3173 925 3247 Domini.
977 3175 1104 3268 Itaque
1131 3174 1183 3244 illi
1210 3172 1337 3244 Domi-

280 3311 347 3359 nus
377 3288 477 3361 Deue
507 3290 670 3383 perhibet
700 3293 945 3363 testimonium
979 3292 1120 3362 dicens:
1161 3288 1385 3386 [immod-25

281 3404 415 3476 verino?
438 3428 585 3501 paenam
617 3430 728 3478 meam
757 3405 860 3480 Jobt
892 3406 975 3479 Non
1005 3408 1097 3479 enim
1131 3404 1338 3478 estsimilis

283 3517 337 3589 ilii
359 3520 540 3615 qaisquam
564 3523 602 3592 in
625 3524 739 3605 ternio,
756 3522 856 3595 baino
877 3525 953 3594 eina
976 3521 1243 3617 querelantem
1263 3518 1340 3591 Dei

283 3634 402 3709 miton
456 3638 504 3708 Et
526 3638 654 3710 Tobiae
676 3650 758 3732 post
781 3663 887 3732 opera
907 3640 1104 3733 magnifiee,
1129 3648 1210 3733 post
1231 3638 1341 3707 mise-

284 3752 445 3823 ricordiae
468 3778 539 3826 suae
561 3755 677 3826 multe
700 3763 738 3825 et
760 3755 914 3850 gloriosa
935 3755 1118 3848 praeconia,
1136 3754 1340 3824 ooeoitatem

286 3868 460 3941 luminum
492 3894 622 3964 paenis,
650 3874 780 3942 timens
805 3882 844 3942 et
873 3872 1089 3943 benedicens
1116 3872 1154 3940 in
1183 3868 1391 3969 adversis30

287 3984 417 4070 Deum,
452 4011 517 4082 per
545 3990 657 4081 ipsam
694 3990 850 4081 eorporis
884 3990 938 4059 sui
974 3988 1112 4059 cladem
1149 3987 1261 4057 erevit
1295 3985 1342 4055 nd

288 4102 450 4186 leudem3
477 4128 583 4196 quem
601 4116 638 4175 et
655 4108 772 4198 ipsum
789 4129 881 4175 uxor
897 4129 961 4176 sue
977 4106 1169 4197 depravere
1186 4104 1343 4173 tentavit

149 4256 224 4307 Μ,
288 4220 428 4291 dicens:
478 4219 545 4293 Ubi
578 4232 656 4291 sunl
680 4222 833 4315 justitia
862 4232 940 4303 tim,
975 4244 1047 4292 ecce
1076 4244 1154 4315 qam
1181 4221 1343 4314 patei-is!
