2867 4817
265 298 330 362 154
617 291 961 358 'l'ERTULLIANI

265 482 303 544 et
327 474 432 566 primi
462 480 569 542 etex
593 472 700 564 ipsis3
726 492 833 562 quam
853 467 933 540 illos
960 488 1032 537 non
1058 464 1229 549 intulisse,
1251 466 1313 559 qui

265 599 349 661 suut
369 598 408 660 et
426 590 559 682 posteri
583 596 623 659 et
643 588 791 659 adversi.
842 583 948 655 Alius
978 607 1086 654 manu
1112 584 1313 676 scripturas,

265 709 355 779 alius
381 728 504 777 sensus
532 706 754 798 expositione
781 701 991 772 intervertit.
1056 698 1186 792 Neque
1215 701 1314 771 enim

266 825 294 895 si
321 822 536 895 Valentinus
561 823 699 915 integro
727 820 962 890 instrumento
993 820 1047 888 uti
1069 819 1218 900 videtur,
1241 840 1316 887 non

266 940 445 1011 callidiore
486 938 638 1032 ingenio,
673 959 779 1028 quam
816 934 989 1019 Marcion,
1023 956 1149 1005 manus
1190 931 1345 1009 intulit5

267 1057 423 1128 veritati.
443 1055 607 1126 Marcion
618 1056 715 1125 enim
729 1061 852 1124 exerte
863 1060 901 1122 et
913 1051 1031 1145 palam
1043 1051 1226 1133 machaera,
1240 1073 1315 1120 non

266 1173 360 1267 stylo
376 1197 460 1243 usus
481 1180 555 1242 est:
582 1171 749 1263 quoniam
775 1169 821 1238 ad
845 1169 1031 1239 materiam
1055 1190 1154 1237 suam
1180 1166 1316 1237 caedem

266 1294 518 1385 scripturamm
544 1288 707 1359 confecit.
760 1284 975 1357 Valentinus
992 1293 1113 1356 autem
1135 1286 1315 1377 pepercit:

267 1410 434 1500 quoniam
458 1430 530 1477 non
555 1405 600 1475 ad
624 1406 811 1475 materiam
834 1403 1031 1495 scripturas,
1050 1403 1111 1472 sed
1128 1404 1317 1473 materiam

265 1527 313 1597 ad
342 1528 530 1618 scripturas
555 1523 800 1616 excogitavit3
838 1528 876 1590 et
906 1528 1026 1589 tamen
1053 1520 1134 1612 plus
1167 1518 1317 1591 abstulit
1334 1544 1370 1583 ιο

267 1652 306 1713 et
340 1642 420 1735 plus
458 1641 598 1733 adjecit,
636 1638 798 1709 auferens
829 1636 1062 1728 proprietates
1096 1636 1317 1730 singulomm

267 1782 409 1852 quoque
444 1757 641 1838 verborum,
671 1763 710 1826 et
750 1752 917 1846 adjiciens
957 1751 1202 1845 dispositiones
1243 1775 1318 1822 non

267 1877 547 1969 comparentium
564 1897 692 1944 rerum.

142 1993 226 2107 th·
320 1991 413 2061 Haec
442 1998 526 2061 sunt
551 1991 692 2083 ingenia
718 1988 764 2058 de
794 1986 1008 2079 spiritalibus
1034 1989 1210 2079 nequitiae,
1232 2012 1317 2059 oum

105 2060 244 2189 {Mil
271 2110 399 2202 quibus
431 2108 580 2179 luctatio
610 2115 665 2177 est
694 2104 805 2187 nobis,
833 2103 968 2188 fratres,
995 2109 1123 2178 merito
1157 2116 1372 2185 contem-15

108 2192 234 2243 ὀη
270 2226 423 2321 planda;
447 2227 529 2296 fidei
555 2226 759 2307 necessaria,
779 2232 822 2293 nt
846 2224 952 2295 electi
972 2224 1253 2308 manifestentur,
1275 2234 1320 2295 ut

269 2343 408 2436 repmbi
443 2343 664 2436 detegantur.
727 2340 776 2410 Et
809 2344 890 2415 ideo
923 2341 1057 2412 habent
1091 2342 1174 2425 vim,
1208 2347 1245 2412 et
1278 2343 1320 2411 in

264 2458 511 2553 excogitandis
527 2457 810 2550 instruendisque
828 2458 1002 2531 erroribus
1019 2458 1228 2529 felicitatem
1244 2481 1321 2530 non

268 2578 358 2648 adeo
387 2575 594 2659 mirandam,
616 2576 716 2667 quasi
741 2576 930 2660 difficilem,
948 2584 986 2647 et
1007 2574 1319 2669 inexplicabilem

270 2717 353 2764 cum
392 2694 437 2764 de
471 2691 686 2764 secularibus
720 2716 860 2786 quoque
894 2694 1074 2786 scripturis
1112 2690 1320 2787 exemplum
1334 2717 1376 2757 20

269 2819 401 2903 praesto
428 2812 474 2881 sit
501 2811 673 2903 ejusmodi
703 2809 906 2895 facilitatis;
942 2834 1012 2903 quo
1036 2811 1097 2903 jus
1127 2807 1218 2905 (sor.
1247 2833 1321 2903 quo

271 2927 378 2997 vides.
409 2950 499 2998 coos.
534 2929 664 3018 notum)
700 2926 806 2999 hodie
840 2951 885 2999 ex
917 2927 1071 3022 Virgilio
1099 2926 1256 2997 fabulam
1281 2928 1322 2997 in

270 3050 390 3112 totum
418 3043 525 3114 aliam
566 3045 742 3136 componi,
776 3046 925 3115 materia
959 3044 1153 3115 secundum
1187 3066 1321 3125 versus,

271 3158 429 3229 versibus
454 3161 648 3231 secundum
676 3162 861 3232 materiam
882 3161 1110 3233 concinnatis.
1155 3159 1323 3253 Denique

273 3273 444 3345 Hosidius
461 3274 557 3347 Geta
574 3275 745 3348 Medeam
771 3278 979 3374 tragoediam
1005 3300 1051 3347 ex
1069 3274 1222 3369 Virgilio
1245 3274 1323 3367 ple-
1335 3302 1376 3361 25

270 3391 414 3461 nissime
431 3391 585 3463 exsuxit.
612 3392 720 3465 Meus
737 3394 881 3486 quidam
896 3394 1113 3487 pmpinquus
1130 3416 1176 3463 ex
1193 3390 1323 3461 eodem

272 3509 379 3601 poeta
404 3509 498 3578 inter
526 3517 645 3578 cetera
674 3508 757 3602 styli
791 3513 844 3581 sui
879 3512 953 3582 otia
978 3509 1146 3581 Pinacem
1176 3508 1325 3580 Cebetis

273 3622 455 3717 explicuit.
512 3624 856 3698 Homero-centonas
891 3629 1160 3723 etiamtvocare
1194 3624 1323 3711 solent,

273 3743 397 3835 quide
414 3742 626 3813 carminibus
644 3741 794 3814 Homeri
820 3746 961 3838 propria
985 3767 1092 3838 opera
1114 3766 1214 3815 more
1240 3766 1326 3815 cen-

262 3862 410 3931 tonario
444 3884 490 3931 ex
523 3859 646 3931 multis
678 3860 762 3930 hine
796 3861 878 3931 inde
912 3862 1116 3955 compositis
1144 3862 1181 3931 in
1196 3880 1382 3937 unum30

276 3979 431 4048 sarciunt
453 4000 589 4071 corpus.
642 3977 691 4047 Et
715 3978 839 4069 utique
864 3978 1061 4050 foeoundior
1084 3980 1203 4049 divina
1227 3978 1326 4051 litte-

276 4104 396 4165 ratura
428 4096 472 4165 ad
507 4096 715 4167 facultatem
749 4096 989 4190 cujuscunque
1019 4101 1187 4170 materiae.
1242 4096 1324 4169 Nec

274 4212 456 4305 periclitor
472 4216 598 4297 dicere,
616 4216 708 4307 ipsas
726 4234 866 4306 quoque
892 4211 1080 4305 scripturas
1106 4212 1155 4284 sic
1177 4232 1255 4281 esse
1279 4234 1326 4282 ex
