2867 4817
305 337 371 405 226
659 344 692 406 S.
716 344 991 411 ATHANASII

305 548 410 595 τοκον
428 512 547 613 είττὼν,
565 520 673 615 δηλοῖ
686 514 737 616 μὴ
756 513 842 597 εἶναι
860 514 968 597 αὐτὸν
988 516 1140 617 κτίσμα,
1153 514 1268 598 ἀλλὰ
1281 517 1365 619 γε’ν-

305 677 399 741 νημα
416 650 480 721 τοῦ
499 640 654 749 Πατρός·
681 643 786 751 ξίνον
809 642 880 747 γὰρ
898 648 956 724 ἐπὶ
979 648 1042 744 τῆς
1059 644 1234 743 θεότητος
1254 646 1369 723 αὐτοῦ

304 769 346 850 τὸ
364 769 537 871 λέγεσθαι
555 770 703 869 κτίσμα.
734 768 781 850 τὰ
804 769 877 873 γὰρ
901 769 1022 851 πάντα
1043 772 1279 872 ἐκτίσθησαν
1299 771 1367 853 ὑπὸ

304 906 368 977 τοῦ
397 896 542 1000 Πατρὸς
569 896 628 977 διὰ
655 906 718 977 τοῦ
747 900 888 995 matt
917 898 954 978 δὲ
981 896 1069 983 Υἱὸς
1093 898 1205 997 μόνος
1230 902 1276 979 ἐκ
1304 910 1368 979 τοῦ

306 1022 450 1127 Πατρὸς
468 1026 588 1108 ἀϊδίως
605 1024 787 1127 ἐγεννήθη·
815 1025 870 1105 διὸ
888 1023 1112 1128 πρωτότοκός
1132 1029 1217 1105 ε’στι
1235 1027 1366 1128 πάσης

304 1155 453 1236 κτίσεως
478 1155 498 1233 ὁ
524 1150 620 1236 Θεὸς
643 1152 774 1255 Λόγος,
793 1152 965 1257 ἄτρεπτος
992 1153 1036 1259 ἐξ
1060 1152 1252 1255 ἀτρέστου.
1284 1156 1366 1234 ἔστι

304 1281 423 1360 τοίνυν
441 1278 483 1359 τὸ
502 1277 523 1358 ὃ
547 1282 589 1358 δι’
610 1280 704 1380 ἡμᾶς
722 1280 875 1387 ἐφόρεσε
899 1288 1018 1379 σῶμα,
1044 1280 1191 1381 κτίσμα,
1210 1286 1301 1386 περὶ
1323 1283 1365 1362 οὗ

305 1403 402 1507 λέγει
419 1406 590 1508 Ἱερεμίας
613 1405 706 1487 κατὰ
733 1406 798 1507 τὴν
815 1414 888 1487 τῶν
909 1406 1155 1508 ἑβδομήκοντα
1179 1410 1363 1511 ἑρμηνευ-

141 1554 296 1604 der-xxxviii·
306 1539 378 1611 τῶν
396 1533 550 1611 ἔκδοσιν·
581 1542 603 1580 “
620 1532 752 1636 Κύριος
771 1534 855 1634 ἡμῖν
872 1535 1011 1616 ἔκτισεν
1029 1541 1078 1619 είς
1100 1535 1363 1641 καταφιίτευμα

143 1634 182 1668 ⁹²⁸
306 1669 329 1705 “
346 1658 527 1761 marsupias
546 1657 679 1759 καινὴν,
698 1663 736 1739 ἐν
753 1658 777 1765 ᾗ
797 1664 961 1769 σωτηρίᾳ
977 1661 1272 1764 περιελεύσονται
1299 1664 1362 1741 ἅν-

307 1797 328 1833 “
347 1787 514 1888 θρωττοι.”
553 1784 645 1866 κατὰ
673 1785 723 1866 δὲ·
742 1786 806 1867 τὸν
832 1788 1004 1887 Ἀκύλαν,
1037 1792 1118 1891 περὶ
1149 1798 1213 1868 τοῦ
1247 1792 1363 1870 αὑτοῦ

304 1916 415 2016 ῥητοῦ
432 1920 555 1992 κεῖται·
586 1924 608 1961 “
621 1912 739 1993 ἔκτισε
760 1914 891 2015 Κύριος
914 1911 1036 1994 καινὸν
1059 1918 1096 1995 ἐν
1119 1922 1164 2019 τῇ
1190 1918 1359 2023 θηλείᾳῗ

306 2041 329 2139 ἡ
347 2040 385 2119 δὲ
402 2046 592 2120 κτισθεῖσα
610 2041 694 2141 ἡμῖν
711 2047 761 2127 είς
782 2042 1036 2148 κατοφιίτενμα
1060 2043 1233 2145 σωτηρία,
1252 2043 1358 2143 καινὴ

306 2172 365 2246 καὶ
392 2168 434 2246 οὐ
460 2166 610 2266 nudasti,
638 2169 722 2268 ἡμῖν
749 2203 789 2248 τε
816 2172 874 2248 καὶ
902 2169 943 2248 οὐ
969 2167 1041 2270 πρὸ
1075 2170 1184 2267 ἡμῶν,
1211 2171 1359 2268 Ἰησοῦς

307 2295 460 2392 {artat
484 2294 577 2374 κατὰ
600 2294 666 2374 τὸν
689 2300 840 2398 σωτῆρα
859 2292 1047 2396 γενόμενος
1069 2296 1293 2397 ἄνθρωπος’,
1319 2294 1360 2379 ὃς

308 2420 532 2524 ἑρμηνεύσω
550 2426 602 2526 τῇ
625 2421 691 2521 μὲν
715 2455 886 2526 σωτηρια,
905 2419 957 2527 σῇ
986 2422 1024 2501 δὲ
1051 2420 1185 2525 σωτήρ·
1212 2422 1293 2500 ἔστι
1320 2421 1359 2501 δὲ

309 2550 348 2628 ἐκ
365 2557 430 2628 τοῦ
446 2554 612 2652 σωτῆρας
634 2550 657 2647 ἡ
680 2550 851 2653 σωτηρία,
871 2546 913 2628 dv
930 2546 1066 2652 τρθτον
1087 2551 1126 2627 ἐκ
1150 2558 1214 2627 τοῦ
1232 2546 1358 2653 φωτὸς

309 2676 330 2753 ὁ
348 2674 546 2779 φωτισμιίς.
573 2676 596 2774 ἡ
610 2674 673 2754 οὖν
685 2675 724 2755 ἐκ
737 2684 801 2755 τοῦ
814 2679 978 2777 σωτῆρος
990 2675 1151 2776 σωτηρία
1163 2681 1358 2755 κτισθεῖσα

309 2868 361 2925 vit.
398 2866 549 2944 Siquidem
563 2865 691 2925 alianum
710 2876 756 2925 est
775 2869 811 2926 sb
852 2866 1107 2927 nesciraamibnnt.
1127 2867 1356 2945 Interpretanu-

309 2947 374 3023 ejus
400 2946 564 3017 divinitate,
596 2966 656 3005 rem
685 2958 811 3007 creatam
851 2960 910 3009 tem
926 2946 1054 3024 Aquila:
1080 2946 1195 3005 Creaait
1211 2946 1358 3005 Dominus

309 3027 404 3105 ipsum
418 3025 484 3084 dici.
516 3026 622 3085 Omnia
632 3027 739 3085 enimn
754 3027 812 3085 Pa.
853 3025 1117 3107 ammmiafemiaa.
1147 3026 1254 3086 creata
1268 3047 1359 3105 porro

309 3119 354 3165 tre
369 3127 421 3185 per
435 3106 544 3164 Filium
554 3116 749 3166 creatasunt:
764 3128 810 3166 so-
852 3107 935 3167 nobis
970 3107 1001 3164 in
1036 3106 1246 3185 plantationem
1278 3107 1358 3165 salus

309 3186 355 3244 lus
369 3196 466 3245 autam
482 3186 577 3244 Filius
594 3187 631 3244 ab
649 3188 811 3245 aeternitate
852 3208 927 3246 nova
947 3199 978 3247 et
998 3207 1057 3245 nnn
1078 3188 1207 3264 antiqua,
1223 3187 1308 3245 nobis
1327 3198 1360 3245 et

309 3286 345 3324 ex
358 3267 448 3324 Patra
456 3266 573 3344 genitus
582 3265 719 3333 emunda
729 3266 812 3325 Deus
852 3288 911 3326 non
933 3277 1001 3326 ante
1022 3286 1084 3336 nos,
1107 3266 1195 3325 Jesua
1216 3277 1272 3333 est,
1296 3269 1358 3344 qui,

309 3346 441 3404 Verbum
457 3346 666 3424 primogenitus
685 3357 731 3405 est
749 3366 812 3404 om.
853 3358 996 3423 quatenus
1024 3346 1166 3411 Salvator.
1190 3347 1289 3405 factus
1313 3360 1359 3407 ast

309 3425 354 3483 nis
382 3436 529 3492 creatura,
557 3427 747 3485 immutabilis
774 3446 811 3485 ex
853 3427 948 3497 homo,
962 3447 1027 3505 qnae
1040 3426 1157 3505 quidem
1175 3447 1243 3497 vox,
1258 3426 1359 3495 Jmas,

309 3504 493 3565 immutabili.
511 3506 813 3586 Itnqnecorpusquod
853 3507 1008 3585 aliquando
1025 3508 1110 3573 salus.
1126 3507 1284 3585 aliquando
1302 3508 1359 3566 sal-

309 3585 426 3663 quidem
448 3596 568 3665 propter
590 3606 643 3645 nos
666 3588 811 3657 assumsit,
853 3599 936 3646 vator
954 3588 1095 3647 redditur.
1133 3588 1189 3646 Est
1205 3598 1306 3646 antem
1321 3610 1358 3648 ex

309 3686 356 3723 rea
370 3675 465 3723 creata
479 3680 533 3733 est,
549 3666 658 3744 dequo
674 3666 746 3725 dicit
760 3666 812 3726 Js.
854 3667 1003 3727 salvatore
1024 3668 1111 3737 salus,
1133 3679 1166 3726 ut
1187 3688 1223 3727 ex
1246 3668 1359 3729 lumine

310 3746 415 3804 remiss
435 3745 526 3822 juxta
550 3746 743 3825 Septuaginta
767 3747 813 3804 in.
854 3747 1038 3807 illuminatio.
1081 3748 1185 3825 Itaque
1212 3768 1290 3807 nova
1321 3770 1356 3809 ex

309 3836 471 3904 terpretum
487 3825 658 3885 editionem:
671 3827 813 3885 Dominus
855 3827 1006 3887 Salvatora
1030 3838 1125 3887 creata
1149 3828 1237 3895 salus,
1260 3842 1295 3887 ut
1316 3828 1357 3889 in-

310 3905 419 3964 crenvit
428 3906 508 3965 ιιοίιίς
516 3904 546 3964 in
553 3906 760 3984 plantationem
766 3928 812 3965 aa·
854 3908 954 3985 quitur
968 3908 989 3966 J
990 3910 1120 3975 eremias,
1134 3908 1217 3967 nobis
1233 3908 1357 3969 salutem

311 3986 395 4044 latam
404 4007 513 4057 novam,
525 3986 618 4065 inqua
626 3987 720 4045 ιαίιιίι
729 3988 813 4047 laomi-
854 4008 958 4047 novam
975 3989 1091 4048 creavit.
1135 3987 1204 4057 Vel,
1220 3999 1254 4047 ut
1269 3990 1358 4048 vertit

343 4141 357 4171 ι
370 4130 442 4179 Hunc
452 4132 596 4193 snripmrnm
607 4132 727 4183 invenisse
742 4142 836 4183 mnstnt
847 4132 990 4182 Facundum
1006 4134 1205 4183 Hennanimmm
1217 4134 1244 4181 in
1255 4132 1300 4181 lib.
1311 4134 1356 4181 xl.

312 4197 364 4244 Ριο
380 4196 527 4254 Dsfansa'msa
542 4197 616 4244 triam
635 4198 742 4261 capam.
754 4212 806 4261 cap.
816 4212 837 4246 ι.
850 4199 891 4247 uhi
907 4200 1019 4260 vertimr,
1033 4202 1115 4259 desae,
1130 4198 1255 4262 audiunto
1274 4200 1359 4247 Salas-

310 4260 516 4321 nnmsaatama
525 4260 600 4309 Ιιιτκο.
