2867 4817
623 783 684 843 Ex

451 964 771 1068 GELASIO
810 965 853 1066 Ι.

377 1199 623 1281 ROMANO
648 1200 944 1293 EPISCOPO,

166 1457 175 1475 ,
232 1398 296 1465 DE
320 1400 513 1465 DUABUS
535 1399 752 1465 NATURIS
777 1398 829 1464 IN
852 1401 1075 1483 CHRISTO,

101 1586 120 1645 5
220 1580 451 1641 ADVERSUS
472 1579 721 1639 EUTYCHEM
744 1578 801 1637 ET
821 1578 1092 1645 NESTORIUM.

525 1789 792 1827 ‘'¹⁸¹¹‘'-

134 1956 336 2113 Cultus
353 1974 583 2047 sacramenta,
596 1986 677 2056 quae
689 1964 871 2048 sumimus,
885 1962 1040 2057 eorporis
1052 1972 1090 2034 et
1105 1984 1184 2033 sen-

224 2079 342 2173 guinis
358 2078 490 2150 Christi
507 2081 627 2151 divina
642 2103 698 2151 res
714 2090 781 2165 est,
798 2088 942 2175 propter
958 2078 1053 2173 quod
1068 2086 1105 2149 et
1121 2100 1185 2171 per

132 2195 259 2265 eadem
276 2193 419 2266 Divinae
441 2195 614 2267 efficimur
634 2207 815 2269 consortes
836 2206 980 2281 nature,
1002 2204 1040 2267 et
1063 2205 1184 2267 tamen

132 2333 210 2382 esse
226 2334 299 2383 non
321 2312 450 2382 desinit
472 2312 669 2383 substantia
685 2312 743 2382 vel
765 2321 893 2383 natura
914 2312 1015 2406 panis
1038 2320 1076 2383 et
1100 2311 1183 2381 vini.

85 2423 184 2497 10Et
209 2434 306 2495 certe
330 2427 448 2520 imago
473 2435 512 2497 et
537 2425 731 2499 similitudo
762 2430 916 2523 eorporis
938 2438 976 2500 et
1006 2428 1186 2523 sanguinis

134 2541 266 2613 Christi
291 2543 329 2613 in
357 2544 498 2613 aetione
527 2544 776 2636 mysteriorum
805 2544 1039 2617 celebrantur.
1091 2544 1186 2617 Satis

134 2682 220 2752 ergo
244 2658 346 2730 nobis
371 2660 554 2731 evidenter
579 2661 787 2745 ostenditur,
811 2661 881 2732 hoe
909 2660 1012 2732 nobis
1041 2662 1080 2731 in
1109 2662 1186 2755 ipso

135 2774 278 2847 Christo
304 2774 459 2847 Domino
481 2778 717 2860 sentiendum,
740 2778 835 2870 quod
861 2778 900 2848 in
929 2776 1005 2870 ejus
1032 2776 1187 2872 imagine

135 2892 353 2984 profitemur,
388 2891 619 2977 celebramus,
649 2902 687 2963 et
716 2894 909 2979 sumimus3
946 2903 998 2977 ut,
1028 2894 1120 2964 sieut
1149 2894 1187 2963 in

88 3010 237 3098 15h8110,
261 3007 396 3080 soilioet
416 3010 455 3079 in
479 3008 656 3093 Divinam
673 3017 868 3094 transeunt,
893 3009 1025 3082 Sancto
1051 3008 1187 3105 Spiritu

135 3126 351 3220 perficiente,
391 3125 635 3210 substantiam,
675 3136 905 3219 permanente
946 3126 1038 3224 (sor.
1078 3125 1188 3225 lepon-

135 3242 219 3314 dum
252 3253 311 3327 eet,
345 3246 602 3338 permanentia)
636 3253 758 3314 temen
791 3245 829 3315 in
863 3267 934 3316 suae
971 3246 1187 3339 proprietate

136 3368 284 3444 nature,
307 3361 357 3431 sie
380 3358 468 3430 illud
491 3360 608 3453 ipsum
630 3362 838 3455 mysterium
861 3360 1063 3455 principale,
1087 3361 1188 3454 eujus

136 3477 240 3549 nobis
268 3476 496 3548 efficientiam
528 3477 768 3571 virtutemque
798 3479 971 3549 veraciter
1000 3499 1188 3569 repreasen-

89 3621 128 3661 20
136 3603 228 3678 tant,
262 3616 310 3663 ex
336 3590 430 3689 (for.
464 3594 520 3665 his
549 3617 605 3677 ex,
635 3592 706 3665 vid.
733 3596 863 3689 aotam)
891 3592 1020 3686 quibus
1048 3602 1187 3663 constat

136 3710 277 3802 proprie
301 3708 600 3801 permanentibus,
625 3734 737 3782 unum
763 3710 955 3795 Christum,
985 3710 1068 3803 quia
1096 3710 1187 3781 inte-

118 3848 241 3919 ,grum
270 3847 473 3917 verumque,
503 3849 709 3919 permanere
745 3830 998 3899 demonstrent.
1052 3822 1188 3897 Biblio-

137 3938 244 4013 tteeae
268 3939 337 4015 SS.
353 3939 504 4014 Parma
530 3967 594 4037 per
619 3943 673 4014 La
696 3943 821 4037 Bigne‚
845 3942 954 4015 Paris.
974 3946 1081 4021 1589.
1099 3952 1185 4014 tom.

138 4058 208 4131 IV.
226 4082 305 4153 pag.
320 4055 404 4129 565.
