<?xml version="1.0" encoding="UTF-8"?>
<!DOCTYPE html PUBLIC "-//W3C//DTD XHTML 1.0 Transitional//EN"
    "http://www.w3.org/TR/xhtml1/DTD/xhtml1-transitional.dtd">
<html xmlns="http://www.w3.org/1999/xhtml" xml:lang="en" lang="en">
 <head>
  <title>
</title>
<meta http-equiv="Content-Type" content="text/html;charset=utf-8" />
  <meta name='ocr-system' content='tesseract 3.04.00' />
  <meta name='ocr-capabilities' content='ocr_page ocr_carea ocr_par ocr_line ocrx_word'/>
</head>
<body>
  <div class='ocr_page' id='page_1' title='image "./scriptorumeccle03routgoog_0188.png"; bbox 0 0 2867 4817; ppageno 0'>
   <div class='ocr_carea' id='block_1_1' title="bbox 270 322 1238 393">
    <p class='ocr_par' dir='ltr' id='par_1_1' title="bbox 270 322 1238 393">
     <span class='ocr_line' id='line_1_1' title="bbox 270 322 1238 393; baseline -0.004 -4"><span class='ocrx_word' id='word_1_1' title='bbox 270 328 335 393; x_wconf 76' lang='lat'>172</span> <span class='ocrx_word' id='word_1_2' title='bbox 371 325 620 391; x_wconf 83' lang='lat' dir='ltr'>ADVERSUS</span> <span class='ocrx_word' id='word_1_3' title='bbox 643 326 806 390; x_wconf 90' lang='lat' dir='ltr'>OMNES</span> <span class='ocrx_word' id='word_1_4' title='bbox 831 324 1023 388; x_wconf 80' lang='lat' dir='ltr'><strong>HAERET.</strong></span> <span class='ocrx_word' id='word_1_5' title='bbox 1047 322 1238 387; x_wconf 85' lang='lat' dir='ltr'><strong>LIBELL.</strong></span> 
     </span>
    </p>
   </div>
   <div class='ocr_carea' id='block_1_2' title="bbox 106 497 1372 3851">
    <p class='ocr_par' dir='ltr' id='par_1_2' title="bbox 106 497 1372 3851">
     <span class='ocr_line' id='line_1_2' title="bbox 271 497 1322 595; baseline -0.006 -23"><span class='ocrx_word' id='word_1_6' title='bbox 271 502 453 573; x_wconf 83' lang='lat' dir='ltr'><strong>Christum</strong></span> <span class='ocrx_word' id='word_1_7' title='bbox 479 502 631 595; x_wconf 70' lang='lat' dir='ltr'>redigit?</span> <span class='ocrx_word' id='word_1_8' title='bbox 658 499 811 571; x_wconf 78' lang='lat' dir='ltr'><strong>Accedit</strong></span> <span class='ocrx_word' id='word_1_9' title='bbox 827 500 883 570; x_wconf 88' lang='lat' dir='ltr'>his</span> <span class='ocrx_word' id='word_1_10' title='bbox 899 499 1104 571; x_wconf 78' lang='lat' dir='ltr'>Theodotus</span> <span class='ocrx_word' id='word_1_11' title='bbox 1128 497 1322 566; x_wconf 76' lang='lat' dir='ltr'>haereticus</span> 
     </span>
     <span class='ocr_line' id='line_1_3' title="bbox 271 616 1321 711; baseline -0.005 -23"><span class='ocrx_word' id='word_1_12' title='bbox 271 618 483 711; x_wconf 77' lang='lat' dir='ltr'><strong>Byzantius:</strong></span> <span class='ocrx_word' id='word_1_13' title='bbox 519 620 579 709; x_wconf 92' lang='lat' dir='ltr'>qui</span> <span class='ocrx_word' id='word_1_14' title='bbox 609 626 839 710; x_wconf 77' lang='lat' dir='ltr'>posteaquam</span> <span class='ocrx_word' id='word_1_15' title='bbox 866 617 1049 687; x_wconf 81' lang='lat' dir='ltr'>Christum</span> <span class='ocrx_word' id='word_1_16' title='bbox 1076 638 1140 707; x_wconf 87' lang='lat' dir='ltr'>pro</span> <span class='ocrx_word' id='word_1_17' title='bbox 1174 616 1321 685; x_wconf 90' lang='lat' dir='ltr'>nomine</span> 
     </span>
     <span class='ocr_line' id='line_1_4' title="bbox 271 730 1321 828; baseline -0.006 -23"><span class='ocrx_word' id='word_1_18' title='bbox 271 734 508 827; x_wconf 72' lang='lat' dir='ltr'>adprehensus</span> <span class='ocrx_word' id='word_1_19' title='bbox 533 735 687 828; x_wconf 79' lang='lat' dir='ltr'>negavit,</span> <span class='ocrx_word' id='word_1_20' title='bbox 708 735 746 803; x_wconf 93' lang='lat' dir='ltr'>in</span> <span class='ocrx_word' id='word_1_21' title='bbox 769 731 951 802; x_wconf 83' lang='lat' dir='ltr'>Christum</span> <span class='ocrx_word' id='word_1_22' title='bbox 977 730 1223 823; x_wconf 70' lang='lat' dir='ltr'>blasphemam</span> <span class='ocrx_word' id='word_1_23' title='bbox 1246 754 1321 799; x_wconf 91' lang='lat' dir='ltr'>non</span> 
     </span>
     <span class='ocr_line' id='line_1_5' title="bbox 271 846 1320 939; baseline -0.005 -19"><span class='ocrx_word' id='word_1_24' title='bbox 271 851 429 933; x_wconf 90' lang='lat' dir='ltr'>destitit;</span> <span class='ocrx_word' id='word_1_25' title='bbox 455 850 651 921; x_wconf 81' lang='lat' dir='ltr'><strong>doctrinam</strong></span> <span class='ocrx_word' id='word_1_26' title='bbox 678 849 774 919; x_wconf 87' lang='lat' dir='ltr'>enim</span> <span class='ocrx_word' id='word_1_27' title='bbox 804 847 1106 939; x_wconf 74' lang='lat' dir='ltr'>introduxitque</span> <span class='ocrx_word' id='word_1_28' title='bbox 1136 846 1320 916; x_wconf 85' lang='lat' dir='ltr'>Christum</span> 
     </span>
     <span class='ocr_line' id='line_1_6' title="bbox 269 962 1349 1049; baseline -0.005 -14"><span class='ocrx_word' id='word_1_29' title='bbox 269 965 450 1036; x_wconf 91' lang='lat' dir='ltr'>hominem</span> <span class='ocrx_word' id='word_1_30' title='bbox 480 964 728 1036; x_wconf 89' lang='lat' dir='ltr'>tantummodo</span> <span class='ocrx_word' id='word_1_31' title='bbox 754 964 897 1045; x_wconf 89' lang='lat' dir='ltr'>diceret,</span> <span class='ocrx_word' id='word_1_32' title='bbox 923 962 1042 1033; x_wconf 89' lang='lat' dir='ltr'>Deum</span> <span class='ocrx_word' id='word_1_33' title='bbox 1068 970 1189 1033; x_wconf 90' lang='lat' dir='ltr'>autem</span> <span class='ocrx_word' id='word_1_34' title='bbox 1216 962 1319 1031; x_wconf 92' lang='lat' dir='ltr'>illum</span> <span class='ocrx_word' id='word_1_35' title='bbox 1331 988 1349 1049; x_wconf 84' lang='lat'>5</span> 
     </span>
     <span class='ocr_line' id='line_1_7' title="bbox 270 1079 1320 1176; baseline -0.004 -25"><span class='ocrx_word' id='word_1_36' title='bbox 270 1091 436 1176; x_wconf 82' lang='lat' dir='ltr'>negaret3</span> <span class='ocrx_word' id='word_1_37' title='bbox 454 1105 500 1152; x_wconf 87' lang='lat' dir='ltr'>ex</span> <span class='ocrx_word' id='word_1_38' title='bbox 517 1081 653 1174; x_wconf 81' lang='lat' dir='ltr'>Spiritu</span> <span class='ocrx_word' id='word_1_39' title='bbox 670 1081 813 1173; x_wconf 89' lang='lat' dir='ltr'>quidem</span> <span class='ocrx_word' id='word_1_40' title='bbox 828 1079 960 1150; x_wconf 87' lang='lat' dir='ltr'>Sancto</span> <span class='ocrx_word' id='word_1_41' title='bbox 973 1087 1098 1149; x_wconf 87' lang='lat' dir='ltr'>natum</span> <span class='ocrx_word' id='word_1_42' title='bbox 1112 1102 1158 1149; x_wconf 89' lang='lat' dir='ltr'>ex</span> <span class='ocrx_word' id='word_1_43' title='bbox 1172 1080 1320 1172; x_wconf 82' lang='lat' dir='ltr'>virgine,</span> 
     </span>
     <span class='ocr_line' id='line_1_8' title="bbox 270 1194 1321 1288; baseline -0.004 -20"><span class='ocrx_word' id='word_1_44' title='bbox 270 1198 332 1268; x_wconf 90' lang='lat' dir='ltr'>sed</span> <span class='ocrx_word' id='word_1_45' title='bbox 361 1198 542 1268; x_wconf 89' lang='lat' dir='ltr'>hominem</span> <span class='ocrx_word' id='word_1_46' title='bbox 572 1196 767 1267; x_wconf 88' lang='lat' dir='ltr'>solitarium</span> <span class='ocrx_word' id='word_1_47' title='bbox 802 1205 909 1288; x_wconf 86' lang='lat' dir='ltr'>atque</span> <span class='ocrx_word' id='word_1_48' title='bbox 942 1198 1089 1280; x_wconf 91' lang='lat' dir='ltr'>nudum,</span> <span class='ocrx_word' id='word_1_49' title='bbox 1119 1194 1218 1266; x_wconf 90' lang='lat' dir='ltr'>nullo</span> <span class='ocrx_word' id='word_1_50' title='bbox 1248 1194 1321 1265; x_wconf 86' lang='lat' dir='ltr'>alio</span> 
     </span>
     <span class='ocr_line' id='line_1_9' title="bbox 270 1312 1322 1408; baseline -0.002 -24"><span class='ocrx_word' id='word_1_51' title='bbox 270 1338 344 1407; x_wconf 88' lang='lat' dir='ltr'>prae</span> <span class='ocrx_word' id='word_1_52' title='bbox 371 1316 505 1385; x_wconf 75' lang='lat' dir='ltr'>ceteris</span> <span class='ocrx_word' id='word_1_53' title='bbox 535 1312 626 1408; x_wconf 63' lang='lat' dir='ltr'>(for.</span> <span class='ocrx_word' id='word_1_54' title='bbox 657 1313 923 1406; x_wconf 82' lang='lat' dir='ltr'>praecellentem</span> <span class='ocrx_word' id='word_1_55' title='bbox 951 1314 1111 1406; x_wconf 76' lang='lat' dir='ltr'>ceteris),</span> <span class='ocrx_word' id='word_1_56' title='bbox 1143 1314 1210 1383; x_wconf 88' lang='lat' dir='ltr'>nisi</span> <span class='ocrx_word' id='word_1_57' title='bbox 1244 1313 1322 1383; x_wconf 86' lang='lat' dir='ltr'>sola</span> 
     </span>
     <span class='ocr_line' id='line_1_10' title="bbox 263 1428 1321 1523; baseline -0.003 -23"><span class='ocrx_word' id='word_1_58' title='bbox 263 1432 415 1523; x_wconf 86' lang='lat' dir='ltr'>justitiae</span> <span class='ocrx_word' id='word_1_59' title='bbox 449 1431 671 1501; x_wconf 87' lang='lat' dir='ltr'>auctoritate.</span> <span class='ocrx_word' id='word_1_60' title='bbox 727 1428 835 1498; x_wconf 81' lang='lat' dir='ltr'>Alter</span> <span class='ocrx_word' id='word_1_61' title='bbox 867 1438 948 1521; x_wconf 87' lang='lat' dir='ltr'>post</span> <span class='ocrx_word' id='word_1_62' title='bbox 981 1428 1077 1498; x_wconf 91' lang='lat' dir='ltr'>hunc</span> <span class='ocrx_word' id='word_1_63' title='bbox 1112 1428 1321 1498; x_wconf 86' lang='lat' dir='ltr'>Theodotus</span> 
     </span>
     <span class='ocr_line' id='line_1_11' title="bbox 269 1544 1372 1637; baseline -0.004 -22"><span class='ocrx_word' id='word_1_64' title='bbox 269 1546 458 1617; x_wconf 85' lang='lat' dir='ltr'>haereticus</span> <span class='ocrx_word' id='word_1_65' title='bbox 491 1545 618 1637; x_wconf 87' lang='lat' dir='ltr'>erupit,</span> <span class='ocrx_word' id='word_1_66' title='bbox 651 1546 712 1636; x_wconf 91' lang='lat' dir='ltr'>qui</span> <span class='ocrx_word' id='word_1_67' title='bbox 747 1553 785 1614; x_wconf 91' lang='lat' dir='ltr'>et</span> <span class='ocrx_word' id='word_1_68' title='bbox 818 1546 893 1637; x_wconf 91' lang='lat' dir='ltr'>ipse</span> <span class='ocrx_word' id='word_1_69' title='bbox 935 1544 1135 1615; x_wconf 86' lang='lat' dir='ltr'>introduxit</span> <span class='ocrx_word' id='word_1_70' title='bbox 1168 1544 1319 1615; x_wconf 84' lang='lat' dir='ltr'>alteram</span> <span class='ocrx_word' id='word_1_71' title='bbox 1336 1573 1372 1612; x_wconf 84' lang='grc' dir='ltr'>ιο</span> 
     </span>
     <span class='ocr_line' id='line_1_12' title="bbox 269 1661 1320 1754; baseline -0.002 -21"><span class='ocrx_word' id='word_1_72' title='bbox 269 1671 413 1745; x_wconf 86' lang='lat' dir='ltr'>sectam,</span> <span class='ocrx_word' id='word_1_73' title='bbox 437 1670 474 1732; x_wconf 89' lang='lat' dir='ltr'>et</span> <span class='ocrx_word' id='word_1_74' title='bbox 499 1663 616 1754; x_wconf 86' lang='lat' dir='ltr'>ipsum</span> <span class='ocrx_word' id='word_1_75' title='bbox 644 1661 825 1732; x_wconf 90' lang='lat' dir='ltr'>hominem</span> <span class='ocrx_word' id='word_1_76' title='bbox 855 1662 1036 1732; x_wconf 87' lang='lat' dir='ltr'>Christum</span> <span class='ocrx_word' id='word_1_77' title='bbox 1068 1662 1320 1733; x_wconf 91' lang='lat' dir='ltr'>tantummodo</span> 
     </span>
     <span class='ocr_line' id='line_1_13' title="bbox 269 1776 1319 1872; baseline -0.003 -22"><span class='ocrx_word' id='word_1_78' title='bbox 269 1780 356 1851; x_wconf 91' lang='lat' dir='ltr'>dicit</span> <span class='ocrx_word' id='word_1_79' title='bbox 372 1802 419 1849; x_wconf 90' lang='lat' dir='ltr'>ex</span> <span class='ocrx_word' id='word_1_80' title='bbox 437 1777 573 1870; x_wconf 87' lang='lat' dir='ltr'>Spiritu</span> <span class='ocrx_word' id='word_1_81' title='bbox 591 1776 733 1860; x_wconf 88' lang='lat' dir='ltr'>Sancto,</span> <span class='ocrx_word' id='word_1_82' title='bbox 748 1787 785 1848; x_wconf 93' lang='lat' dir='ltr'>et</span> <span class='ocrx_word' id='word_1_83' title='bbox 799 1777 950 1872; x_wconf 85' lang='lat' dir='ltr'>Virgine</span> <span class='ocrx_word' id='word_1_84' title='bbox 969 1778 1088 1849; x_wconf 90' lang='lat' dir='ltr'>Maria</span> <span class='ocrx_word' id='word_1_85' title='bbox 1104 1787 1319 1872; x_wconf 88' lang='lat' dir='ltr'>conceptum</span> 
     </span>
     <span class='ocr_line' id='line_1_14' title="bbox 268 1894 1370 1989; baseline 0 -24"><span class='ocrx_word' id='word_1_86' title='bbox 268 1897 401 1989; x_wconf 85' lang='lat' dir='ltr'>pariter</span> <span class='ocrx_word' id='word_1_87' title='bbox 429 1904 467 1965; x_wconf 89' lang='lat' dir='ltr'>et</span> <span class='ocrx_word' id='word_1_88' title='bbox 492 1902 637 1977; x_wconf 90' lang='lat' dir='ltr'>natum;</span> <span class='ocrx_word' id='word_1_89' title='bbox 663 1894 726 1964; x_wconf 89' lang='lat' dir='ltr'>sed</span> <span class='ocrx_word' id='word_1_90' title='bbox 752 1894 846 1965; x_wconf 91' lang='lat' dir='ltr'>hunc</span> <span class='ocrx_word' id='word_1_91' title='bbox 872 1895 1074 1965; x_wconf 87' lang='lat' dir='ltr'>inferiorem</span> <span class='ocrx_word' id='word_1_92' title='bbox 1100 1918 1186 1978; x_wconf 88' lang='lat' dir='ltr'>esse,</span> <span class='ocrx_word' id='word_1_93' title='bbox 1210 1919 1319 1987; x_wconf 90' lang='lat' dir='ltr'>quam</span> <span class='ocrx_word' id='word_1_94' title='bbox 1365 1898 1370 1917; x_wconf 94' lang='lat'><em>&#39;</em></span> 
     </span>
     <span class='ocr_line' id='line_1_15' title="bbox 106 2010 1321 2135; baseline 0 -52"><span class='ocrx_word' id='word_1_95' title='bbox 106 2020 204 2135; x_wconf 48' lang='lat' dir='ltr'>{¹¹ss</span> <span class='ocrx_word' id='word_1_96' title='bbox 217 2033 240 2133; x_wconf 56' lang='grc' dir='ltr'>εὑ·</span> <span class='ocrx_word' id='word_1_97' title='bbox 271 2012 549 2094; x_wconf 88' lang='lat' dir='ltr'>Melchisedech,</span> <span class='ocrx_word' id='word_1_98' title='bbox 566 2035 609 2082; x_wconf 93' lang='lat' dir='ltr'>eo</span> <span class='ocrx_word' id='word_1_99' title='bbox 627 2012 722 2102; x_wconf 91' lang='lat' dir='ltr'>quod</span> <span class='ocrx_word' id='word_1_100' title='bbox 739 2011 874 2080; x_wconf 91' lang='lat' dir='ltr'>dictum</span> <span class='ocrx_word' id='word_1_101' title='bbox 893 2011 939 2079; x_wconf 91' lang='lat' dir='ltr'>sit</span> <span class='ocrx_word' id='word_1_102' title='bbox 957 2012 1002 2081; x_wconf 90' lang='lat' dir='ltr'>de</span> <span class='ocrx_word' id='word_1_103' title='bbox 1019 2010 1185 2082; x_wconf 88' lang='lat' dir='ltr'>Christo:</span> <span class='ocrx_word' id='word_1_104' title='bbox 1211 2010 1266 2083; x_wconf 81' lang='lat' dir='ltr'>Ta</span> <span class='ocrx_word' id='word_1_105' title='bbox 1283 2036 1321 2083; x_wconf 81' lang='lat' dir='ltr'>es</span> 
     </span>
     <span class='ocr_line' id='line_1_16' title="bbox 199 2120 1369 2218; baseline -0.001 -19"><span class='ocrx_word' id='word_1_106' title='bbox 199 2120 207 2134; x_wconf 67' lang='lat'><em>⁶</em></span> <span class='ocrx_word' id='word_1_107' title='bbox 235 2120 242 2133; x_wconf 79' lang='grc'><strong>’</strong></span> <span class='ocrx_word' id='word_1_108' title='bbox 268 2128 426 2201; x_wconf 81' lang='lat' dir='ltr'>sacerdos</span> <span class='ocrx_word' id='word_1_109' title='bbox 443 2129 481 2198; x_wconf 80' lang='lat' dir='ltr'>ia</span> <span class='ocrx_word' id='word_1_110' title='bbox 498 2137 663 2198; x_wconf 71' lang='lat' dir='ltr'>aewraam</span> <span class='ocrx_word' id='word_1_111' title='bbox 679 2125 864 2197; x_wconf 69' lang='lat' dir='ltr'>recaredum</span> <span class='ocrx_word' id='word_1_112' title='bbox 881 2126 1038 2198; x_wconf 79' lang='lat' dir='ltr'>ordinem</span> <span class='ocrx_word' id='word_1_113' title='bbox 1055 2126 1319 2201; x_wconf 78' lang='lat' dir='ltr'>Melchisedech.</span> <span class='ocrx_word' id='word_1_114' title='bbox 1334 2160 1369 2218; x_wconf 81' lang='lat'>¹5</span> 
     </span>
     <span class='ocr_line' id='line_1_17' title="bbox 270 2244 1319 2338; baseline 0 -21"><span class='ocrx_word' id='word_1_115' title='bbox 270 2246 367 2317; x_wconf 86' lang='lat' dir='ltr'>Nam</span> <span class='ocrx_word' id='word_1_116' title='bbox 385 2246 487 2315; x_wconf 91' lang='lat' dir='ltr'>illum</span> <span class='ocrx_word' id='word_1_117' title='bbox 505 2244 773 2316; x_wconf 80' lang='lat' dir='ltr'>Melchisedech</span> <span class='ocrx_word' id='word_1_118' title='bbox 794 2246 974 2337; x_wconf 88' lang='lat' dir='ltr'>praecipue</span> <span class='ocrx_word' id='word_1_119' title='bbox 994 2246 1116 2338; x_wconf 80' lang='lat' dir='ltr'>gratiae</span> <span class='ocrx_word' id='word_1_120' title='bbox 1134 2244 1319 2317; x_wconf 85' lang='lat' dir='ltr'>caelestem</span> 
     </span>
     <span class='ocr_line' id='line_1_18' title="bbox 246 2358 1319 2458; baseline 0.003 -26"><span class='ocrx_word' id='word_1_121' title='bbox 246 2385 344 2433; x_wconf 72' lang='lat' dir='ltr'>‚esse</span> <span class='ocrx_word' id='word_1_122' title='bbox 371 2363 561 2444; x_wconf 80' lang='lat' dir='ltr'>virtutem3</span> <span class='ocrx_word' id='word_1_123' title='bbox 586 2382 630 2431; x_wconf 88' lang='lat' dir='ltr'>eo</span> <span class='ocrx_word' id='word_1_124' title='bbox 658 2358 750 2456; x_wconf 79' lang='lat' dir='ltr'>(sor.</span> <span class='ocrx_word' id='word_1_125' title='bbox 781 2368 819 2431; x_wconf 92' lang='lat' dir='ltr'>et</span> <span class='ocrx_word' id='word_1_126' title='bbox 848 2358 1079 2453; x_wconf 77' lang='lat' dir='ltr'>scribendum)</span> <span class='ocrx_word' id='word_1_127' title='bbox 1110 2362 1205 2453; x_wconf 88' lang='lat' dir='ltr'>quod</span> <span class='ocrx_word' id='word_1_128' title='bbox 1233 2372 1319 2458; x_wconf 83' lang='lat' dir='ltr'>agat</span> 
     </span>
     <span class='ocr_line' id='line_1_19' title="bbox 269 2476 1319 2571; baseline 0.002 -21"><span class='ocrx_word' id='word_1_129' title='bbox 269 2478 430 2550; x_wconf 89' lang='lat' dir='ltr'>Christus</span> <span class='ocrx_word' id='word_1_130' title='bbox 464 2502 527 2571; x_wconf 89' lang='lat' dir='ltr'>pro</span> <span class='ocrx_word' id='word_1_131' title='bbox 560 2476 773 2559; x_wconf 90' lang='lat' dir='ltr'>hominibus,</span> <span class='ocrx_word' id='word_1_132' title='bbox 808 2478 1016 2569; x_wconf 77' lang='lat' dir='ltr'>deprecator</span> <span class='ocrx_word' id='word_1_133' title='bbox 1053 2487 1091 2548; x_wconf 88' lang='lat' dir='ltr'>et</span> <span class='ocrx_word' id='word_1_134' title='bbox 1124 2479 1319 2552; x_wconf 86' lang='lat' dir='ltr'>advocatus</span> 
     </span>
     <span class='ocr_line' id='line_1_20' title="bbox 268 2591 1319 2688; baseline 0.002 -22"><span class='ocrx_word' id='word_1_135' title='bbox 268 2598 424 2688; x_wconf 89' lang='lat' dir='ltr'>ipsorum</span> <span class='ocrx_word' id='word_1_136' title='bbox 449 2595 574 2677; x_wconf 88' lang='lat' dir='ltr'>factus,</span> <span class='ocrx_word' id='word_1_137' title='bbox 594 2591 862 2664; x_wconf 83' lang='lat' dir='ltr'>Melchisedech</span> <span class='ocrx_word' id='word_1_138' title='bbox 889 2592 1004 2664; x_wconf 84' lang='lat' dir='ltr'>facere</span> <span class='ocrx_word' id='word_1_139' title='bbox 1024 2617 1089 2687; x_wconf 88' lang='lat' dir='ltr'>pro</span> <span class='ocrx_word' id='word_1_140' title='bbox 1114 2595 1319 2668; x_wconf 82' lang='lat' dir='ltr'>coelestibus</span> 
     </span>
     <span class='ocr_line' id='line_1_21' title="bbox 268 2709 1370 2805; baseline 0 -22"><span class='ocrx_word' id='word_1_141' title='bbox 268 2712 402 2805; x_wconf 81' lang='lat' dir='ltr'>angelis</span> <span class='ocrx_word' id='word_1_142' title='bbox 419 2720 527 2804; x_wconf 87' lang='lat' dir='ltr'>atque</span> <span class='ocrx_word' id='word_1_143' title='bbox 544 2710 759 2792; x_wconf 90' lang='lat' dir='ltr'>virtutibus;</span> <span class='ocrx_word' id='word_1_144' title='bbox 785 2734 867 2780; x_wconf 91' lang='lat' dir='ltr'>nam</span> <span class='ocrx_word' id='word_1_145' title='bbox 885 2733 961 2781; x_wconf 87' lang='lat' dir='ltr'>esse</span> <span class='ocrx_word' id='word_1_146' title='bbox 979 2709 1081 2782; x_wconf 91' lang='lat' dir='ltr'>illum</span> <span class='ocrx_word' id='word_1_147' title='bbox 1099 2716 1370 2804; x_wconf 72' lang='lat' dir='ltr'>usqueadeone</span> 
     </span>
     <span class='ocr_line' id='line_1_22' title="bbox 106 2828 1321 2924; baseline 0.001 -22"><span class='ocrx_word' id='word_1_148' title='bbox 106 2842 170 2895; x_wconf 69' lang='lat' dir='ltr'>Eeb·</span> <span class='ocrx_word' id='word_1_149' title='bbox 181 2843 222 2890; x_wconf 79' lang='lat' dir='ltr'>vii·</span> <span class='ocrx_word' id='word_1_150' title='bbox 236 2856 258 2903; x_wconf 77' lang='lat' dir='ltr'>a·</span> <span class='ocrx_word' id='word_1_151' title='bbox 269 2828 411 2900; x_wconf 86' lang='lat' dir='ltr'>Christo</span> <span class='ocrx_word' id='word_1_152' title='bbox 435 2828 629 2909; x_wconf 86' lang='lat' dir='ltr'>meliorem,</span> <span class='ocrx_word' id='word_1_153' title='bbox 646 2835 689 2896; x_wconf 92' lang='lat' dir='ltr'>ut</span> <span class='ocrx_word' id='word_1_154' title='bbox 713 2834 838 2918; x_wconf 89' lang='lat' dir='ltr'>apator</span> <span class='ocrx_word' id='word_1_155' title='bbox 863 2828 918 2909; x_wconf 87' lang='lat' dir='ltr'>sit,</span> <span class='ocrx_word' id='word_1_156' title='bbox 936 2835 1074 2897; x_wconf 87' lang='lat' dir='ltr'>ametor</span> <span class='ocrx_word' id='word_1_157' title='bbox 1094 2830 1150 2910; x_wconf 89' lang='lat' dir='ltr'>sit,</span> <span class='ocrx_word' id='word_1_158' title='bbox 1167 2852 1321 2924; x_wconf 83' lang='lat' dir='ltr'>agenea-</span> 
     </span>
     <span class='ocr_line' id='line_1_23' title="bbox 267 2942 1320 3041; baseline 0.001 -25"><span class='ocrx_word' id='word_1_159' title='bbox 267 2946 407 3041; x_wconf 83' lang='lat' dir='ltr'>logetus</span> <span class='ocrx_word' id='word_1_160' title='bbox 424 2947 479 3029; x_wconf 88' lang='lat' dir='ltr'>sit,</span> <span class='ocrx_word' id='word_1_161' title='bbox 497 2946 597 3036; x_wconf 89' lang='lat' dir='ltr'>cujus</span> <span class='ocrx_word' id='word_1_162' title='bbox 622 2966 739 3035; x_wconf 89' lang='lat' dir='ltr'>neque</span> <span class='ocrx_word' id='word_1_163' title='bbox 758 2942 910 3025; x_wconf 90' lang='lat' dir='ltr'>initium,</span> <span class='ocrx_word' id='word_1_164' title='bbox 929 2965 1044 3033; x_wconf 88' lang='lat' dir='ltr'>neque</span> <span class='ocrx_word' id='word_1_165' title='bbox 1061 2942 1141 3015; x_wconf 91' lang='lat' dir='ltr'>finis</span> <span class='ocrx_word' id='word_1_166' title='bbox 1158 2968 1320 3039; x_wconf 83' lang='lat' dir='ltr'>compre-</span> 
     </span>
     <span class='ocr_line' id='line_1_24' title="bbox 267 3056 1319 3153; baseline 0.003 -23"><span class='ocrx_word' id='word_1_167' title='bbox 267 3061 397 3132; x_wconf 90' lang='lat' dir='ltr'>hensus</span> <span class='ocrx_word' id='word_1_168' title='bbox 424 3062 481 3143; x_wconf 88' lang='lat' dir='ltr'>sit,</span> <span class='ocrx_word' id='word_1_169' title='bbox 504 3068 567 3129; x_wconf 90' lang='lat' dir='ltr'>aut</span> <span class='ocrx_word' id='word_1_170' title='bbox 588 3056 841 3149; x_wconf 87' lang='lat' dir='ltr'>comprehendi</span> <span class='ocrx_word' id='word_1_171' title='bbox 866 3058 987 3150; x_wconf 88' lang='lat' dir='ltr'>possit.</span> <span class='ocrx_word' id='word_1_172' title='bbox 1050 3057 1122 3129; x_wconf 88' lang='lat' dir='ltr'>Sed</span> <span class='ocrx_word' id='word_1_173' title='bbox 1148 3069 1230 3153; x_wconf 87' lang='lat' dir='ltr'>post</span> <span class='ocrx_word' id='word_1_174' title='bbox 1251 3062 1319 3133; x_wconf 87' lang='lat' dir='ltr'>hos</span> 
     </span>
     <span class='ocr_line' id='line_1_25' title="bbox 267 3172 1319 3264; baseline 0.002 -17"><span class='ocrx_word' id='word_1_175' title='bbox 267 3200 390 3247; x_wconf 91' lang='lat' dir='ltr'>omnes</span> <span class='ocrx_word' id='word_1_176' title='bbox 419 3179 528 3246; x_wconf 90' lang='lat' dir='ltr'>etiam</span> <span class='ocrx_word' id='word_1_177' title='bbox 557 3174 712 3244; x_wconf 84' lang='lat' dir='ltr'>Praxeas</span> <span class='ocrx_word' id='word_1_178' title='bbox 741 3172 885 3264; x_wconf 81' lang='lat' dir='ltr'>quidam</span> <span class='ocrx_word' id='word_1_179' title='bbox 915 3174 1079 3246; x_wconf 89' lang='lat' dir='ltr'>haeresim</span> <span class='ocrx_word' id='word_1_180' title='bbox 1107 3178 1319 3262; x_wconf 87' lang='lat' dir='ltr'>introduxit,</span> 
     </span>
     <span class='ocr_line' id='line_1_26' title="bbox 268 3290 1364 3386; baseline 0 -23"><span class='ocrx_word' id='word_1_181' title='bbox 268 3315 374 3386; x_wconf 90' lang='lat' dir='ltr'>quam</span> <span class='ocrx_word' id='word_1_182' title='bbox 405 3290 612 3362; x_wconf 87' lang='lat' dir='ltr'>Victorinus</span> <span class='ocrx_word' id='word_1_183' title='bbox 649 3290 873 3360; x_wconf 88' lang='lat' dir='ltr'>corroborare</span> <span class='ocrx_word' id='word_1_184' title='bbox 907 3294 1064 3376; x_wconf 86' lang='lat' dir='ltr'>curavit3</span> <span class='ocrx_word' id='word_1_185' title='bbox 1102 3293 1161 3364; x_wconf 87' lang='lat' dir='ltr'>hic</span> <span class='ocrx_word' id='word_1_186' title='bbox 1196 3294 1318 3367; x_wconf 88' lang='lat' dir='ltr'>Deum</span> <span class='ocrx_word' id='word_1_187' title='bbox 1330 3326 1364 3383; x_wconf 82' lang='lat'>25</span> 
     </span>
     <span class='ocr_line' id='line_1_27' title="bbox 269 3404 1318 3499; baseline 0.005 -20"><span class='ocrx_word' id='word_1_188' title='bbox 269 3409 412 3479; x_wconf 88' lang='lat' dir='ltr'>Patrem</span> <span class='ocrx_word' id='word_1_189' title='bbox 438 3407 719 3499; x_wconf 88' lang='lat' dir='ltr'>omnipotentem</span> <span class='ocrx_word' id='word_1_190' title='bbox 745 3404 870 3479; x_wconf 90' lang='lat' dir='ltr'>Jesum</span> <span class='ocrx_word' id='word_1_191' title='bbox 897 3407 1080 3479; x_wconf 84' lang='lat' dir='ltr'>Christum</span> <span class='ocrx_word' id='word_1_192' title='bbox 1105 3433 1182 3480; x_wconf 88' lang='lat' dir='ltr'>esse</span> <span class='ocrx_word' id='word_1_193' title='bbox 1208 3414 1318 3485; x_wconf 86' lang='lat' dir='ltr'>dicit:</span> 
     </span>
     <span class='ocr_line' id='line_1_28' title="bbox 266 3522 1317 3613; baseline 0.005 -19"><span class='ocrx_word' id='word_1_194' title='bbox 266 3523 362 3594; x_wconf 90' lang='lat' dir='ltr'>hunc</span> <span class='ocrx_word' id='word_1_195' title='bbox 391 3522 598 3592; x_wconf 90' lang='lat' dir='ltr'>crucifixum</span> <span class='ocrx_word' id='word_1_196' title='bbox 623 3543 835 3613; x_wconf 86' lang='lat' dir='ltr'>passumque</span> <span class='ocrx_word' id='word_1_197' title='bbox 858 3524 1043 3594; x_wconf 86' lang='lat' dir='ltr'>contendit</span> <span class='ocrx_word' id='word_1_198' title='bbox 1063 3533 1101 3595; x_wconf 92' lang='lat' dir='ltr'>et</span> <span class='ocrx_word' id='word_1_199' title='bbox 1122 3534 1317 3599; x_wconf 89' lang='lat' dir='ltr'>mortuum.</span> 
     </span>
     <span class='ocr_line' id='line_1_29' title="bbox 269 3637 1319 3730; baseline 0.005 -20"><span class='ocrx_word' id='word_1_200' title='bbox 269 3639 448 3710; x_wconf 86' lang='lat' dir='ltr'>Praeterea</span> <span class='ocrx_word' id='word_1_201' title='bbox 472 3660 510 3709; x_wconf 90' lang='lat' dir='ltr'>se</span> <span class='ocrx_word' id='word_1_202' title='bbox 534 3640 650 3730; x_wconf 87' lang='lat' dir='ltr'>ipsum</span> <span class='ocrx_word' id='word_1_203' title='bbox 680 3637 745 3707; x_wconf 90' lang='lat' dir='ltr'>sibi</span> <span class='ocrx_word' id='word_1_204' title='bbox 777 3637 900 3707; x_wconf 88' lang='lat' dir='ltr'>sedere</span> <span class='ocrx_word' id='word_1_205' title='bbox 926 3639 972 3709; x_wconf 88' lang='lat' dir='ltr'>ad</span> <span class='ocrx_word' id='word_1_206' title='bbox 995 3639 1180 3712; x_wconf 89' lang='lat' dir='ltr'>dexteram</span> <span class='ocrx_word' id='word_1_207' title='bbox 1204 3666 1319 3729; x_wconf 87' lang='lat' dir='ltr'>suam,</span> 
     </span>
     <span class='ocr_line' id='line_1_30' title="bbox 267 3752 1198 3851; baseline 0 -22"><span class='ocrx_word' id='word_1_208' title='bbox 267 3778 348 3829; x_wconf 89' lang='lat' dir='ltr'>cum</span> <span class='ocrx_word' id='word_1_209' title='bbox 365 3754 546 3850; x_wconf 87' lang='lat' dir='ltr'>prophana</span> <span class='ocrx_word' id='word_1_210' title='bbox 562 3761 600 3825; x_wconf 88' lang='lat' dir='ltr'>et</span> <span class='ocrx_word' id='word_1_211' title='bbox 617 3752 788 3847; x_wconf 81' lang='lat' dir='ltr'>sacrilega</span> <span class='ocrx_word' id='word_1_212' title='bbox 804 3756 1006 3827; x_wconf 86' lang='lat' dir='ltr'>temeritate</span> <span class='ocrx_word' id='word_1_213' title='bbox 1023 3758 1198 3851; x_wconf 87' lang='lat' dir='ltr'>proponit.</span> 
     </span>
    </p>
   </div>
   <div class='ocr_carea' id='block_1_3' title="bbox 703 3996 881 4049">
    <p class='ocr_par' dir='ltr' id='par_1_3' title="bbox 703 3996 881 4049">
     <span class='ocr_line' id='line_1_31' title="bbox 703 3996 881 4049; baseline -0.011 0"><span class='ocrx_word' id='word_1_214' title='bbox 703 3996 881 4049; x_wconf 80' lang='lat' dir='ltr'>EXPLICIT.</span> 
     </span>
    </p>
   </div>
   <div class='ocr_carea' id='block_1_4' title="bbox 0 0 1438 4817">
    <p class='ocr_par' dir='ltr' id='par_1_4' title="bbox 0 0 1438 4817">
     <span class='ocr_line' id='line_1_32' title="bbox 0 0 1438 4817; baseline 0 0"><span class='ocrx_word' id='word_1_215' title='bbox 0 0 1438 4817; x_wconf 95' lang='lat' dir='ltr'> </span> 
     </span>
    </p>
   </div>
  </div>
 </body>
</html>
