2867 4817
244 352 310 419 260
580 348 961 413 ANNO'I'ATIONES

252 522 415 596 Morcelli;
440 522 494 607 qui
509 521 636 607 quidem
650 520 699 585 vir
711 519 949 597 disertissimus,
965 518 994 582 el
1076 516 1212 581 tioribus
1222 539 1308 582 saue

249 610 367 676 litteris
389 608 547 693 exquisite
564 607 687 685 doctus,
710 608 743 671 in
762 607 880 689 Africa
904 619 964 668 sua
986 604 1164 667 Cesistione
1185 604 1310 668 exinde

252 695 387 782 collegit,
403 715 467 759 non
482 716 574 779 posse
592 693 670 772 fieri,
686 700 724 757 ut
745 691 949 756 Firmilianus
963 690 1012 753 vir
1029 695 1169 766 sanctus,
1184 697 1223 754 ut
1242 688 1308 768 ait,

253 790 286 848 ct
301 804 322 847 a
341 780 449 845 multis
468 780 715 858 commendatus,
732 779 791 842 has
805 777 915 842 literas
934 776 1105 861 scripserit,
1126 776 1202 860 quia
1219 775 1311 839 adeo

252 877 365 935 contra
389 866 479 930 Petri
499 886 711 930 successorem
732 863 931 949 Stephanum
949 861 1185 926 contumeliosae
1202 867 1313 946 atque

252 953 406 1039 improbes
420 951 504 1026 sint;
533 952 642 1036 quales
661 951 703 1015 ab
717 950 869 1014 haeretioo
888 969 1026 1034 nequam
1045 956 1080 1012 et
1094 946 1203 1011 infami
1218 968 1314 1010 com·

252 1040 377 1125 positae.
423 1038 553 1122 insigne
571 1036 751 1122 exemplum
769 1035 911 1113 fallaciae,
929 1056 999 1120 quae
1014 1033 1133 1097 dicitur
1144 1034 1314 1118 petitiom'a

245 1124 417 1213 principii!
432 1123 499 1187 Fac
508 1130 616 1187 cutem
625 1144 702 1201 esse,
710 1122 764 1207 qui
772 1122 954 1207 hujusmodi
962 1119 1159 1220 argumentis
1166 1120 1314 1183 scientes

253 1212 488 1296 prudentesque
508 1208 540 1271 in
562 1208 657 1273 rebus
679 1208 764 1272 tanti
790 1207 943 1272 momenti
969 1227 1017 1269 usi
1040 1205 1114 1282 siut,
1135 1205 1220 1268 unde
1245 1203 1315 1269 fiat

252 1298 354 1361 totius
367 1294 442 1359 fidei
459 1294 620 1359 historicae
638 1294 797 1370 interitus,
813 1293 921 1379 quidni
936 1292 1041 1356 Deum
1059 1291 1210 1376 deprecer
1224 1312 1315 1354 meoe

252 1383 375 1460 animae,
392 1402 432 1444 ne
447 1380 536 1445 sitin
555 1381 663 1445 futuro
683 1380 799 1443 saeculo
821 1386 973 1443 cumtcm
994 1377 1110 1461 iniquis
1131 1385 1165 1441 et
1186 1376 1317 1462 impro-

252 1469 302 1533 bis
328 1466 497 1555 sophistis?
527 1465 768 1541 Verumtamen,
790 1466 875 1550 quod
894 1464 970 1528 alibi
990 1463 1065 1541 dixi,
1088 1463 1214 1547 ineptas
1234 1461 1317 1527 illas

254 1554 396 1618 Missorii
415 1558 527 1616 contra
545 1552 627 1616 hanc
651 1574 669 1615 e
692 1551 819 1615 istolsm
834 1549 1050 1614 cavillationes
1064 1548 1118 1613 alii
1132 1548 1318 1634 scriptores

252 1637 560 1705 Romanocatholici
575 1638 659 1701 inter
670 1574 776 1702 italos
796 1658 921 1722 quoque
936 1636 1087 1721 degentes
1105 1642 1317 1719 respuerunt.

253 1726 406 1794 consens
420 1730 453 1788 et
469 1723 588 1788 Baluzii
603 1730 724 1801 notam,
741 1745 837 1808 quam
852 1723 895 1787 sd
908 1723 1004 1786 finem
1015 1719 1158 1806 epistolae
1172 1720 1318 1785 adduxi.

297 1812 336 1876 P.
350 1829 420 1890 244.
438 1810 458 1874 l.
469 1828 498 1891 7.
514 1809 697 1893 confitetur]
725 1809 831 1896 Vulgo
846 1810 1015 1896 profitetur.
1040 1807 1167 1871 Mutavi
1184 1828 1246 1892 ego
1268 1829 1319 1871 ex

254 1898 392 1986 quinque
407 1896 534 1980 scriptis
548 1895 718 1959 codicibus.

297 1983 334 2046 P.
347 1998 419 2066 245.
436 1981 457 2043 l.
471 2000 520 2046 21.
538 1988 571 2045 et
587 1982 614 2045 si
628 2003 726 2045 novos
741 1982 915 2067 prophetas
928 1980 1099 2065 recipiunt]
1116 1979 1190 2042 Noa
1204 1986 1240 2041 ut
1261 2000 1323 2043 cos

255 2070 357 2169 (prius
374 2068 487 2148 cocos).
516 2066 611 2131 Hanc
632 2068 809 2146 lectionem,
825 2089 922 2153 quam
966 2074 1023 2130 uto
1047 2087 1116 2129 esse
1140 2064 1320 2149 optimam,

253 2154 357 2219 inveni
372 2154 405 2216 in
425 2174 489 2216 uno
508 2153 590 2217 libro
609 2175 680 2217 meo
695 2160 811 2218 vetere.
858 2088 1022 2217 Morellius
1039 2150 1147 2251 posuit
1160 2172 1221 2213 coa
1234 2172 1320 2225 coa‚·

254 2262 387 2390 ppmqpie
401 2239 569 2388 lectionepln
585 2261 644 2389 ego
658 2239 762 2324 reperi
774 2240 810 2341 in
820 2246 963 2389 guatuotr
977 2237 1138 2388 codicilpus
1155 2235 1323 2321 antiquis.

285 2348 355 2389 erne
379 2347 417 2388 us
443 2346 532 2388 emen
557 2346 607 2389 av1
649 2347 689 2389 ex
711 2347 771 2389 con
784 2348 820 2390 ec
836 2347 896 2389 ura
917 2346 935 2388 e
976 2346 1036 2387 scn
1060 2345 1087 2387 s1
1127 2343 1215 2386 cocos

247 2413 366 2503 pletas,
392 2417 463 2475 tum
489 2410 563 2495 quia
588 2348 805 2495 conjecturain
830 2432 921 2475 suam
946 2346 1167 2473 confirirratam
1187 2344 1326 2491 reddiit

255 2498 449 2563 auctoritate
464 2496 581 2560 codicis
603 2497 771 2582 Anglicani
787 2519 850 2582 quo
870 2498 938 2581 ipse
957 2496 1118 2569 utebatur,
1134 2502 1204 2557 tum
1222 2496 1326 2577 quod

255 2591 353 2649 antea
368 2582 571 2646 Firmilianus
586 2604 739 2646 novarum
753 2583 993 2668 prophetiarum
1013 2580 1202 2644 meminerit.
1244 2579 1326 2645 Ita·

279 2692 319 2733 ue
333 2692 372 2733 ex
388 2668 527 2732 editione
547 2668 680 2733 Pamclii
699 2668 829 2733 emersit
848 2668 996 2754 vulgaris.
1042 2666 1181 2730 Videtur
1198 2672 1327 2731 autem

257 2693 462 2819 hinnilianus
486 2754 662 2839 respexisse
687 2754 730 2818 sd
754 2755 901 2819 haeresim
928 2751 1201 2829 Marcionitarum,
1230 2774 1328 2837 quos

257 2840 456 2927 Epiphanius
467 2840 514 2905 ait
525 2840 708 2925 repudiasse
721 2841 822 2927 legem
833 2862 871 2905 ac
885 2839 1068 2926 prophetas.
1100 2839 1215 2901 Monet
1230 2860 1329 2922 prae·

257 2934 347 2993 teres
370 2926 530 2990 Pemelius
553 2926 585 2988 in
610 2925 716 2989 codice
740 2948 797 2990 suo
820 2926 999 3012 Anglicano
1021 2924 1082 3026 legi
1104 2934 1133 2988 et
1153 2924 1329 3008 Spiritum

258 3016 405 3077 Sanctam
419 3020 493 3096 post
508 3013 637 3075 Patren
651 3022 679 3076 et
692 3013 826 3077 Filium.
870 3012 964 3093 Quod
978 3034 1038 3097 ego
1052 3032 1085 3074 m
1099 3009 1185 3072 nullo
1199 3030 1329 3076 eorum

258 3105 402 3163 veterum
423 3097 650 3182 exemplarium
671 3099 774 3182 reperi
795 3098 908 3183 quibus
926 3119 1003 3161 usus
1023 3118 1094 3160 sum
1114 3095 1147 3158 in
1165 3095 1228 3158 hac
1247 3098 1330 3182 epi·

258 3183 344 3250 stols
371 3183 573 3247 recensenda.
618 3183 743 3268 Rejccit
771 3190 879 3249 autem
910 3182 1070 3248 Parnelius
1096 3180 1157 3245 hoc
1184 3181 1329 3248 addita-

259 3275 412 3345 mentum,
428 3268 504 3352 quia
518 3268 644 3354 Octaph
682 3292 731 3353 gae
746 3292 810 3333 nou
828 3269 964 3333 eundem
982 3269 1138 3354 Spiritum
1156 3267 1330 3333 Sanctum

261 3374 333 3419 cum
347 3353 511 3417 catholicis
526 3375 662 3438 agnosce
684 3362 750 3432 ant,
766 3362 880 3440 utpote
895 3355 1025 3439 quinon
1041 3353 1131 3416 illum
1145 3352 1201 3416 sed
1218 3353 1331 3419 Mou-

260 3447 373 3504 tanum
388 3460 456 3502 csse
470 3440 667 3524 paracletum
681 3462 702 3504 a
716 3441 845 3505 Christo
864 3441 1055 3525 promissum
1074 3440 1227 3502 dicerent.
1250 3438 1331 3503 Bs-

260 3547 376 3589 numus.
415 3524 579 3589 Statuenti
603 3525 655 3590 hic
677 3526 808 3590 Baluzio
829 3526 1004 3610 respexisse
1026 3524 1250 3588 Firmilicuum
1277 3529 1333 3592 ad

263 3610 472 3675 Marcionitas
486 3618 573 3675 recte
588 3633 740 3696 oppones,
755 3619 878 3677 veteres
892 3620 1000 3696 patres
1015 3611 1048 3674 id
1063 3630 1187 3694 semper
1201 3609 1333 3679 solitos

261 3719 330 3761 esse
344 3718 402 3781 pro
417 3703 505 3761 certo
520 3704 671 3775 statuere,
688 3697 785 3762 alium
799 3720 837 3761 ac
852 3697 1010 3761 diversum
1026 3695 1131 3761 Deum
1142 3716 1333 3779 agnoscere

263 3782 482 3859 Marcionitas,
493 3782 670 3866 quiOhristi
680 3784 812 3847 Patrem
823 3790 977 3868 negarent
987 3781 1142 3846 creavisse
1149 3782 1332 3851 mundum.

263 3869 351 3932 Audi
371 3867 600 3932 Tertullianum
622 3870 727 3932 adhuc
741 3868 932 3933 catholicum
951 3870 983 3931 in
1003 3868 1063 3932 heo
1083 3867 1154 3952 ipsa
1173 3866 1214 3930 de
1234 3867 1332 3957 bap-

262 3954 349 4018 tismi
373 3953 548 4039 quaestione
571 3953 655 4017 idem
679 3961 910 4040 suggerentem,
931 3956 1005 4018 Nus
1026 3951 1124 4030 deleo,
1145 3951 1265 4036 inquit,
1290 3958 1335 4021 ia

262 4040 328 4104 illis
344 4038 528 4122 (haereticis)
544 4061 699 4117 senescere
713 4040 794 4125 quod
805 4040 883 4103 mihi
901 4048 943 4104 est
980 4048 1151 4124 receptam,
1165 4038 1243 4122 quic
1259 4062 1335 4107 non

263 4126 445 4189 idcmDeus
466 4132 507 4188 est
525 4108 650 4189 coldct
668 4126 1067 4203 illiaceccocsOristus,
1087 4124 1126 4188 td
1144 4124 1332 4199 midam.-

265 4210 305 4272 de
320 4210 486 4294 Bcptismo
500 4232 570 4294 cap.
587 4230 633 4293 15.
681 4210 796 4295 Itaque
815 4218 956 4276 veterem
972 4210 1115 4275 revocavi
1135 4209 1332 4292 lectionem,

264 4316 335 4385 qum
351 4316 422 4359 cum
441 4294 553 4357 melior
572 4304 716 4380 apparet,
737 4303 806 4362 trun
829 4303 921 4361 extat
942 4297 975 4360 in
997 4296 1106 4360 codice
1127 4294 1333 4380 Bodleiano,
