2867 4817
326 798 609 883 FIRMIANI
640 800 964 885 LACTANTII
1026 833 1033 844 ·

441 982 824 1114 semona

220 1219 698 1325 1Nss1suuronuu
729 1253 1076 1325 nrvrnnnuu

383 1639 660 1707 PENTADIUM
687 1640 918 1707 FRATREM.

502 1848 795 1879 -.-...,,,-

216 2020 515 2107 UANQUAM
548 2022 744 2093 divinorum
779 2023 1048 2095 Institutionum
1077 2023 1167 2107 libri,

238 2164 325 2235 quos
353 2140 428 2233 jem
463 2138 598 2233 pridem
632 2139 677 2208 ed
710 2137 951 2210 illustrandam
982 2142 1167 2212 veritatem

130 2258 405 2353 religionemque
430 2256 705 2350 conscripsimus,
733 2257 784 2326 ita
810 2255 1007 2351 legentium
1030 2266 1168 2330 mentes

130 2376 313 2459 instruant,
341 2375 393 2447 ita
425 2374 625 2455 informent,
665 2380 706 2442 ut
739 2395 805 2444 nee
842 2373 1024 2467 prolixitas
1056 2376 1170 2469 pariat

131 2492 322 2575 fastidium,
352 2514 417 2561 nee
448 2497 570 2563 oneret
596 2488 758 2572 ubertes3
800 2498 921 2561 tamen
949 2490 1073 2561 borum
1103 2492 1168 2563 tibi

132 2608 321 2702 Epitomen
337 2607 423 2691 fieri,
448 2605 614 2677 Pnnnam
637 2606 754 2688 frater,
772 2600 967 2691 desiderem
992 2608 1107 2693 oredo,
1127 2618 1170 2679 ut

130 2726 175 2795 ed
193 2732 229 2796 te
246 2723 378 2816 aliquid
394 2722 554 2805 seribem,
567 2730 739 2815 tuumque
756 2745 886 2794 nomen
898 2724 935 2794 in
951 2732 1072 2797 nostro
1084 2747 1170 2817 quo·

130 2842 295 2933 lieunque
324 2862 429 2934 opere
456 2839 662 2911 celebretur.
715 2837 857 2910 Faciam
882 2842 977 2933 quod
1002 2840 1168 2933 postules,

131 2960 198 3031 etsi
222 2958 363 3030 diffieile
389 2958 528 3028 videtur
554 2979 605 3039 ee,
623 2978 700 3049 quoe
725 2964 862 3050 septem
883 2959 1046 3028 maximis
1071 2959 1170 3029 volu-

130 3077 284 3147 minibus
317 3073 494 3167 explieate
530 3082 622 3155 sunt,
656 3074 694 3141 in
734 3095 845 3143 unum
879 3074 1045 3144 conferre.
1110 3074 1170 3145 Fit

132 3190 226 3288 (for.
255 3190 345 3274 Fiet,
372 3188 509 3283 Deoia)
534 3174 629 3260 enirn
656 3197 784 3272 totum,
810 3198 848 3260 et
872 3191 988 3260 minus
1014 3191 1169 3283 plenum,

132 3330 213 3379 oum
230 3316 331 3378 tante
346 3329 464 3378 rerum
480 3304 672 3376 multitudo
695 3305 733 3374 in
756 3312 944 3399 angustum
961 3304 1171 3379 coarctanda

132 3427 188 3508 sit,
206 3432 243 3497 et
263 3423 436 3494 brevitate
458 3423 534 3517 ipsa
560 3422 676 3493 minus
700 3420 843 3505 olanrm,
860 3424 1015 3493 maxime
1034 3445 1116 3494 eum
1132 3431 1170 3495 et

132 3548 340 3635 argumenta
367 3540 519 3633 plurime
548 3548 585 3610 et
620 3538 793 3632 exempla,
823 3540 860 3609 in
890 3539 1016 3631 quibus
1048 3533 1170 3611 lumen

133 3666 188 3728 est
226 3655 482 3749 probationum,
515 3678 656 3726 neeesse
692 3655 740 3756 sit
776 3655 963 3747 praete1iri3
1005 3657 1168 3749 quoniam

133 3782 233 3845 tanta
255 3796 376 3843 eorum
397 3773 498 3865 eopia
523 3781 589 3859 est,
606 3783 648 3842 ut
670 3771 727 3843 vel
752 3771 827 3842 sole
848 3772 976 3843 librum
999 3774 1170 3846 oonfioere

132 3891 277 3985 possint.
321 3890 459 3975 Quibus
476 3890 632 3973 sublatis
650 3890 736 3982 quid
751 3890 882 3983 poterit
897 3889 992 3959 utile·
1003 3890 1105 3979 (utile
1122 3900 1171 3962 est

134 4033 178 4079 ee
199 4007 389 4102 conjectura
413 4006 545 4103 Psaffii,
565 4030 640 4078 eum
666 4004 758 4077 botas
783 4006 822 4076 io
843 4004 952 4079 MSto
968 4029 1093 4078 vomas
1113 4010 1169 4080 sit.

133 4118 320 4220 Suppleod.
352 4123 488 4217 conficit
520 4120 711 4194 Buoemoa.
746 4123 977 4216 perspicuum.
1039 4122 1172 4213 Quidni

129 4240 276 4335 ponend.
304 4241 386 4312 satis
416 4239 598 4332 plenuml)
638 4240 721 4331 quid
748 4247 908 4331 apertum
935 4240 1068 4310 videri?
1099 4238 1170 4310 Sed
1239 4278 1243 4284 ·
