2867 4817
300 334 343 399 9⁰
411 338 415 350 '
635 330 1014 396 ANNOTATIONES

301 502 336 565 οὗ
351 504 456 584 Πατὴρ
470 503 641 567 πιστεύεται
660 506 813 588 οἰκονομίᾳ
836 506 1010 587 συμφωνίας
1032 503 1216 585 σννάγεσθαι
1236 504 1278 570 εἶς
1293 502 1350 567 ἕνα

300 591 394 653 Θεόν·
427 590 474 652 vel
503 589 620 673 potius,
646 592 684 654 δι’
710 592 746 654 οὗ
776 590 880 673 Πατὴρ
908 590 1089 663 πιστεύεται,
1118 590 1166 653 καὶ
1194 590 1350 673 οἰκονομίᾳ

299 677 474 757 συμφωνίαι
488 675 649 759 συνάγεται
664 679 705 743 εἰς
721 678 775 741 ἕνα
786 676 878 751 Θεὸν,
891 698 963 741 oum
974 676 1131 761 particula
1146 676 1193 740 καῖ
1208 675 1350 741 inverbo

296 763 470 825 τιιστεύεται
483 762 637 847 absorpta
650 769 745 828 esset.

344 846 381 910 Ρ.
396 862 446 929 70.
462 847 482 910 l.
494 864 526 933 5.
540 846 580 912 ‘0
594 852 652 932 γὰρ
667 850 798 914 κελεύων
812 850 929 935 Πατὴρ]
948 848 1003 913 An
1018 848 1036 911 ὅ
1050 873 1087 929 γε
1102 849 1232 913 κελεύειν
1246 848 1309 912 IL?

344 932 425 997 lbid.
441 933 461 997 l.
478 952 507 1016 7.
522 932 562 998 ‘0
582 933 624 998 ὣν
641 934 713 1019 (for.
730 937 795 1019 οὖν)
817 937 922 1018 Πατὴρ
946 936 995 999 ἐπὶ
1018 934 1146 1007 πάντων,
1175 936 1192 997 ὅ
1218 936 1250 998 δὲ
1274 934 1350 1000 Υἱὸς

300 1022 349 1083 διὸ
362 1019 492 1093 πάντων,
509 1022 580 1105 tra]
599 1021 680 1086 Onm
702 1021 822 1086 Paulus
843 1022 890 1086 ait
915 1021 955 1085 de
976 1021 1046 1084 Deo
1065 1020 1106 1084 ed
1123 1020 1240 1105 Ephes.
1256 1019 1299 1084 ir.
1316 1022 1347 1083 6.

302 1104 364 1183 Qui
377 1115 419 1169 ost
431 1126 524 1191 asper
535 1107 647 1184 omnia,
662 1116 691 1172 et
703 1128 764 1192 per
777 1109 888 1185 onmia,
904 1117 931 1172 et
952 1108 987 1171 ιἰι
1008 1106 1164 1179 omuibus-
1188 1116 1255 1170 tres
1276 1127 1349 1207 per-

300 1212 396 1255 sonas
413 1192 569 1278 designat,
585 1199 619 1257 et
637 1194 796 1258 unitatem
810 1194 871 1258 Dei
893 1194 926 1258 in
948 1192 1027 1271 illis3
1052 1193 1128 1277 quia
1148 1192 1240 1255 maius
1262 1212 1347 1276 ejus·

300 1278 435 1362 demque
449 1278 576 1343 virtutis
597 1301 636 1343 ae
658 1280 810 1365 potentiae
833 1288 892 1358 est,
907 1301 976 1344 esse
996 1300 1091 1363 super
1109 1279 1224 1356 omnia,
1240 1284 1275 1341 et
1290 1300 1350 1362 per

300 1364 415 1443 omnia,
432 1372 465 1429 et
484 1365 518 1429 in
538 1365 704 1442 omnibus;
729 1373 763 1431 et
784 1367 955 1431 seeundum
978 1365 1121 1429 ordinem
1143 1364 1349 1429 confessionis

299 1458 420 1515 sanotae
442 1450 618 1529 Trinitatis,
641 1452 778 1537 primum
795 1452 910 1517 tribuit
933 1452 1035 1527 Patri,
1057 1450 1229 1515 seeundum
1252 1450 1348 1529 Filio,

300 1536 432 1601 tertium
454 1538 586 1623 Spiritui
607 1539 736 1617 Sancto,
753 1539 828 1623 quia
841 1546 891 1603 est
904 1538 1002 1603 tertia
1017 1538 1160 1601 Persona
1174 1537 1349 1601 seeundum

299 1623 443 1688 ordinem
465 1624 676 1702 confessionis,
693 1632 730 1689 ut
744 1626 867 1711 antiqui
884 1624 1024 1711 theologi
1042 1624 1223 1709 loquuntur,
1238 1630 1273 1687 et
1288 1644 1349 1687 nos

300 1707 311 1771 l
353 1709 385 1773 ui
400 1710 586 1775 doouerunt.
610 1711 802 1776 Tunmsnos.

363 1796 427 1859 bid.
458 1797 479 1859 l.
509 1816 557 1861 11.
588 1798 642 1862 οὐκ
668 1796 1118 1881 ηὐχαρίστησαν-ἠρήσαντο]
1152 1796 1204 1860 Ex
1236 1795 1348 1860 donem

299 1880 432 1967 leprosis
445 1904 509 1946 non
523 1905 634 1947 novem
643 1883 761 1961 Judaei,
774 1886 830 1949 sed
844 1906 926 1949 unus
940 1890 1068 1947 tantum
1081 1883 1202 1969 gratias
1217 1882 1350 1948 Christo

299 1989 318 2032 e
341 1968 366 2032 't
381 1975 513 2033 sanatus
527 1978 561 2034 et
575 1970 609 2033 in
623 1992 695 2034 eum
709 1972 840 2035 eredens
856 1969 1086 2035 Samaritanus.
1113 1968 1187 2034 Lue.
1204 1968 1280 2033 xvii.
1296 1971 1346 2032 16.

330 2076 399 2117 ner.
444 2053 518 2119 Ηοο
532 2056 610 2121 dioit
623 2063 756 2142 propter
771 2057 914 2134 Petrum,
931 2078 1024 2141 quem
1046 2055 1178 2142 legimus
1200 2056 1232 2119 in
1253 2076 1349 2121 eran-

297 2139 381 2225 gelio
393 2162 535 2227 negasse.
558 2142 713 2207 Turnus.

343 2226 383 2290 Ρ.
402 2242 451 2309 71.
467 2227 489 2291 l.
504 2230 534 2293 6.
559 2227 649 2307 ξένον
670 2256 722 2310 μοι
746 2229 858 2312 φέρεις,
880 2230 981 2313 Λόγον
1006 2228 1108 2311 λέγων
1129 2228 1220 2315 stov]
1249 2226 1352 2293 Hune·

298 2312 403 2376 looum
417 2320 495 2399 puto
510 2337 531 2379 a
545 2314 702 2379 Turriano
716 2316 820 2380 minus
840 2316 922 2381 bene
942 2336 1135 2401 expressum,
1151 2321 1248 2399 atque
1265 2313 1351 2399 Hip-

299 2398 444 2484 polytum
465 2401 573 2485 potius
598 2402 631 2465 in
657 2402 740 2467 hano
766 2402 959 2467 sententiam
983 2401 1163 2487 scripsisse:
1188 2400 1349 2465 “Novum

300 2492 321 2521 ‘⁶
335 2485 412 2549 mihi
440 2486 543 2567 affers,
573 2510 646 2552 oum
676 2488 793 2553 Filium
823 2488 967 2553 Verbum
997 2487 1120 2567 voeas,”
1150 2487 1215 2551 sive
1244 2485 1349 2552 Verbi

299 2572 594 2744 appgppslppnffi
609 2574 716 2729 &iiiiii
734 2660 912 2746 ἀλληγορεῖ]
934 2659 1079 2725 Verbnm
1101 2660 1162 2724 Dei
1183 2680 1248 2724 non
1268 2658 1348 2725 alle-

340 2745 413 2845 rias,
425 2747 554 2897 sed'pro
576 2746 622 2810 rie
634 2747 751 2810 Filium
763 2746 823 2847 Dei
839 2744 1005 2832 signifieat.
1029 2745 1103 2812 Ηοο
1117 2746 1221 2831 ipsum
1231 2746 1350 2847 beatus

375 2832 435 2897 llus
469 2833 523 2897 b.
588 2832 635 2897 ll.
665 2833 820 2897 Thesauri
855 2854 925 2918 eap.
956 2850 981 2897 1.
1012 2840 1125 2898 eontra
1154 2832 1350 2897 Eunommm

299 2918 417 2997 doouit,
433 2926 467 2983 et
480 2941 539 3005 per
556 2919 738 3004 Scripturas
759 2919 915 3004 probarit,
931 2940 1001 2984 esse
1016 2918 1160 2984 Verbum
1181 2920 1350 3020 proprium

298 3025 415 3069 nomen
437 3003 529 3081 Filii;
554 3006 587 3069 id
609 3014 668 3085 est,
684 3006 767 3071 hano
782 3028 899 3086 meam,
915 3006 1069 3084 Verbum,
1085 3028 1143 3092 pro
1166 3026 1212 3070 ne
1234 3012 1268 3071 et
1287 3006 1349 3070 ‹le-

300 3098 418 3169 oenter,
437 3097 471 3155 et
491 3112 556 3156 non
577 3114 635 3178 per
655 3092 840 3157 abusionem
862 3098 919 3157 ant
940 3092 1125 3179 allegoriam
1178 3092 1266 3158 ilium
1284 3092 1349 3157 Dei

296 3177 486 3328 ppdgnppdoppe.
512 3178 667 3280 Tunmsn:
711 3179 792 3328 Oppp
817 3178 1024 3329 immuni}
1035 3179 1138 3243 looum
1160 3178 1348 3331 Tarauna,

297 3262 739 3451 αῐῖιροτνῖινάυᾗῖῗιῌγΐτφάἀάῖωιάιἠ,·θ
753 3350 783 3415 vi
806 3358 879 3416 etur
899 3286 954 3415 illi
968 3352 1009 3415 ali
1021 3286 1097 3417 viiio
1106 3286 1224 3437 pinaster
1238 3284 1353 3416 looilii

299 3458 372 3499 nem
386 3442 548 3521 receptam
562 3458 595 3501 m
609 3437 716 3502 eodioe
731 3460 789 3502 suo
803 3437 969 3503 invenisse.
1011 3376 1166 3503 l'ortasse
1180 3459 1255 3502 vero
1270 3437 1350 3503 olim

299 3522 453 3607 seriptum
473 3530 553 3603 erat,
575 3523 644 3588 ἀλλ’
668 3526 840 3607 ἀλληγορεῖ.
885 3524 950 3590 Οὐκ
972 3527 1144 3608 ἀλληγορεῖ.
1182 3523 1270 3591 οὗτοι·
1287 3527 1351 3607 γάρ

300 3611 356 3673 tro.
373 3609 418 3673 sio
432 3609 516 3674 enirn
529 3610 637 3695 potins
651 3609 818 3696 legendum
833 3618 921 3696 puto,
937 3633 1001 3676 non
1015 3614 1114 3679 οὕτως.
1186 3640 1191 3647 ·

344 3694 426 3760 Ibid.
448 3696 538 3780 l.19.
561 3698 596 3762 ἐν
615 3700 775 3797 σνμβόλιρ]
802 3696 875 3761 Ηοο
895 3706 945 3764 est
965 3698 997 3763 in
1023 3697 1135 3784 figura,
1155 3718 1219 3781 qua
1239 3694 1355 3761 utitur

299 3782 397 3847 otiam
411 3784 569 3869 propheta
583 3784 697 3848 Esaias
711 3783 788 3848 lmir.
802 3802 832 3849 τ.
857 3784 956 3850 Fran.

344 3869 382 3933 P.
396 3886 446 3953 72.
461 3869 482 3933 l.
495 3872 526 3935 8.
541 3870 597 3948 τὴν
608 3868 699 3949 δόξαν
710 3870 859 3953 ἔξέδειραν
870 3872 972 3958 αὐτοῦ]
989 3869 1042 3935 sio
1057 3870 1218 3935 habebant
1230 3868 1350 3935 LXX.

297 3956 629 4109 wtffltbll'
672 3956 984 4109 battuta
1002 3960 1288 4107 pptvfflg
1316 3956 1353 4019 ³¹¹

296 4064 409 4193 iitnon
419 4092 495 4194 erat
508 4128 637 4215 speeies,
653 4150 755 4215 neque
770 4130 874 4194 decor.
902 4092 1064 4193 rusam]
1098 4128 1193 4193 Nulla
1207 4064 1356 4195 variblbl's

297 4214 341 4279 ad
354 4236 463 4279 vooem
477 4220 568 4297 δορὰν
582 4222 696 4280 notata
710 4222 760 4282 est
775 4217 808 4281 in
827 4216 902 4281 edit.
918 4223 978 4283 τιῖν
994 4214 1107 4281 LXX.
1123 4217 1165 4281 ab
1180 4214 1358 4282 Holmesio

296 4308 330 4367 et
346 4300 487 4367 Parsons
499 4301 667 4368 adornata.
