2867 4817
288 308 331 370 40
636 309 669 372 S.
693 307 897 372 CYRILLI
921 308 985 372 ΕΤ

289 482 342 551 vis
358 481 453 553 enim
476 479 595 553 Deum
618 503 722 554 suum
742 491 880 575 patrem
897 482 1038 564 dixerit,
1055 503 1137 552 cum
1162 481 1263 553 Deus
1290 484 1336 553 sit

287 597 396 667 etiam
413 597 489 689 ipse
505 606 641 682 natura,
658 606 696 669 et
719 598 764 670 de
785 598 880 669 illias
902 599 1064 681 essentia,
1082 605 1204 667 tamen
1220 597 1336 668 nulla·

286 719 392 782 tenus
417 713 618 806 ignoramus
641 715 736 805 quod
761 737 909 786 manens
934 712 1043 797 Deus,
1061 713 1169 784 homo
1194 736 1338 806 quoque

287 826 402 900 factus
420 830 478 912 sit,
495 830 556 921 qui
573 831 640 901 sub
657 829 738 902 Deo
758 832 867 924 juxta
884 831 1043 902 debitam
1065 830 1183 925 legem
1200 839 1340 901 naturae

287 943 519 1016 humanitatis
529 946 709 1029 existeret,
719 949 795 1040 ipse
806 970 890 1018 vero
900 946 967 1018 sibi
978 947 1156 1038 quomodo
1169 945 1228 1016 vel
1239 945 1370 1026 Danas

286 1068 427 1155 poterat
438 1082 514 1132 esse
524 1061 581 1132 vel
593 1060 787 1134 Dominus?
800 1061 896 1157 Ergo
907 1063 1000 1133 deut
1012 1060 1120 1132 homo
1131 1071 1266 1154 quanto
1278 1062 1342 1132 de-

288 1187 412 1248 center
438 1176 688 1248 exinanitionis
713 1200 886 1250 mensurae
913 1179 1087 1272 congruit,
1104 1179 1170 1250 sub
1196 1178 1278 1250 Deo
1302 1201 1343 1250 se

288 1292 473 1364 nobiscum
498 1313 575 1364 esse
601 1293 787 1378 dissemit3
812 1293 881 1365 hoc
905 1296 1015 1365 etiam
1034 1297 1143 1367 modo
1164 1295 1231 1366 sub
1258 1294 1342 1389 lege

197 1447 204 1463 ·
221 1425 245 1459 ⁷·
288 1407 403 1480 factus
420 1416 475 1480 est
487 1410 648 1501 quamvis
660 1409 737 1503 ipse
748 1408 1026 1504 promulgaverit
1043 1411 1170 1506 legem,
1183 1420 1222 1482 ct
1234 1410 1344 1506 legis·

287 1523 381 1596 lotor
396 1532 438 1596 ut
455 1523 555 1597 Deus
572 1527 744 1597 extiterit.
795 1526 972 1598 (lavemus
995 1536 1117 1598 autem
1133 1529 1179 1602 de
1196 1527 1343 1600 Christo
1358 1551 1396 1590 ιο

287 1641 415 1726 dicere,
431 1649 576 1735 propter
597 1643 846 1715 adsumentem
869 1665 1019 1716 veneror
1039 1643 1280 1737 adsumptum,
1302 1654 1344 1715 et

287 1767 432 1855 propter
464 1758 678 1830 invisibilem
711 1758 820 1830 adero
853 1759 1041 1831 visibilem.
1109 1759 1344 1831 Horrendum

287 1899 372 1949 vero
389 1898 495 1970 super
510 1875 579 1946 hoc
601 1877 710 1947 etiam
733 1875 823 1946 illud
843 1877 1007 1968 adjicere,
1024 1877 1132 1969 isqui
1154 1883 1345 1968 susceptus

288 2001 448 2066 osteum
472 2015 515 2063 eo
541 1991 602 2085 qui
628 1993 782 2086 suscepit
807 2002 1101 2086 connuncupatur
1126 1990 1248 2064 Deus:
1279 1994 1344 2085 qni

291 2111 388 2182 enim
405 2109 484 2180 haec
504 2108 602 2192 dicit,
620 2109 748 2179 dividit
764 2110 896 2180 iterum
912 2110 951 2179 in
966 2110 1055 2180 duos
1072 2109 1233 2180 Christos
1254 2131 1394 2195 eum15

290 2228 351 2321 qni
371 2248 463 2297 unus
485 2233 554 2310 est;
580 2224 762 2296 hominem
778 2247 937 2297 seorsum
959 2225 997 2295 in
1021 2233 1132 2319 parte,
1156 2234 1194 2296 et
1220 2224 1345 2296 Deum

290 2342 454 2416 similiter
469 2342 507 2414 in
523 2349 625 2436 parte
641 2343 871 2414 constituens.
910 2341 1105 2413 Evidenter
1121 2341 1216 2412 enim
1233 2343 1346 2413 dene-

290 2468 353 2555 gat
369 2460 557 2543 unitatem,
575 2459 770 2530 seeundum
794 2481 902 2550 quam
918 2481 991 2530 non
1015 2458 1107 2530 alter
1129 2481 1211 2528 cum
1228 2457 1346 2529 altero

290 2577 509 2660 coadoratur,
527 2584 590 2648 aut
607 2583 902 2668 connuncupatur
918 2573 1028 2658 Deus,
1046 2574 1109 2646 sed
1125 2597 1218 2645 unus
1237 2574 1347 2645 intel-

291 2691 414 2787 ligitur
442 2692 604 2763 Christus
636 2691 743 2763 Jesus
771 2689 843 2762 Dei
873 2689 994 2774 Filius,
1025 2691 1240 2784 unigenitus,
1269 2713 1397 2761 unare

290 2808 463 2879 servitute
495 2829 579 2878 cum
611 2808 753 2901 propria
785 2829 891 2878 carne
931 2805 1161 2876 venerandus.
1222 2803 1345 2876 Confi·

291 2932 410 2996 tamur
426 2925 546 3009 etiam,
563 2924 658 3017 quod
675 2925 772 2996 idem
788 2925 863 3017 ipse
880 2923 941 3014 qui
959 2944 1005 2992 ex
1022 2921 1103 2991 Deo
1119 2927 1221 3014 patre
1236 2928 1345 2992 natus

292 3047 348 3112 est
365 3039 487 3124 Filius,
503 3040 707 3134 unigenitus
724 3039 835 3126 Deam,
849 3037 935 3110 licet
945 3039 1053 3130 juxta
1065 3046 1228 3108 naturam
1240 3059 1344 3108 suam

292 3178 419 3249 expers
436 3157 605 3249 passionis
623 3156 793 3237 extiterit,
810 3177 875 3248 pro
891 3154 993 3225 nobis
1010 3161 1132 3224 tamen
1146 3155 1344 3224 secundum

292 3273 491 3365 scripturas,
512 3295 697 3366 perpessus
721 3271 779 3353 sit
798 3279 836 3341 et
857 3278 934 3341 erat
956 3271 994 3341 in
1011 3270 1181 3342 crucifixo
1197 3293 1394 3373 eorporc25

291 3388 443 3482 propriae
457 3388 570 3458 carnis
582 3383 848 3480 impassibiliter
859 3387 905 3457 ad
922 3409 960 3457 se
972 3387 1128 3458 referens
1143 3387 1343 3480 passiones:

186 3515 225 3565 ἀί·
291 3505 406 3599 gratia
418 3525 500 3576 vero
514 3502 594 3588 Dei,
604 3526 669 3597 pro
681 3502 845 3574 omnibus
857 3504 1015 3597 gustavit
1027 3510 1191 3584 mortem,
1201 3503 1345 3574 tradens

293 3621 326 3691 ei
343 3620 524 3713 proprium
544 3641 682 3714 corpus,
699 3620 860 3711 quamvis
883 3617 1092 3690 naturaliter
1113 3620 1189 3711 ipae
1206 3619 1281 3688 vita
1296 3620 1345 3690 eit

293 3744 331 3810 et
353 3737 561 3807 resurrectio
583 3743 815 3808 mortuorum.
869 3735 966 3807 Nam
983 3744 1026 3806 ut
1047 3742 1198 3805 mortem
1222 3733 1346 3805 ineffa-

229 3878 246 3928 r.
293 3851 356 3923 bili
373 3853 535 3946 potentia
551 3851 782 3946 proculcaret,
799 3875 841 3924 ac
863 3853 998 3947 primus
1018 3853 1056 3922 in
1073 3873 1137 3922 sua
1153 3873 1259 3922 carne
1274 3851 1347 3945 pri·
1355 3907 1396 3962 30

131 3960 141 3993 ¹
205 3959 265 3994 ’⁸‘
292 3970 495 4063 mogenitus
520 3991 565 4040 ex
591 3969 740 4040 mortuis
769 3969 881 4052 lieret,
909 3979 948 4040 et
973 3968 1142 4062 primitiae
1169 3967 1347 4038 dormien-

294 4083 395 4166 tium,
414 4083 578 4176 viamque
605 4083 738 4155 moeret
758 4083 924 4156 humanae
945 4091 1081 4156 nattum
1102 4082 1148 4154 ed
1165 4083 1348 4177 incorrup-

293 4199 399 4273 tionis
426 4219 616 4285 recursum,
639 4201 755 4296 gratia
778 4197 858 4286 Dei,
875 4203 967 4274 sicut
990 4222 1096 4295 supra
1117 4199 1255 4272 dictum
1279 4205 1347 4281 est,
