2867 4817
288 328 354 392 244
533 362 535 365 ·
667 328 955 395 FIRMILIANI

289 504 449 574 ecclesiae
484 525 682 575 numerum.
744 506 815 591 Qui
849 515 971 577 autem
1005 506 1182 597 baptisma
1214 526 1342 574 eornm

291 620 426 713 probat,
449 622 493 691 de
520 621 709 713 baptizatis
731 631 769 693 et
792 623 978 694 ecclesiam
1008 622 1082 693 illic
1111 644 1188 693 esse
1212 622 1342 691 confir-

290 746 377 807 mat.
429 735 509 807 Nec
534 737 702 833 intelligit
720 739 895 811 obfuscari
912 763 934 810 a
950 763 988 811 se
1005 749 1043 809 et
1060 740 1214 831 quodam
1230 737 1341 807 modo

290 853 422 923 aboleri
441 852 651 925 Christianae
675 864 787 948 petrae
805 857 1002 937 veritatem,
1020 856 1080 946 qui
1098 856 1149 924 sic
1165 854 1283 945 prodit
1300 862 1341 923 et

292 971 422 1041 deserit
455 972 641 1042 unitatem.
709 971 857 1042 Jndaeos
890 981 1011 1041 tamen
1045 971 1206 1062 quamvis
1238 971 1367 1063 igno-5

290 1088 404 1157 rantis
420 1109 530 1157 caecos
543 1095 581 1157 et
593 1089 798 1181 gravissimo
815 1088 971 1158 facinore
987 1088 1207 1168 constrictos,
1218 1084 1339 1155 zelum

292 1200 361 1273 Dei
378 1202 557 1296 apostolus
578 1203 709 1274 babere
726 1204 937 1287 confitetur3
964 1202 1167 1295 Stephanus
1188 1202 1249 1294 qui
1274 1225 1341 1294 per

289 1321 546 1391 successionem
573 1320 778 1391 cathedram
804 1318 903 1391 Petri
932 1320 1063 1391 habere
1092 1342 1131 1389 se
1155 1319 1339 1411 praedicat,

289 1435 387 1505 nullo
411 1437 577 1506 adversus
601 1434 785 1505 haereticos
811 1435 888 1506 zelo
914 1437 1113 1506 excitatur:
1139 1435 1340 1505 concedens

288 1552 358 1623 illis
375 1575 446 1621 non
463 1551 638 1621 modicam
659 1554 721 1623 sed
743 1554 937 1623 maximam
962 1553 1084 1645 gratiae
1108 1559 1337 1645 potestatem,
1353 1577 1388 1617 ιο

289 1678 330 1739 ut
348 1669 443 1739 dicat
461 1692 521 1739 cos
547 1678 584 1739 et
602 1678 779 1739 asseveret
805 1691 870 1761 per
891 1670 1056 1761 baptismi
1074 1678 1337 1739 sacramentum

288 1786 407 1855 sordes
423 1787 553 1854 veteris
577 1784 730 1854 hominis
755 1784 910 1867 abluere,
936 1785 1082 1875 antiqua
1104 1784 1228 1853 mortis
1252 1806 1338 1874 pec-

286 1910 367 1972 cata
392 1901 532 1983 donare,
551 1903 818 1994 regeneratione
843 1900 979 1971 coelesti
1002 1900 1094 1971 filios
1112 1900 1181 1970 Dei
1207 1900 1336 1980 iecere,

286 2018 331 2087 ad
349 2026 519 2089 aeternam
538 2018 648 2087 vitam
666 2017 776 2086 divini
793 2016 922 2087 lavacri
940 2017 1218 2088 sanctificatione
1235 2039 1338 2109 repa

286 2158 373 2205 rare.
425 2134 496 2218 Qui
524 2134 574 2204 sic
597 2156 726 2227 magna
752 2142 790 2203 et
815 2134 974 2205 coelestia
1003 2132 1160 2203 ecclesiae
1186 2156 1338 2202 munera
1352 2160 1383 2217 ¹⁵

286 2252 462 2321 haereticis
492 2252 656 2321 concedit
680 2259 717 2322 et
743 2251 893 2335 tribuit;
918 2252 1003 2343 quid
1020 2250 1116 2321 aliud
1134 2251 1208 2344 agit
1225 2274 1336 2342 quam

285 2368 524 2438 communicat
566 2368 627 2450 eis,
662 2367 791 2459 quibus
824 2374 965 2437 tantum
1007 2367 1131 2460 gratiss
1172 2366 1337 2436 defendit

284 2506 326 2555 ac
361 2486 547 2556 vindicat?
587 2484 636 2554 Et
670 2484 800 2554 fnrstra
836 2483 914 2576 jam
948 2482 1090 2554 dubitat
1124 2484 1161 2552 in
1196 2484 1335 2555 caeteris

284 2624 424 2692 quoque
442 2602 641 2671 consentire
665 2602 715 2670 eis
741 2609 780 2670 et
796 2601 972 2693 particeps
989 2622 1087 2683 esse3
1112 2609 1208 2670 utet
1225 2600 1334 2670 simul

283 2740 366 2788 cum
392 2719 442 2787 eis
467 2720 663 2799 conveniat,
682 2725 720 2787 et
736 2718 912 2787 orationes
936 2715 1068 2808 pariter
1089 2739 1171 2787 cum
1196 2717 1334 2787 eisdem
1346 2750 1386 2789 20

283 2835 440 2916 misceat,
467 2844 504 2903 et
533 2832 644 2903 altare
671 2856 712 2902 ac
740 2831 949 2902 sacrificinm
983 2855 1172 2903 commune
1201 2834 1335 2903 consti-

284 2958 373 3019 tuat.
427 2948 498 3020 Sed
513 2950 549 3019 in
566 2948 733 3030 multum,
751 2950 876 3040 inquit,
894 2951 1033 3041 proiicit
1049 2972 1180 3019 nomen
1198 2948 1332 3021 Christi

283 3066 328 3135 sd
345 3066 452 3135 fidem
479 3074 517 3134 et
534 3065 700 3156 baptismi
727 3066 1052 3147 sanctificationem,
1069 3073 1112 3135 ut
1129 3068 1332 3158 quicunque

283 3188 321 3249 et
349 3180 552 3270 ubicunque
585 3180 623 3248 in
652 3182 796 3249 nomine
823 3180 955 3251 Christi
984 3180 1184 3272 baptizatus
1210 3181 1331 3263 fucrit,

283 3304 517 3387 consequatur
544 3298 666 3366 statim
695 3298 846 3389 gratiam
876 3296 1018 3366 Christi.
1064 3297 1215 3380 Quando
1245 3297 1330 3369 huic
1343 3324 1380 3382 ²5

283 3413 362 3483 loco
391 3412 546 3483 breviter
575 3414 708 3482 occurri
737 3412 847 3503 possit
875 3421 913 3482 et
938 3412 1018 3493 dici,
1049 3413 1215 3503 quoniam
1241 3416 1269 3482 si
1292 3416 1331 3483 in

189 3572 193 3577 -
283 3530 425 3599 nomine
452 3527 584 3598 Christi
618 3527 733 3597 valuit
759 3527 843 3598 foris
870 3529 1046 3620 baptisma
1074 3531 1119 3600 ad
1147 3529 1331 3600 bominem

282 3645 514 3738 purgandum,
542 3645 578 3714 in
605 3644 763 3735 ejusdem
790 3642 921 3713 Christi
948 3645 1092 3714 nomine
1113 3644 1230 3715 valere
1256 3645 1331 3715 iilic

282 3763 400 3854 potuit
417 3769 454 3830 et
470 3783 596 3830 manus
614 3760 792 3852 impositio
815 3760 859 3829 ad
886 3761 1131 3852 accipiendum
1155 3761 1329 3854 Spiritum

283 3876 465 3947 Sanctum.
518 3877 566 3957 Et
595 3878 765 3968 incipient
790 3886 921 3946 caetera
949 3900 1100 3968 quoque,
1126 3902 1206 3969 quae
1233 3881 1329 3971 apud
1340 3909 1383 3965 30

282 3993 469 4065 haereticos
491 4003 654 4087 aguntur,
671 3994 772 4085 justa
791 4001 828 4063 et
854 3992 1015 4087 legitima
1039 3996 1158 4077 videri,
1186 3998 1329 4087 quando

282 4110 318 4178 in
341 4110 484 4180 nominc
511 4110 643 4179 Christi
666 4119 855 4203 gerentum
881 4110 1074 4181 secundum
1099 4112 1193 4202 quod
1212 4135 1276 4182 ros
1292 4115 1328 4182 in

282 4224 429 4318 epistola
454 4236 570 4297 uestra
600 4227 760 4296 exsecuti
791 4228 897 4297 estis:
924 4228 1085 4299 nonnisi
1117 4229 1152 4296 in
1179 4228 1330 4301 ecclesia
