2867 4817
267 324 331 391 278
647 322 680 384 S.
704 320 939 385 CYPRIANI

268 497 364 569 vocis
380 498 524 567 hortatu
541 499 718 567 instruens
736 506 774 568 et
791 496 921 567 docens
938 506 977 566 et
993 516 1193 589 praeparans
1209 503 1319 586 atque

267 613 496 685 corroborans
517 612 676 685 ecclesiae
700 635 776 685 ruae
797 610 970 705 populum
992 610 1039 681 ad
1062 632 1205 680 omnem
1229 608 1320 680 tole·

268 730 419 801 rentiam
445 729 656 812 futurorum,
681 729 778 799 bella
802 737 841 799 et
864 728 977 799 fames
1001 735 1040 798 at
1066 734 1172 797 terrae
1199 734 1320 796 motus

269 856 307 917 et
331 846 551 940 pestilentias
576 868 641 939 per
665 846 744 917 loca
771 844 911 939 singrda
935 866 1125 937 exsurgere
1153 865 1321 935 praenun-

270 964 373 1035 tiavit
403 972 440 1033 et
469 964 610 1035 cecinit.
662 961 711 1033 Et
739 985 785 1033 ne
812 962 1016 1055 inopinatus
1044 982 1109 1030 nos
1134 967 1172 1029 et
1205 982 1348 1039 novuss

269 1103 388 1151 rerum
409 1080 655 1154 infestantium
680 1088 799 1151 metus
819 1086 993 1171 quateret,
1010 1078 1123 1171 magis
1143 1099 1185 1146 ec
1206 1078 1320 1170 magis

269 1197 306 1266 in
339 1198 537 1268 novissimis
564 1196 784 1289 temporibus
812 1194 960 1266 adverso
988 1194 1208 1264 crebrescere
1234 1203 1320 1263 ante

268 1315 493 1407 praemonuit.
545 1312 654 1384 Fiunt
672 1336 755 1383 ecce
772 1336 854 1405 qnae
876 1311 973 1381 dicta
992 1318 1097 1393 sunt;
1123 1318 1160 1380 et
1177 1312 1321 1402 quando

268 1431 360 1502 fiunt
389 1455 471 1524 quae
500 1440 584 1502 ante
611 1432 783 1524 praedicta
811 1437 905 1511 sunt,
935 1436 1129 1520 sequentur
1158 1435 1196 1497 et
1223 1450 1322 1519 quae-

269 1570 409 1639 cunque
425 1547 596 1640 promissa
617 1554 709 1629 sunt,
728 1545 885 1616 Domino
906 1546 983 1637 ipso
1003 1542 1196 1636 pollicente
1212 1552 1251 1613 et
1268 1545 1323 1614 di·
1336 1570 1372 1607 ιο

139 1675 241 1723 mn.
269 1672 394 1735 cente:
425 1662 516 1737 Cum
539 1671 651 1733 autem
675 1660 833 1733 videritis
854 1658 928 1731 dccc
949 1660 1067 1731 omnio
1081 1659 1179 1753 ficri,
1202 1660 1322 1731 scitote

270 1781 432 1875 quoniam
449 1779 489 1849 io
500 1778 666 1874 proximo
683 1787 732 1849 est
748 1801 890 1875 reputem
907 1774 988 1847 Dei.

321 1896 372 1968 ΙΙ.
392 1896 558 1990 Regnum
588 1893 668 1978 Dei,
693 1894 818 1965 fratres
848 1892 1078 1976 dilectissimi,
1104 1916 1181 1964 esse
1210 1896 1321 1988 coepit

270 2016 307 2085 in
340 2014 513 2108 proximo.
566 2012 760 2084 Praemium
800 2012 885 2080 vitae
919 2018 957 2081 et
989 2010 1159 2104 gaudium
1195 2010 1322 2083 salutis

269 2140 426 2215 aetemae‚
457 2138 494 2201 et
528 2137 700 2223 perpetua
733 2128 870 2210 laetitia,
900 2136 938 2198 et
967 2129 1139 2220 possessio
1168 2129 1321 2221 paradisi
1338 2158 1369 2215 ¹5

270 2271 384 2340 nuper
404 2246 540 2328 amissa,
563 2243 698 2314 mundo
721 2252 928 2314 transeunte
947 2244 1024 2336 jam
1045 2245 1213 2327 veniunt3
1241 2246 1321 2336 jam

270 2362 418 2435 terrenis
436 2361 593 2432 coelestia
615 2369 653 2432 et
669 2384 800 2455 magna
820 2360 946 2454 parvis,
968 2370 1006 2431 et
1027 2361 1168 2432 caducis
1185 2372 1324 2434 aeterna

271 2480 477 2551 succedunt.
516 2477 605 2562 Quis
621 2477 679 2549 bic
697 2478 888 2548 auxietatis
905 2486 943 2547 et
959 2476 1205 2549 sollicitudinis
1221 2478 1323 2551 locus

271 2597 350 2669 est?
385 2596 474 2681 Quis
499 2597 593 2666 inter
620 2593 699 2665 haec
729 2596 889 2688 trepidus
918 2604 956 2665 et
985 2605 1222 2679 mortuaest,
1253 2598 1323 2668 nisi

271 2716 329 2786 cui
364 2736 444 2807 spes
479 2722 517 2784 et
544 2712 633 2783 fides
663 2711 786 2783 deest?
830 2711 918 2805 Ejus
946 2721 1001 2784 est
1036 2714 1132 2783 enim
1165 2723 1322 2785 mortem
1335 2742 1372 2779 κο

272 2831 398 2901 timere
432 2830 492 2923 qui
526 2829 572 2899 ad
605 2825 788 2898 Christum
821 2827 912 2898 nolit
945 2829 1007 2898 irc.
1070 2827 1157 2921 Ejus
1190 2838 1245 2898 est
1276 2832 1323 2901 ad

272 2946 454 3018 Christum
479 2944 575 3016 nolle
599 2946 650 3015 ire
676 2945 736 3036 qui
762 2967 800 3015 se
827 2968 899 3015 non
924 2946 1046 3016 credat
1072 2969 1154 3016 cum
1178 2945 1324 3017 Christo

271 3064 426 3155 incipere
454 3084 611 3157 regnare.
663 3060 844 3155 Scriptum
878 3068 933 3131 est
967 3062 1062 3131 enim
1085 3061 1220 3155 fiotum
1244 3062 1325 3156 fide

271 3178 392 3251 cicere.
432 3178 470 3250 Si
481 3181 601 3271 justus
614 3202 662 3261 es,
680 3187 718 3248 et
734 3178 805 3248 fide
822 3180 920 3261 vivis,
938 3180 966 3249 si
984 3202 1067 3248 vore
1083 3179 1120 3249 in
1137 3179 1323 3250 Christum

272 3295 395 3379 credis,
419 3317 483 3365 cur
505 3317 577 3364 non
600 3317 682 3365 cum
706 3293 849 3365 Christo
869 3295 1020 3377 futurus,
1043 3304 1081 3365 et
1105 3295 1150 3365 de
1173 3294 1322 3365 Domini
1334 3322 1368 3381 ²5

272 3410 529 3504 pollicitatione
546 3434 688 3482 securus
706 3413 799 3503 quod
823 3412 867 3482 ad
886 3411 1068 3481 Christum
1085 3412 1229 3494 voceris,
1246 3435 1324 3482 am-

174 3540 211 3590 ·i·
272 3528 447 3622 plecteris,
465 3538 503 3599 et
520 3528 614 3621 quod
631 3528 773 3599 diabolo
789 3551 908 3599 careas
924 3527 1137 3622 gratularis?
1163 3527 1322 3622 Symeon

273 3646 425 3739 denique
455 3645 516 3717 ille
540 3646 670 3738 justus,
702 3648 762 3737 qui
796 3668 879 3716 vere
902 3648 1021 3739 justus
1050 3645 1129 3728 fnit,
1159 3646 1218 3737 qni
1249 3648 1323 3719 lide

272 3762 379 3857 plena
404 3762 473 3833 Dei
498 3770 678 3856 praecepta
707 3763 869 3845 servavit,
895 3786 978 3833 cum
1007 3763 1040 3831 ei
1069 3762 1237 3834 divinitus
1268 3788 1323 3835 rc-

273 3902 441 3974 sponsum
474 3880 599 3951 fuisset
634 3880 729 3972 quod
758 3901 830 3947 non
864 3888 948 3950 ante
983 3887 1181 3950 moreretur
1212 3903 1371 3972 quam30

273 3996 454 4069 Christum
491 3998 645 4079 vidisset,
675 4004 713 4066 et
743 3996 904 4067 Christus
933 3996 1049 4069 infans
1077 3998 1115 4066 in
1144 3996 1322 4090 templum

272 4134 355 4182 eum
379 4121 493 4183 matre
518 4114 682 4195 venisset,
708 4114 852 4206 agnovit
878 4114 915 4184 in
941 4114 1068 4206 spiritu
1092 4121 1218 4182 natum
1244 4137 1323 4185 esse

266 4228 342 4317 jam
369 4228 560 4311 Christum,
582 4231 626 4299 de
652 4252 723 4323 quo
749 4230 813 4299 sibi
836 4230 952 4303 fuerat
976 4239 1059 4301 ante
1084 4230 1321 4323 praedictum;
