2867 4817
283 330 518 395 CONTRA
548 333 789 397 HAERESIM
813 333 975 396 NOETI.
1133 332 1185 398 '67

112 500 206 606 sfi‘it‘t
225 507 288 583 καὶ
314 503 430 585 κατὰ
471 506 732 586 Οὐαλεισῖνον
761 509 820 587 καὶ
848 504 941 587 κατὰ
971 507 1181 609 Μαρκίονα,

107 631 297 734 Καρυθόντε
334 636 409 713 καὶ
453 640 601 713 πᾶσαν
629 632 697 733 τὴν
728 636 868 715 ἐκείνων
901 636 1094 741 φλυαρίαν,
1123 638 1182 714 καὶ

102 758 212 845 ἄκοντες
230 768 284 847 εἰς
312 772 451 843 τοῦτο
483 760 721 864 περιέτεσαν,
740 763 798 842 ἵνα
822 759 887 842 τὸν
911 762 974 842 ἕνα
995 760 1179 863 ὃμολογῆ·

99 922 190 969 σωσιν
209 890 339 971 αἴτιον
370 898 475 970 τῶν
505 888 669 970 πάντων·
698 892 810 973 οὕτως
835 890 898 969 οὖν
921 890 1182 995 συντρέχουσιν

75 1022 139 1107 ικαὶ
157 1020 251 1099 αὐτοὶ
279 1016 341 1119 μὴ
374 1018 581 1101 θέλοντες
604 1022 650 1121 τῇ
675 1017 836 1123 ἁληθειζι,
855 1017 918 1095 ἕνα
942 1014 1038 1096 Θεὸν
1062 1016 1181 1120 λε’γειν

92 1150 133 1247 (an
144 1149 365 1251 ie'yovrec?)
380 1144 622 1245 ποιήσαντα
635 1150 683 1230 ὡς
692 1145 883 1245 ἠθέλησεν.
917 1145 1037 1228 Οὗτος
1048 1142 1086 1224 δὲ
1096 1146 1181 1225 ἔδω-

87 1310 136 1355 κεν
147 1273 254 1375 νόμον
268 1278 343 1355 καὶ
359 1272 600 1381 προφήτας·
622 1276 681 1353 καὶ
700 1270 780 1357 δοὺς
794 1272 853 1352 διὰ
866 1270 1065 1371 πνεύματος
1079 1274 1182 1375 ἁγίου

86 1403 284 1505 ἠνάγκασεν
313 1403 504 1485 τούτους
532 1400 775 1507 φθέγξασθαι,
799 1399 897 1483 broc
924 1405 988 1499 τῆς
1011 1399 1182 1507 πατρῴας

85 1534 256 1634 δυνάμιος
278 1533 367 1633 τὴν
391 1532 615 1611 ἀποπνοίαν
633 1526 809 1624 λαβόντες
826 1525 893 1626 τὴν
909 1526 1051 1628 βουλὴν
1065 1530 1124 1608 καὶ
1142 1530 1183 1609 τὸ

53 1661 216 1763 ιοθελημα
234 1669 316 1741 τοῦ
341 1654 520 1761 Harpis
539 1657 845 1759 καταγγείλωσιν.

137 1788 197 1887 ιβ’.
237 1791 322 1869 Ἐν
363 1784 526 1869 τούτοις
557 1786 676 1865 τοίνυν
704 1781 977 1882 πολιτεύομενος
1009 1786 1030 1863 ὁ
1063 1784 1185 1888 Λόγος

90 1915 295 2023 ἐφθέγγετο
318 1914 425 2015 περὶ
452 1912 591 2008 ἑαυτοῦ,
611 1909 682 2011 ἤδη
705 1909 779 2013 γὰρ
800 1909 906 1995 αὐτὸς
924 1915 1051 1991 ἑαυτοῦ
1069 1914 1186 2020 κῆρυξ

96 2042 243 2144 ἐγένετο,
265 2036 467 2121 δεικνύων
490 2036 675 2136 μέλλοντα
701 2037 824 2137 Λόγον
847 2041 1042 2147 φαίνεσθαι
1066 2048 1104 2120 ἐν
1121 2044 1184 2121 civ-

102 2169 272 2273 θρῶποις,
295 2168 344 2248 δι’
369 2164 424 2266 ἣν
439 2165 557 2244 αίτίαν
571 2170 682 2249 οὕτως
695 2163 795 2264 ἐβόα,
809 2165 999 2274 Ἐμφονῆς
1013 2168 1186 2270 ἐγενόμην

68 2304 178 2395 ιςτοῑς
194 2296 260 2396 ἐμὲ
290 2294 347 2395 μὴ
378 2292 563 2395 ζητοῦσιν,
582 2292 726 2395 εὑρίθην
751 2301 825 2377 τοῖς
842 2293 903 2394 ἐμὲ
927 2294 978 2395 μὴ
996 2298 1183 2400 ἐπερωτῶ-

112 2458 185 2503 σιν.
222 2423 296 2506 Τίς
313 2421 361 2502 δέ
372 2422 480 2499 ἐστιν
498 2421 520 2500 ὁ
537 2419 697 2527 ἐμφανὴς
714 2418 903 2521 γενόμενος
925 2424 1011 2501 ἀλλ’
1029 2421 1053 2525 ἢ
1073 2425 1093 2502 ὁ
1113 2424 1186 2503 Λό-

115 2585 180 2653 γος
211 2558 282 2631 τοῦ
310 2545 493 2651 Πατρόςς
525 2546 567 2628 ὃν
593 2550 834 2630 ἀποστέλλων
860 2549 991 2654 Πατὴρ
1015 2551 1186 2630 ἐδείκνυεν

120 2679 332 2783 ἀνθρώποις
361 2673 431 2775 τὴν
457 2678 542 2779 παρ’
572 2678 697 2757 ἑαυτοῦ
730 2677 910 2785 ἐξουσίαν.
963 2674 1092 2762 Οὕτως
1125 2679 1187 2757 οὖν

122 2805 291 2913 ἐμφανὴς
311 2806 454 2909 ἐγένετο
476 2806 498 2884 ὁ
520 2801 652 2907 Λόγος,
670 2803 787 2889 καθὼς
811 2804 920 2908 λέγει,
939 2809 1182 2912 ἀνακεφαλα-

122 3036 185 3095 iam
207 3034 377 3096 secumdum
397 3032 599 3102 Valentinum,
614 3045 645 3093 et
727 3034 801 3093 XII.
824 3034 861 3093 In
880 3036 927 3094 hic
944 3036 1037 3113 igitur
1056 3033 1188 3093 Verbum

121 3117 332 3183 Marcionem,
355 3126 385 3175 et
406 3114 588 3185 Corinthum,
614 3126 645 3174 et
685 3117 864 3182 versabatur,
895 3116 1018 3195 loquens
1048 3114 1084 3175 dc
1111 3117 1185 3197 ipso.

118 3218 251 3256 omnem
281 3194 402 3254 illorum
430 3196 623 3274 nugacitatem
634 3219 644 3267 3
685 3197 753 3255 Jam
764 3197 842 3255 enim
852 3198 915 3277 ipse
924 3218 994 3257 suus
1002 3218 1096 3277 proco
1107 3209 1187 3266 erst;

118 3290 153 3337 et
169 3279 238 3338 buc
256 3277 397 3336 nolentes
417 3276 593 3345 reciderunt,
611 3288 646 3335 ut
685 3277 915 3357 ostendebatque
922 3279 1055 3337 futurum
1071 3300 1142 3347 esse,
1154 3289 1189 3337 ut

116 3379 220 3418 unam
240 3358 378 3417 omnium
397 3366 509 3416 cnumm
525 3357 646 3417 confite.
687 3358 819 3418 Verbum
848 3360 878 3417 in
905 3360 1072 3419 homiuibus
1101 3380 1187 3439 appa·

114 3450 228 3499 antur.
261 3438 361 3518 Igitur
376 3438 493 3497 veritati
512 3438 645 3498 nolentes
685 3450 773 3499 reret.
816 3439 928 3499 Idcirco
953 3441 996 3499 sic
1027 3440 1187 3506 clamabat;

113 3519 338 3587 consentiunt,
353 3539 416 3579 esse
429 3518 540 3578 scilicet
554 3539 645 3577 unum
686 3522 817 3579 aFactus
830 3542 891 3579 rum
906 3520 1075 3600 manfiestus
1089 3522 1126 3580 iis
1140 3522 1190 3601 qui

115 3602 244 3671 Deum,
273 3601 325 3679 qui
350 3600 422 3659 fecit
449 3600 547 3658 omnis
571 3600 646 3659 sicut
686 3624 741 3661 non
751 3601 1190 3681 qumebantme;inventussum

115 3681 239 3742 voluit.
265 3682 327 3741 Hic
341 3692 441 3741 autem
456 3679 538 3740 dedit
552 3681 646 3759 legem
686 3682 724 3742 ab
735 3682 773 3741 iis
783 3682 895 3762 quinon
909 3684 1123 3759 interroycbant
1138 3704 1189 3742 me.

116 3772 153 3821 et
176 3764 364 3843 prophetus;
387 3771 418 3821 et
437 3761 534 3822 dando
552 3762 647 3841 cotgit
687 3764 764 3835 Quis
787 3784 857 3823 vero
879 3775 924 3824 est
947 3764 998 3842 qui
1026 3765 1122 3823 factus
1145 3775 1190 3822 cst

119 3842 184 3902 bos
202 3864 259 3923 per
278 3844 425 3925 Spiritum
447 3842 588 3902 Sanctum
606 3842 646 3901 lo-
686 3845 868 3912 manifestus,
894 3846 950 3904 nisi
973 3844 1106 3904 Verbum
1132 3843 1190 3903 Pn-

119 3924 194 4001 qui,
212 3936 248 3984 nt
266 3925 447 4005 accipientes
463 3923 583 3983 virtutis
596 3944 646 4002 ps-
686 3927 762 3985 tris?
791 3925 871 4004 quod
894 3946 960 3985 cum
986 3924 1075 3985 Pater
1100 3926 1190 3998 misit,

119 4015 222 4065 terne
238 4006 478 4087 inspirationem,
494 4003 646 4063 consilium
687 4017 863 4086 potestatem
884 4027 966 4065 sunm
987 4006 1115 4067 ostendit
1137 4007 1190 4065 bo.

113 4096 151 4145 et
179 4088 375 4149 voluntatem
404 4085 504 4146 Putris
528 4084 646 4144 nuntia·
687 4088 824 4146 minibus.
857 4086 908 4147 Sic
921 4088 1011 4167 igitur
1021 4089 1131 4147 fuctum
1145 4100 1190 4147 est

107 4180 199 4230 rent.
687 4169 874 4228 manifestum
893 4168 1036 4239 Verbum,
1055 4170 1131 4230 sicut
1149 4170 1190 4229 nit

576 4329 726 4381 auntlxv.
740 4347 761 4380 1.

640 4414 693 4475 112
