2867 4817
328 339 395 402 DE
418 336 820 404 PRAESCRIPTIONE
844 336 971 403 ΗΕΒ.
1112 338 1176 403 143

121 514 272 583 minime
289 513 568 597 intellexenmt3
585 516 613 585 si
631 536 703 583 uon
720 511 1013 605 adimplevenmt,
1030 513 1177 585 abscon·

120 629 250 701 dentes
279 628 414 722 aliquid
441 630 487 700 de
509 630 655 713 lumine,
680 632 719 702 id
749 640 814 715 est,
837 633 883 703 de
910 631 979 703 Dei
1003 632 1120 717 verbo,
1138 643 1177 704 et

120 744 257 816 Christi
291 755 524 816 sacramento.
593 744 798 831 Neminem,
832 748 927 841 quod
962 749 1044 831 seio,
1079 772 1196 819 vere-1
1212 760 1296 811 Cant

118 862 264 945 bantur,
290 885 365 932 non
389 861 600 933 Judaeorum
627 864 710 947 vim,
734 886 806 934 non
836 864 1078 935 ethnicorum:
1105 888 1175 957 quo

92 980 235 1074 smagis
259 980 387 1071 utique
409 981 448 1049 in
472 978 622 1050 ecclesia
649 979 762 1051 libere
784 980 1033 1074 praedicabant‚
1052 982 1112 1073 qui
1138 983 1175 1051 in

117 1097 313 1190 synagogis
329 1105 368 1166 et
384 1097 423 1165 in
447 1095 535 1166 locis
556 1095 707 1188 publicis
733 1120 804 1167 non
828 1098 1004 1169 tacebant.
1057 1098 1175 1168 Immo

117 1233 238 1303 neque
264 1210 414 1283 Judaeos
438 1221 654 1295 convertere,
680 1235 797 1305 neque
823 1212 983 1284 ethnicos
1007 1213 1174 1284 inducere

117 1331 335 1420 potuiaeent,
356 1330 423 1399 nisi
448 1328 544 1422 quod
572 1329 668 1400 credi
698 1328 744 1399 ab
774 1330 825 1401 eis
850 1329 1027 1413 volebant,
1052 1330 1174 1401 ordine

116 1454 356 1538 exponerent.
408 1444 532 1516 Multo
547 1446 661 1539 magis
674 1447 752 1539 jam
776 1448 1001 1517 credentibus
1018 1446 1175 1519 ecclesiis

76 1588 109 1626 ιο
116 1561 206 1631 nihil
224 1563 498 1644 subtraxissent,
515 1562 609 1654 quod
625 1562 703 1633 aliis
718 1564 841 1656 paucis
857 1585 1015 1633 seorsum
1032 1564 1176 1635 deman-

116 1679 271 1749 darent:
297 1702 522 1771 quamquam,
540 1682 623 1751 etsi
646 1681 811 1772 quaedam
836 1681 931 1751 inter
951 1680 1173 1764 domesticos,

116 1804 158 1866 nt
192 1798 250 1867 ita
279 1797 442 1879 dixerim,
472 1797 700 1880 disserebant,
731 1820 803 1869 non
836 1805 957 1868 tamen
992 1820 1034 1868 ea
1067 1797 1174 1870 luisse

115 1914 340 1985 credendum
371 1922 437 1996 est,
462 1937 544 2006 quae
572 1914 680 1985 aliam
705 1913 865 2010 regulam
895 1915 978 1985 fidei
1006 1916 1174 2009 superdu-

115 2039 257 2111 cerent,
273 2030 450 2100 diversam
479 2039 518 2100 et
542 2031 753 2101 contrariam
783 2029 846 2114 illi,
870 2053 976 2123 quam
1000 2030 1173 2102 catholice

75 2146 154 2230 r5in
170 2146 338 2215 medium
361 2145 605 2238 proferebant:
631 2155 674 2216 ut
690 2147 801 2218 alium
820 2147 939 2218 Deum
963 2148 1000 2217 in
1025 2145 1173 2218 ecelesia

116 2262 294 2346 dicerent,
320 2263 430 2334 alium
456 2264 494 2334 in
520 2263 694 2357 hospitio;
729 2274 767 2335 et
796 2264 902 2336 aliam
934 2264 1064 2335 Christi
1093 2264 1174 2335 sub-

115 2382 293 2451 stantiam
310 2380 535 2475 designarent
551 2383 589 2451 in
608 2388 742 2475 aperto,
760 2381 865 2452 aliam
890 2381 927 2451 iu
950 2389 1109 2465 seoreto;
1135 2388 1172 2451 et

115 2498 227 2568 aliam
246 2519 349 2589 spem
373 2498 638 2569 resurrectionis
658 2497 754 2590 apud
771 2520 893 2568 onmes
911 2498 1171 2580 annuntiarent,

114 2614 229 2685 aliam
246 2614 344 2706 apud
360 2636 508 2707 paucos:
534 2638 617 2684 cum
634 2615 700 2707 ipsi
718 2614 943 2685 obsecrarent
959 2614 996 2683 iu
1013 2613 1171 2707 epistolis

71 2734 202 2813 rosiris,
220 2740 267 2800 ut
283 2728 325 2800 id
339 2731 452 2825 iprum
468 2739 507 2801 et
523 2754 635 2801 unum
652 2729 882 2822 loquerentur
898 2752 1031 2813 omnes,
1046 2738 1083 2800 et
1099 2753 1193 2800 nour
1208 2754 1263 2804 cor.
1275 2756 1292 2803 r.

115 2855 242 2918 essent
276 2844 466 2917 schismata
499 2855 538 2917 et
571 2847 804 2917 dissensiones
831 2847 868 2915 in
902 2845 1060 2929 eeclesia,
1091 2846 1173 2937 quia

115 2964 195 3034 sire
211 2962 358 3045 Paulus,
375 2964 449 3034 sive
465 2962 536 3045 alii,
554 2964 680 3033 eadem
704 2962 949 3056 praedicarent.
1000 2959 1172 3055 Alioquin

115 3080 379 3150 meminerant:
404 3076 464 3151 Sit
487 3100 600 3151 sermo
623 3087 740 3161 occur,
766 3076 842 3161 Eat,
867 3085 938 3156 cat:
961 3074 1051 3160 Non,
1078 3092 1254 3149 consuas
1267 3110 1290 3143 v.

117 3196 215 3291 quod
230 3194 392 3292 amplius,
408 3192 472 3267 doc
487 3218 511 3267 c
526 3192 618 3267 mulo
633 3203 705 3266 cst:
731 3217 778 3264 ne
795 3192 931 3265 scilieet
948 3192 1171 3287 evangelium

72 3346 108 3403 25
117 3316 158 3384 ln
174 3315 384 3385 diversitate
401 3321 605 3384 tractarent.
824 3324 826 3329 '

171 3430 212 3503 Si
241 3453 329 3525 ergo
358 3429 565 3502 incredibile
599 3438 663 3511 est,
692 3426 749 3498 vel
783 3427 961 3521 ignorasse
995 3426 1172 3520 apostolos
1201 3444 1304 3561 xciavpi

116 3547 383 3641 plenitudinem
399 3547 670 3640 praedicationis,
688 3544 746 3616 vel
762 3568 834 3615 non
851 3566 994 3615 omnem
1011 3544 1171 3615 ordinem

118 3664 258 3759 regulae
276 3664 442 3735 omnibus
454 3663 627 3734 edidisse:
646 3662 837 3743 videamus,
849 3683 894 3730 ne
911 3660 1004 3731 forte
1021 3659 1172 3754 apostoli

118 3781 268 3873 quidem
303 3778 512 3871 simpliciter
543 3786 582 3848 et
613 3776 730 3870 plene,
759 3776 919 3850 ecclesiae
953 3785 1076 3848 autem
1110 3799 1173 3846 suo

71 3935 112 3991 30
121 3898 210 3968 vitio
239 3894 348 3967 aliter
373 3897 585 3989 acceperint,
613 3917 719 3987 quam
753 3893 903 3987 apostoli
936 3891 1173 3987 proferebant.

121 4010 256 4085 Omnia
271 4014 341 4084 ista
357 4011 639 4104 scrupulositatis
658 4010 893 4081 incitamenta
908 4009 1066 4081 invenias
1083 4030 1174 4099 prae-

121 4131 220 4201 tendi
245 4128 294 4201 ab
315 4128 506 4199 haereticis.
556 4127 696 4198 Tenent
726 4134 904 4218 correptas
933 4124 979 4195 ab
1004 4122 1281 4217 apostolicorum

122 4244 308 4318 ecclesias:
337 4243 564 4318 Oincenautt'
591 4240 739 4325 Gulutoe,
767 4241 845 4336 quic
871 4263 930 4313 coo
945 4238 1173 4336 sorduerit?
