2867 4817
502 359 734 422 EPlTOME.
1079 360 1143 422 358

92 534 209 605 verbis
238 543 379 605 tautum
405 534 566 615 traditur,
592 534 653 604 sed
681 542 761 602 tum
786 533 945 624 perfecta
969 541 1034 612 est,
1058 556 1140 603 oum

92 651 197 720 saetis
218 650 444 743 adimpletur.
496 649 657 720 Christus
679 651 811 740 itaque,
829 671 911 719 euru
934 647 1058 719 doctor
1075 649 1142 717 vir-

91 766 183 835 tutis
198 765 244 836 ad
266 765 428 836 homines
449 766 662 847 mitteretur,
680 765 804 855 utique
826 779 869 834 ut
886 765 1045 836 doctrina
1066 766 1142 856 ejus
1224 754 1227 762 ¹

91 881 253 973 perfecta
268 891 370 963 esset,
388 891 427 952 et
442 883 570 951 dooere
586 889 625 950 et
640 880 758 950 faeere
779 879 959 950 debuerat.
1012 879 1094 963 Sed,
1112 881 1141 950 si
1185 929 1191 940 .

91 1020 221 1090 eorpus
248 997 402 1067 hominis
436 1021 507 1066 uon
543 996 724 1078 induisset,
758 1018 829 1065 uon
863 1003 982 1087 posset
1015 995 1140 1078 faeere,

93 1137 173 1205 quae
195 1113 355 1195 docebat,
373 1114 411 1183 id
433 1121 587 1195 estnon
610 1113 722 1194 irasei,
739 1135 810 1181 non
837 1134 966 1204 cupere
991 1112 1141 1193 divitias,

92 1252 167 1298 nou
191 1228 339 1298 libidine
363 1229 583 1310 inflammari,
610 1227 768 1298 dolorem
794 1250 864 1296 θοθ
891 1229 1028 1311 timere,
1049 1250 1143 1296 mor-

93 1353 170 1414 tem
199 1353 437 1415 oontemnere.
493 1343 582 1413 Haee
611 1353 695 1413 sunt
729 1344 852 1435 utique
886 1344 1046 1426 virtutes,
1080 1343 1142 1414 sed

93 1461 172 1530 fieri
200 1461 276 1530 sine
306 1483 411 1530 carne
439 1483 511 1529 θοθ
548 1471 705 1552 possunt.
767 1459 862 1553 Ergo
900 1459 981 1529 ideo
1021 1479 1145 1552 eorpo-

94 1584 194 1646 ratus
222 1584 288 1658 est,
318 1585 369 1658 ut,
400 1597 482 1646 oum
516 1577 689 1646 vincenda
723 1597 798 1646 esse
828 1577 942 1645 earnis
971 1576 1144 1646 desideria

93 1693 250 1773 doceret,
268 1693 344 1784 ipse
368 1691 501 1761 faceret
526 1692 630 1784 prior,
648 1692 789 1783 nequis
813 1693 1077 1762 exeusationem
1098 1692 1143 1760 de

94 1807 210 1878 camis
226 1806 418 1899 fragilitate
435 1809 683 1899 praetenderet.

519 2032 629 2103 ΟΑΡ.
656 2033 718 2103 LI.

150 2147 277 2220 Dicam
302 2173 397 2219 nune
420 2149 465 2218 de
490 2158 709 2219 sacramento
734 2149 856 2230 erueis,
879 2173 924 2219 ne
950 2153 1027 2242 quis
1052 2152 1143 2223 forte

97 2265 216 2334 dieat:
251 2264 281 2333 si
310 2263 532 2355 suscipienda
556 2261 609 2330 illi
639 2283 733 2332 mors
764 2261 889 2345 luerat,
919 2285 990 2332 nou
1020 2265 1144 2355 utique

96 2380 240 2450 infamis
252 2402 293 2450 aa
311 2378 435 2470 turpis,
447 2379 509 2450 sed
527 2401 608 2469 quae
625 2378 772 2448 haberet
789 2378 922 2468 aliquid
938 2378 1143 2451 honestade.

98 2497 184 2568 Scio
200 2496 366 2587 equidem
388 2495 530 2577 multos,
548 2496 634 2565 dum
659 2494 849 2566 abhorrent
869 2519 997 2566 nomen
1022 2497 1145 2578 oruois,

99 2613 262 2706 refugere
287 2635 309 2682 a
334 2613 493 2692 veritate,
517 2635 598 2682 eum
629 2612 666 2680 iu
694 2635 737 2682 ea
765 2622 803 2681 et
831 2613 921 2683 ratio
946 2636 1075 2707 magna
1099 2616 1145 2685 sit

99 2738 140 2799 et
168 2737 336 2820 potestas.
388 2726 486 2799 Nam
516 2750 598 2798 oum
632 2727 678 2797 od
711 2727 780 2799 hoc
814 2730 940 2800 missus
973 2740 1076 2814 esset,
1103 2741 1145 2801 ut

99 2844 309 2916 humillimis
328 2843 526 2938 quibusque
546 2844 639 2914 viam
665 2843 835 2934 panderet
855 2844 900 2914 ad
922 2845 1083 2930 salutem,
1102 2865 1146 2917 'se

98 2963 177 3053 ipse
193 2958 365 3031 humilem
378 2961 474 3042 feeit,
486 2969 528 3030 ut
541 2982 601 3030 eos
617 2959 795 3030 liberaret.
831 2959 995 3053 Suscepit
1008 2985 1092 3056 ergo
1109 2964 1145 3034 id

97 3101 213 3172 genus
234 3077 368 3158 mortis,
386 3077 480 3168 quod
502 3075 592 3146 solet
615 3075 808 3145 humilibus
833 3077 989 3169 irrogari,
1006 3087 1048 3148 ut
1071 3101 1146 3147 om·

98 3193 206 3266 nibus
221 3191 372 3264 facultas
389 3191 532 3262 daretur
547 3190 720 3262 imitandi.
756 3191 932 3263 Praeterea
948 3215 1029 3264 eum
1053 3204 1146 3264 esset

99 3317 370 3389 resurrecturus,
387 3309 562 3400 amputari
582 3317 719 3399 partem
737 3308 891 3400 eorporis
907 3309 983 3401 ejus
1006 3311 1058 3381 fus
1075 3334 1147 3381 uon

101 3435 190 3508 erat,
223 3448 291 3496 nee
321 3447 360 3494 os
388 3423 541 3517 infringi,
572 3424 666 3516 quod
699 3423 829 3493 aoeidit
858 3425 910 3505 iis,
940 3427 1000 3516 qui
1030 3428 1147 3519 eapite

100 3541 318 3634 plectuntur.
369 3538 469 3609 Crux
496 3560 580 3632 ergo
612 3540 729 3631 potior
761 3539 840 3622 fuit,
869 3562 946 3631 quae
974 3561 1148 3612 resurree-

101 3657 193 3728 tioni
215 3677 341 3749 eorpus
361 3655 513 3747 integris
537 3655 672 3726 ossibus
696 3656 897 3726 reservavit.
929 3665 931 3670 “
950 3655 1018 3726 His
1038 3658 1146 3728 etiam

100 3770 191 3842 illud
213 3771 361 3853 secedit,
378 3769 474 3862 quod
498 3769 658 3860 passione
682 3792 724 3840 ao
747 3779 862 3840 morte
879 3779 1042 3863 suscepta
1066 3773 1148 3842 sub-

101 3888 225 3958 limem
251 3886 327 3955 fieri
352 3884 547 3976 oportebat.
598 3883 704 3953 Adeo
733 3883 834 3954 illum
862 3907 950 3954 orux
977 3895 1014 3956 et
1044 3909 1082 3956 re
1110 3897 1148 3958 et

102 4002 359 4095 significatione
384 3998 566 4082 exaltavit,
583 4008 625 4068 ut
648 3999 812 4070 omnibus
828 4001 992 4092 majestas
1008 4001 1084 4093 ejus
1105 4023 1157 4073 uo⁴

102 4119 216 4188 virtus
239 4140 322 4187 eum
348 4118 423 4208 ipsa
447 4116 608 4208 passione
630 4116 800 4185 notuerit.
853 4114 950 4186 Nam
971 4117 1065 4208 quod
1088 4141 1149 4188 ex-

102 4233 220 4304 tendit
239 4234 275 4300 in
297 4231 458 4323 patibulo
481 4253 616 4312 manus,
633 4231 757 4320 utique
780 4229 853 4302 alas
870 4253 950 4302 suas
968 4232 1006 4301 iu
1023 4231 1150 4303 Orien-
