2867 4817
262 300 327 367 286
437 299 639 365 ARNOBII
664 298 912 365 ADVERSUS
937 296 1129 361 GENTES

262 486 369 571 atque
394 476 574 549 Bellonae.
627 475 704 547 Nos
727 473 885 557 hebetes,
908 471 1163 554 stolidisfatni,
1190 463 1322 539 obtusi
1401 511 1415 546 r

262 594 538 688 pronunciamus
563 604 601 665 et
634 592 749 663 bruti:
792 593 853 683 qni
881 589 1082 661 dedidimus
1113 608 1184 659 nos
1219 586 1322 668 Deo,

264 712 365 805 eujus
391 718 546 781 natust
575 710 721 781 arbitrio
746 730 852 781 omne
877 706 971 800 quod
997 702 1063 790 eatss
1087 712 1253 787 oonstat,
1284 710 1325 773 et
1433 764 1434 769 ,

265 830 511 902 inrsententiae
533 850 604 899 snae
628 826 1045 921 perpetuitatedefixum
1066 833 1132 894 ast.
1189 820 1326 892 Hanc-

267 948 347 1020 eine
367 946 579 1017 sententiam
602 945 786 1039 promitis?
812 944 903 1015 hano
928 942 1045 1039 legem
1066 939 1328 1016 constituitis?

267 1062 359 1135 hano
391 1060 631 1156 promulgatis,
665 1068 707 1132 ut
739 1060 931 1131 honoribus
962 1058 1135 1129 afficiatur
1169 1056 1328 1150 amplis-

269 1181 366 1253 simis
390 1180 548 1272 quisquis
571 1186 704 1250 vestros
729 1178 926 1249 adoraverit
952 1174 1131 1247 servulos?
1168 1196 1325 1245 erneem

269 1304 446 1367 mereatur
478 1302 680 1365 extremam
715 1295 871 1387 quisquis
905 1295 1005 1364 vobis
1039 1294 1123 1386 ipsis
1159 1292 1327 1363 dominis

271 1412 500 1506 suppliearitl
541 1411 585 1481 In
610 1411 812 1483 civitatibus
842 1412 1017 1493 maximis,
1046 1420 1153 1501 atque
1184 1412 1224 1479 in
1255 1430 1328 1501 po

272 1530 481 1601 tantioribus
504 1528 642 1622 populis
665 1550 762 1599 saera
783 1526 924 1620 publiee
945 1527 1037 1597 fiunt
1059 1528 1186 1597 scortis
1212 1527 1326 1597 meri-

272 1649 372 1719 teriis
393 1646 570 1740 quondam
590 1654 697 1737 atque
719 1646 757 1715 in
781 1644 960 1739 vulgarem
983 1644 1167 1715 libidinem
1188 1644 1326 1737 prosti-

273 1766 371 1849 tutis,
388 1762 642 1833 nullus‘tumor
657 1763 908 1857 indignationis
924 1764 962 1831 in
978 1762 1045 1831 diis
1060 1769 1125 1831 est
1165 1760 1326 1854 Templa

274 1880 412 1963 felibus,
438 1880 619 1977 scarabeis,
645 1887 682 1951 et
704 1879 843 1950 bnoulis
870 1876 1079 1950 sublimibus
1107 1886 1193 1949 sont
1224 1878 1325 1948 elata

276 1999 442 2093 fastigiis:
476 1997 582 2069 silent
607 1999 712 2069 irrisae
737 2000 923 2072 numinum
948 2005 1153 2091 potestates
1182 2018 1253 2067 nea
1278 1996 1325 2065 li·

277 2138 360 2187 vore
385 2114 584 2187 afficiuntur
606 2116 690 2197 ullo,
712 2118 806 2209 quod
829 2117 896 2187 sibi
918 2123 1137 2208 comparatas
1159 2116 1326 2185 animan-

277 2233 367 2303 tium
403 2232 524 2303 vilium
559 2235 779 2327 conspiciunt
818 2235 1033 2304 sanctitates.
1086 2232 1202 2302 Nobis
1236 2231 1326 2303 solis

279 2358 361 2418 sunt
390 2350 532 2432 inimici,
563 2351 664 2420 nobis
691 2352 872 2443 asperrimi
902 2350 951 2419 dii
975 2337 1110 2430 hostes,
1146 2350 1231 2441 quia
1260 2370 1326 2441 pa·

278 2474 371 2535 trem
394 2488 601 2537 veneramur
623 2466 775 2549 illorum,
798 2490 862 2560 per
883 2489 999 2559 quem,
1016 2468 1046 2537 si
1071 2474 1163 2547 sunt,
1182 2488 1262 2536 esse
1282 2476 1326 2535 et

280 2584 410 2655 babere
439 2585 671 2656 substantiam
697 2586 751 2655 sui
776 2586 930 2655 numinis
959 2585 1224 2677 majestatisque
1251 2609 1328 2656 ooe·

280 2710 427 2795 perunt:
454 2726 562 2795 aquo
584 2704 695 2796 ipsam
719 2704 888 2773 deitatem
906 2702 964 2792 (ut
984 2704 1036 2773 ita
1056 2703 1187 2795 dinam)
1204 2705 1326 2774 sortiti

282 2838 358 2889 esse
390 2819 557 2903 sentiunt,
592 2828 629 2889 et
662 2821 698 2889 in
732 2842 850 2889 rerum
883 2842 1030 2890 numero
1064 2828 1327 2913 reoognoscnnt

282 2934 374 3031 (see.
404 2958 442 3007 se
471 2939 724 3031 cognoscunt);
763 2937 863 3028 eujus
893 2936 1076 3007 voluntate
1102 2944 1139 3006 et
1166 2937 1326 3020 arbitrio,

283 3050 321 3124 et
345 3054 498 3137 interire,
517 3069 554 3123 et
577 3052 673 3135 solvi,
697 3076 764 3124 neo
788 3052 876 3124 solvi
900 3062 1058 3145 possunt,
1079 3074 1144 3124 nee
1166 3055 1325 3125 interire.

286 3164 383 3241 Nam
409 3170 440 3240 si·
468 3192 590 3241 omnes
611 3170 844 3241 -oonoedimus
872 3194 985 3240 unum
1013 3194 1090 3241 esse
1117 3171 1326 3264 prinoipem,

286 3286 409 3371 solum,
427 3308 532 3379 quem
554 3286 654 3359 nulla
675 3307 730 3358 res
749 3286 819 3357 alia
840 3295 1018 3358 vetustate
1034 3290 1203 3381 temporis
1225 3297 1329 3359 ante-

284 3398 400 3488 cedat,
420 3412 501 3497 post
523 3401 625 3473 illum
648 3424 790 3475 neeesse
807 3411 862 3474 est
882 3412 1011 3474 onnota
1032 3412 1070 3474 et
1093 3412 1178 3474 nata
1193 3427 1272 3476 asse
1288 3416 1327 3475 et

284 3520 435 3615 prodita,
453 3528 491 3591 et
512 3520 549 3590 in
567 3522 620 3590 sui
643 3521 795 3590 nominis
812 3517 904 3614 (sor.
930 3521 1098 3613 numinis)
1125 3520 1328 3614 prosiluisse

288 3648 461 3709 naturam.
512 3635 616 3720 Quod
641 3636 672 3708 si
696 3637 808 3707 lixum
833 3645 1013 3707 stratum
1042 3645 1106 3720 est,
1132 3638 1202 3709 erit
1226 3639 1329 3710 nobis

290 3776 506 3847 consequens
523 3754 691 3837 confiteri,
710 3764 748 3824 et
770 3754 855 3825 deos
871 3776 947 3824 esse
971 3754 1118 3837 nativos,
1136 3766 1214 3826 eta
1234 3758 1331 3849 prin-

292 3873 370 3964 cipe
386 3892 503 3940 rerum
520 3868 618 3940 fonte
635 3880 733 3941 ortus
755 3872 808 3941 sui
826 3871 996 3965 originem
1013 3870 1152 3942 ducere.
1205 3872 1278 3957 Qui
1299 3876 1329 3945 ai

293 3994 375 4057 sunt
400 3986 519 4067 nativi,
536 3994 575 4055 et
600 3987 722 4081 geniti,
748 3996 786 4058 et
811 3987 1071 4058 interitionibus
1093 3988 1219 4080 utique
1240 3992 1331 4083 peri-

292 4101 451 4196 culisque
480 4104 595 4173 vieini.
647 4102 700 4174 At
729 4106 824 4175 enim
853 4127 930 4175 essa
963 4104 1156 4176 creduntur
1189 4108 1331 4179 immor·

294 4218 392 4297 tales,
422 4222 592 4311 perpetui,
623 4231 660 4292 et
675 4266 677 4273 ι
690 4220 821 4291 nullius
846 4244 1001 4313 unquam
1027 4224 1216 4315 participes
1243 4224 1329 4296 finis.
