2867 4817
287 334 351 399 110
592 334 841 398 ADVERSUS
864 334 1027 399 OMNES

286 505 551 600 Apostolorum,
584 516 623 577 et
657 507 920 602 Apocalypsim,
954 510 1054 601 qussi
1088 509 1176 581 sulse
1209 510 1334 603 rejicit.

287 622 374 695 Post
390 623 485 693 hunc
502 623 696 717 discipulus
712 625 822 718 ipsius
847 627 991 697 emersit
1009 626 1174 697 Marcion
1190 626 1334 718 quidem

285 742 439 824 nominc,
475 740 645 811 Ponticus
684 762 826 835 genere,
861 742 1014 835 episcopi
1054 742 1157 827 filius,
1191 752 1336 836 propter

286 866 447 950 stuprum
481 856 665 950 cujusdem
695 858 839 951 virginis
872 857 918 927 ab
945 858 1104 931 ecolesiae
1138 861 1336 929 communi·

285 975 426 1044 cstioue
444 972 613 1065 abjectus.
665 971 738 1042 Hic
756 994 802 1043 cx
820 975 1013 1057 occasione,
1031 998 1102 1066 quc
1118 976 1255 1045 dictum
1271 976 1360 1059 sitzs

155 1087 163 1101 '
287 1087 411 1161 Omnis
440 1087 544 1160 orbor
568 1086 657 1160 dono
684 1086 788 1160 bonos
811 1086 957 1184 fluctus
974 1089 1081 1186 facit,
1104 1088 1196 1162 molo
1220 1098 1336 1163 cutem

284 1203 425 1284 moloc:
466 1203 628 1277 heresim
663 1203 835 1275 Cerdonis
860 1206 1053 1299 approbare
1087 1217 1234 1279 conotus
1267 1217 1335 1291 est,

283 1324 409 1393 ecdem
435 1321 552 1393 dicem
568 1319 661 1417 (for.
679 1321 809 1404 diceus,
826 1319 972 1393 Jontos.
992 1322 1070 1395 cide
1092 1328 1233 1416 notum),
1250 1346 1334 1415 ques

282 1437 346 1509 ille
371 1439 529 1531 superior
550 1438 739 1508 haereticus
768 1446 852 1508 aute
878 1438 1028 1509 dixerat.
1079 1439 1232 1511 Exstitit
1251 1448 1335 1533 post

283 1554 378 1626 bunc
406 1555 571 1626 Lucanus
600 1555 743 1647 quidem
772 1556 925 1639 nomine,
955 1556 1149 1628 Marcionis
1179 1566 1382 1628 sectatorro

282 1680 391 1764 etque
419 1672 634 1765 discipulus:
659 1680 698 1743 et
728 1672 787 1743 hic
820 1694 885 1765 por
917 1672 1044 1743 ecdem
1074 1675 1205 1745 rodens
1238 1674 1335 1745 blus·

281 1788 436 1881 phemius
476 1811 616 1883 genero,
651 1789 777 1859 cedem
820 1789 935 1871 docet,
968 1811 1051 1880 quae
1086 1788 1251 1861 Marcion
1291 1798 1334 1862 et

282 1902 423 1975 Cerdou
451 1904 655 1975 docuerant.
707 1903 796 1974 Post
822 1903 888 1975 hos
917 1905 1143 1996 subsequitur
1172 1904 1332 1998 Apelles,

281 2019 473 2113 discipulus
484 2020 687 2104 Marcionis,
698 2022 759 2113 qui
776 2031 1005 2114 posteaquam
1023 2022 1060 2091 in
1074 2044 1215 2093 carnem
1228 2046 1331 2094 summ

280 2134 398 2228 lapsus
414 2144 480 2218 est,
497 2159 519 2206 c
535 2135 721 2205 Marcione
738 2146 942 2231 segregatus
960 2146 1033 2209 est:
1060 2137 1118 2207 bic
1136 2138 1378 2225 introducit15

280 2274 392 2321 unum
417 2250 534 2321 Deum
565 2251 712 2322 infinitis
734 2250 827 2347 (sor.
850 2254 887 2323 in
913 2253 1072 2345 infinitis)
1091 2254 1330 2346 superioribus

279 2368 457 2460 portibus:
483 2368 579 2437 huno
595 2376 792 2460 potestates
809 2369 940 2440 multus
957 2368 1171 2463 angelosque
1188 2369 1329 2454 fecissc3

278 2493 467 2577 propterec
490 2492 530 2554 ct
554 2482 660 2554 eliam
681 2484 851 2555 virtutem
879 2508 986 2577 quem
1012 2485 1109 2567 dicit,
1134 2484 1330 2557 Dominum

279 2602 375 2685 dicit,
409 2602 473 2672 sed
514 2600 682 2694 angelum
721 2602 832 2694 ponit.
902 2601 984 2672 Hoc
1018 2599 1111 2696 (sor.
1146 2600 1207 2674 Ab
1249 2602 1329 2685 boc,

277 2716 427 2813 Jonio)
455 2717 533 2789 vult
558 2718 670 2788 videri
699 2718 873 2789 mundum
903 2719 1105 2789 institutum
1137 2719 1182 2789 ed
1212 2720 1381 2791 imita-20

276 2835 413 2905 tionem
441 2834 566 2906 mundi
591 2834 801 2928 superioris;
836 2834 893 2905 cui
923 2834 1057 2905 mundo
1084 2836 1330 2927 permiscuisse

277 2951 545 3043 poeuiteutism3
569 2952 654 3044 quis
676 2972 750 3021 nou
774 2948 877 3021 illum
898 2959 973 3022 tum
996 2952 1153 3044 perfecto
1176 2952 1328 3035 iecisset,

277 3090 384 3159 quem
400 3066 462 3139 ilie
478 3068 637 3160 superior
651 3069 806 3139 muudus
823 3069 1008 3140 institutus
1025 3068 1160 3139 fuisset.
1191 3068 1327 3163 Legem

277 3190 315 3253 et
344 3182 534 3277 prophetes
560 3184 734 3278 repudiet.
786 3184 969 3257 Christum
1003 3208 1118 3278 neque
1149 3186 1187 3255 in
1216 3182 1330 3278 phen-

276 3306 428 3370 usmete
455 3300 542 3371 dicit
569 3300 687 3384 brisce,
714 3304 807 3375 sicut
836 3302 1009 3383 Marcion,
1037 3324 1153 3393 neque
1179 3302 1217 3370 in
1245 3299 1376 3390 sub-25

276 3416 408 3486 stcutie
432 3418 505 3486 veri
534 3420 701 3511 corporis,
727 3428 768 3489 ut
793 3418 1017 3512 evangelium
1043 3419 1169 3501 docst;
1194 3416 1256 3488 sed
1284 3440 1329 3487 oo

275 3532 371 3623 quod
400 3555 422 3603 e
447 3535 686 3627 superioribus
712 3534 871 3629 pertibus
895 3535 1135 3618 descenderet,
1163 3536 1239 3627 ipso
1266 3534 1328 3604 de-

275 3671 401 3720 scensu
421 3650 596 3721 sidereum
612 3652 680 3723 sibi
697 3672 840 3723 comem
861 3661 1059 3721 etecusam
1081 3652 1327 3735 contexuinc3

274 3764 369 3838 bunc
392 3768 429 3836 in
454 3770 712 3839 resurrectione
737 3766 884 3861 siugulis
907 3768 1106 3860 quibusque
1130 3766 1327 3849 elementis,

275 3904 356 3974 quse
385 3883 423 3952 in
449 3882 621 3955 descensu
649 3904 715 3954 suo
741 3891 906 3954 mutuate
932 3883 1093 3965 fluissent,
1119 3883 1156 3953 in
1179 3904 1375 3971 escensu30

274 3998 477 4082 reddidisse,
508 4008 546 4069 et
579 4000 630 4069 sic
664 3999 828 4092 dispersis
857 3999 1056 4092 quibusque
1082 4000 1238 4092 corporis
1272 4000 1326 4069 sui

274 4116 443 4208 portibus
464 4117 502 4186 iu
527 4115 617 4187 coelo
640 4117 803 4208 spiritum
828 4122 970 4186 tontum
998 4115 1201 4185 reddidisse.
1254 4113 1327 4184 Hic

272 4232 388 4300 cumis
404 4233 696 4301 resurrectionem
714 4239 842 4323 neget:
869 4229 945 4300 solo
966 4232 1082 4301 utitur
1098 4238 1136 4301 ct
1153 4230 1327 4322 apostolo,
