2867 4817
270 335 335 399 410
609 334 988 400 ANNOTATIONES

269 508 365 574 leetio
380 507 506 609 varians
525 527 547 571 a
566 506 624 572 uh.
639 507 663 570 J
664 507 779 571 antello
795 506 902 608 posita
916 515 992 608 sunt
1006 529 1065 593 pro
1078 510 1265 588 βενεφιιίοις
1279 509 1323 574 ad

269 593 909 767 lltsstlmallttlllnltlt
919 599 1324 765 ttttttltatl

268 769 355 853 apud
370 765 568 831 Christianos
582 765 658 829 olim
672 764 860 839 haberetur3
876 766 960 830 bella
970 765 1098 851 quidem
1108 767 1208 851 justa,
1220 789 1323 852 quan-

267 860 338 920 tum
357 873 417 952 ego
435 851 568 938 legendo
585 873 655 916 eom
695 851 733 930 ri,
752 851 901 930 Eusebio,
917 852 1108 930 Athanasio,
1123 850 1322 939 Augustino,

268 937 583 1023 Ooneihoqueprimo
595 934 663 1002 Are
695 937 778 1002 tensi
789 937 975 1022 probantur,
986 939 1235 1003 reclamantibus
1246 961 1324 1002 vero

269 1023 465 1090 Tertulliano
480 1029 514 1088 et
531 1023 710 1100 Laetantia
727 1024 803 1088 dum
817 1046 931 1110 parum
945 1024 1005 1089 sibi
1020 1032 1148 1090 constat
1161 1025 1195 1089 in
1209 1025 1271 1089 bae
1286 1047 1323 1089 re

267 1111 440 1176 traatanda
461 1109 622 1196 Origenes.
662 1110 781 1173 Verum
802 1132 912 1174 omnes
933 1111 1073 1176 eoelesiae
1094 1118 1213 1198 patres,
1237 1117 1323 1176 aaut

268 1197 399 1262 eeclesia
417 1196 488 1281 ipsa
506 1195 540 1259 in
560 1195 658 1260 saeris
672 1195 739 1260 suis
752 1197 934 1274 canonibus,
950 1197 1104 1262 militibus
1119 1197 1321 1275 Christianis,

268 1305 402 1369 quorum
417 1282 527 1346 extitit
540 1302 675 1368 maguus
689 1303 816 1370 semper
831 1304 982 1348 numerus
996 1283 1030 1346 in
1044 1283 1236 1348 exercitibus
1256 1284 1322 1348 Ro

267 1369 378 1448 manis,
395 1387 611 1454 saepenumero
630 1368 810 1454 injungunt,
826 1369 936 1433 sedulo
955 1392 993 1434 ao
1013 1370 1095 1434 serio
1115 1369 1175 1433 sibi
1194 1391 1319 1449 eavere,

268 1478 308 1520 ne
323 1455 496 1541 quidquam
514 1452 771 1540 superstitiosum
787 1462 896 1541 agant,
911 1463 970 1521 aut
984 1455 1093 1520 munis
1105 1463 1230 1540 gerant,
1247 1478 1321 1541 quoe

269 1542 419 1628 spurcitie
433 1539 622 1606 idololotria
637 1540 851 1625 inquinentur.

313 1628 351 1692 P.
361 1629 437 1713 378.
451 1627 472 1691 l.
486 1629 516 1692 8.
530 1631 582 1690 τοῦ
597 1628 736 1710 sinleum]
756 1626 889 1692 Habent
904 1626 1046 1693 Concilio.
1058 1632 1112 1691 τοῦ
1124 1628 1165 1708 μὴ
1179 1630 1319 1706 (bisunt,

268 1715 325 1780 sed
343 1715 386 1779 ad
405 1735 506 1798 marg.
521 1711 629 1813 poelta
647 1719 697 1777 est
715 1713 811 1778 leotIo
830 1718 883 1777 τοῦ
906 1715 1042 1792 talevar,
1056 1714 1211 1800 additque
1231 1713 1321 1779 Har-

268 1801 391 1879 duinus,
409 1807 429 1836 “
441 1799 572 1864 Rectum
593 1803 646 1864 τοῦ
666 1801 793 1864 cloiam
811 1800 898 1884 opud
917 1799 1106 1864 Zonaram.”
1145 1801 1218 1864 Imo
1231 1803 1321 1886 apud

269 1909 377 1952 omnes
386 1886 550 1951 (lenonum
559 1884 777 1963 Oolleetiones
792 1886 951 1970 librosque
966 1886 1103 1973 seriptos
1115 1885 1320 1952 Bodleianos.

312 1974 394 2038 lbid.
417 1973 437 2037 l.
454 1993 484 2058 9.
516 1973 618 2054 ἀρκεῖν
643 1973 771 2057 ἑαυτοῖς]
797 1972 901 2058 Vulgo
922 1972 1032 2046 αὐτοῖς,
1055 1973 1112 2036 sed
1134 1972 1225 2057 jussu
1253 1995 1321 2036 om-

266 2061 354 2124 nium
368 2059 512 2136 oodieum
525 2057 772 2122 Bodleiauorum
785 2058 820 2122 id
834 2058 963 2136 mutavi,
982 2058 1042 2123 etsi
1058 2059 1158 2126 αὐτοῖς
1168 2080 1242 2123 oum
1253 2059 1320 2145 spi-

266 2145 331 2210 ritu
350 2145 413 2209 leni
434 2145 492 2230 pro
509 2145 623 2211 ἑαυτοῖς
637 2144 671 2207 in
684 2143 774 2209 libris
788 2143 916 2229 seriptis
930 2151 1097 2208 auctorum
1110 2145 1320 2230 antiquorum

266 2229 340 2317 poni
356 2230 447 2296 solet.

654 2315 806 2380 GANON
829 2314 932 2381 XIII.

311 2403 394 2468 lbid.
424 2404 445 2468 l.
466 2423 512 2482 14.
551 2409 603 2467 τοῦ
633 2405 804 2467 τελευταίου
836 2405 884 2467 καὶ
914 2403 1149 2486 ἀναγκαιοτάτου
1176 2406 1315 2490 ἐφοδίου]

275 2491 390 2554 Viotioi
408 2512 428 2554 a
451 2489 494 2553 ud
514 2489 656 2554 Latinos.
702 2488 852 2554 Meminit
870 2495 980 2554 autem
997 2489 1093 2574 hujus
1109 2489 1319 2555 vetustissimi

265 2577 362 2641 moris
378 2576 410 2640 S.
423 2513 593 2661 Bionysius
613 2575 706 2640 Alex.
727 2577 813 2660 apud
828 2575 1046 2640 EusebiamH.
1058 2575 1099 2640 Ε.
1112 2576 1153 2639 vi.
1164 2596 1217 2656 44.
1256 2577 1320 2642 Ait

267 2664 298 2729 S.
313 2663 460 2749 Ignatius
480 2663 519 2726 de
539 2660 661 2726 vivifico
680 2661 741 2724 hoo
761 2668 969 2739 sacramento,
990 2663 1045 2725 ἕνα
1063 2663 1155 2744 ἄρτον
1174 2666 1318 2740 raama,

266 2751 300 2817 ὅς
325 2751 409 2813 ἐστιν
435 2748 592 2832 φάρμακον
620 2747 795 2823 ἆθανασίας,
822 2750 974 2814 ἆντίῦοτος
1002 2753 1054 2811 τοῦ
1082 2748 1123 2827 μὴ
1152 2749 1319 2813 ἀποθανεῖν

265 2837 347 2900 blla
367 2839 420 2921 ζῇν
442 2837 477 2898 ἐν
497 2833 598 2914 Ἰησοῦ
619 2837 740 2918 Χριστῷ
762 2837 811 2898 aa
831 2835 952 2900 παντός.
974 2834 1074 2918 Βριζοῖ.
1097 2834 1144 2898 nd
1160 2834 1318 2919 Ephesios

291 2941 362 2988 .20.

310 3007 495 3089 lbid.l.17.
519 3007 609 3092 ἔστω]
630 3005 712 3119 Post
729 3006 790 3070 hoo
809 3007 939 3070 verbum
958 3006 1071 3118 qddita
1085 3007 1208 3071 suntin
1222 3007 1316 3072 codd.

266 3109 336 3244 ta
345 3092 1317 3264 {totleta.²ln;⁶.¹².t⁶lntnlsilet?aas

264 3266 308 3330 ud
323 3265 443 3330 (lanan.
456 3262 553 3327 VIII.
571 3264 834 3340 commemoravi3
859 3286 955 3350 porro
971 3264 1033 3328 hoo
1051 3265 1150 3330 habet
1165 3266 1318 3346 Quosnel-

263 3352 338 3416 lana
353 3351 517 3416 (lenonum
531 3349 693 3427 (lolleotio,
708 3351 800 3415 donee
812 3360 958 3416 nataliam
972 3360 1086 3436 tempas
1098 3351 1294 3436 conmleotar.

309 3437 393 3501 lbid.
416 3435 435 3500 l.
457 3437 503 3499 18.
527 3439 679 3504 αἰτοῦντος
700 3440 733 3501 δὲ
754 3436 933 3538 μετααχεΐν]
958 3437 1064 3522 Vulgo
1085 3439 1240 3536 αἰτοῦντος
1261 3443 1316 3502 τοῦ

263 3522 1316 3695 lttt‘ttltltl.t⁰tll.tll¹.ti.‘t⁰lttltltt?ttt

265 3701 307 3776 δὲ,
329 3697 413 3782 quod
435 3695 505 3760 loeo
527 3695 607 3759 bene
629 3695 786 3774 eonvenit,
810 3719 850 3759 ex
872 3696 1010 3760 «Ioannis
1035 3695 1229 3760 Antiocheni
1255 3697 1316 3762 Oo-

263 3805 375 3849 υουιυιι
388 3783 509 3868 Dioeeto
523 3781 659 3867 reposui.

308 3870 347 3934 P.
383 3886 433 3954 79.
448 3868 467 3932 l.
484 3889 514 3937 α.
536 3870 714 3950 μεταδιδότω
736 3871 788 3947 τῆς
806 3868 996 3952 προσφορᾶς]
1018 3868 1073 3932 Ita
1087 3889 1197 3932 omues
1212 3866 1317 3933 Oano-

264 3979 340 4020 num
355 3889 571 4032 Solleotiones
592 3977 763 4039 omnesque
778 3953 875 4018 MSS.
892 3952 1066 4018 Bodleiani.
1105 3954 1168 4018 Sed
1187 3976 1247 4039 pro
1265 3955 1318 4020 bis

263 4044 392 4109 vooibus
410 4049 567 4127 praestent
586 4041 728 4106 Consilia
746 4039 869 4104 ἔτιδότο
889 4047 1026 4118 tantum,
1042 4041 1145 4105 altera
1158 4061 1234 4105 vero
1254 4040 1317 4106 leo-

264 4131 351 4196 tione
365 4129 406 4193 ad
423 4151 521 4214 marg.
537 4127 652 4212 posita,
668 4128 744 4190 dum
759 4128 928 4204 zemram,
943 4128 1004 4191 hoo
1018 4133 1077 4204 est,
1090 4149 1227 4191 canones
1241 4148 1317 4192 oum

264 4219 399 4282 Zonarae
420 4213 647 4279 commentario
668 4213 800 4278 Parisiis
819 4235 903 4278 anno
921 4213 1012 4276 1618.
1029 4214 1114 4299 typis
1133 4213 1315 4300 impressos,

264 4309 380 4367 testem
395 4321 453 4386 pro
468 4301 578 4364 eadem
594 4299 686 4364 affert
703 4299 898 4364 Harduinus.
