2867 4817
432 313 498 380 DE
522 312 783 381 ORATIONE.
1070 317 1133 381 105

117 510 169 581 pro
182 489 302 559 meritis
317 491 487 584 cujusque
503 512 605 562 secus
620 492 805 585 irrogatur.
840 490 864 561 J
865 512 923 561 am
940 488 1009 561 hoe
1026 492 1132 572 dioto,

116 606 154 674 ad
165 603 385 677 sufferentiam
400 609 637 700 nosmetipsos
652 629 920 700 praemonemus.
956 607 1132 679 Dominus

115 744 232 813 quoque
246 745 350 814 quum
370 724 439 795 sub
463 725 669 795 instantiam
695 725 865 817 passionis
889 724 1132 795 infirmitatem

114 840 208 907 arnis
222 839 456 911 demonstrare
466 842 543 934 jam
561 842 599 911 in
615 864 680 912 sua
695 862 800 911 earne
818 838 995 923 volsusset,
1012 838 1132 925 Peter,

90 952 215 1045 §inquit
234 954 333 1043 (Luc.
355 958 445 1027 xxii.
469 959 545 1050 42.)
572 956 726 1053 transfer
749 954 911 1052 pometum
942 956 1060 1036 istud:
1094 968 1132 1030 et

111 1073 296 1155 reeordatus,
312 1074 385 1143 nisi
410 1073 504 1169 quod
519 1098 593 1145 mea
614 1098 694 1159 uon,
710 1074 772 1147 sed
793 1084 853 1146 tuo
871 1074 942 1169 sint
964 1074 1129 1147 uoluntas.

110 1186 177 1277 lpse
200 1198 269 1261 erat
286 1190 451 1261 voluntas
476 1200 514 1261 et
538 1200 694 1285 potestas
721 1191 859 1277 Patris3
885 1202 922 1264 et
940 1201 1060 1263 tumen
1085 1191 1131 1265 ad

110 1303 421 1378 demonstrationem
455 1307 666 1379 sufferentie
700 1308 840 1393 debitas,
875 1311 1050 1380 voluntati
1093 1332 1131 1381 se

110 1418 205 1492 Patris
220 1426 373 1499 tradidit.

76 1560 100 1598 ¹0
148 1538 282 1613 Venus
310 1566 454 1637 quoque
487 1561 643 1615 seusun
675 1562 782 1613 suun
815 1543 859 1613 ad
894 1544 931 1612 id
965 1545 1129 1637 pertinet,
1151 1559 1234 1610 cer.
1247 1558 1277 1609 v.

107 1658 184 1747 qnod
205 1667 241 1729 et
255 1658 342 1730 Fur
366 1658 524 1732 munta
548 1668 617 1743 tue,
637 1660 675 1729 in
704 1660 806 1731 nobis
836 1658 981 1730 scilieet.
1035 1657 1131 1730 Nam

105 1773 188 1845 Deus
214 1777 353 1868 quando
380 1800 455 1846 non
483 1776 635 1871 regnati
661 1777 700 1847 in
726 1773 821 1868 oujrrs
847 1800 952 1847 manu
982 1799 1042 1849 cor
1062 1800 1133 1849 om·

103 1890 184 1961 uum
198 1916 313 1990 repam
330 1902 383 1964 est
399 1892 518 1982 (Prov.
535 1894 609 1963 xxi.
624 1897 684 1983 1.).
738 1891 810 1963 Sed
835 1894 1002 1985 quioquid
1029 1895 1130 1967 nobis

103 2018 254 2100 optamus,
287 2012 326 2081 in
361 2010 464 2081 illum
497 2031 721 2104 auguramur,
755 2019 793 2079 et
822 2008 873 2079 illi
909 2009 1129 2104 deputamus,

70 2144 94 2201 ¹⁵
102 2128 178 2216 quod
200 2128 245 2199 ab
272 2126 337 2197 illo
364 2134 605 2220 expectamus.
657 2125 785 2217 Itaque
806 2126 836 2197 si
856 2126 901 2197 ad
920 2125 989 2197 Dei
1007 2126 1131 2199 volun-

101 2250 204 2325 tatem,
228 2252 265 2315 et
294 2245 342 2315 ad
372 2253 530 2315 nostram
558 2242 824 2335 suspensionem
849 2244 1005 2335 pertinet
1029 2242 1130 2338 regni

101 2358 258 2433 Dominioi
274 2363 550 2454 reprimatis
564 2359 741 2453 quomodo
755 2360 898 2452 quidam
911 2368 1129 2453 protractum

98 2481 267 2570 quemdam
297 2480 336 2549 in
367 2478 487 2549 seculo
515 2475 708 2571 postulant,
734 2499 843 2568 quum
873 2500 1022 2571 regnum
1049 2477 1129 2561 Dei,

97 2599 175 2687 quod
201 2607 242 2668 ut
266 2596 438 2667 adveniat
463 2617 613 2677 oramus,
635 2593 681 2663 ad
706 2596 1047 2667 consummationem
1078 2618 1133 2667 se-

64 2714 153 2783 aeut
183 2714 341 2786 tendat?
381 2710 558 2805 Optamus
590 2711 764 2781 maturius
797 2734 954 2804 regnare,
989 2721 1026 2783 et
1059 2734 1131 2783 non

96 2832 211 2903 diutius
242 2833 388 2903 servire.
440 2828 561 2901 Etiam
595 2828 625 2898 si
657 2828 870 2920 prefinitum
904 2830 942 2898 in
973 2830 1131 2899 oratione

95 2972 154 3019 non
174 2959 267 3022 esset
293 2952 341 3021 de
366 2946 580 3041 postulando
604 2944 704 3038 regni
734 2946 900 3027 adventu,
927 2942 1022 3015 ultro
1052 2968 1130 3017 eam

95 3088 202 3139 rocem
234 3065 518 3161 protulissemus,
555 3062 766 3133 festinantes
805 3062 849 3131 ad
890 3063 965 3155 spei
1004 3071 1132 3135 nostrae

93 3185 319 3277 complexum.
372 3179 536 3255 Clamant
557 3178 606 3251 ud
619 3176 813 3251 Dominum
840 3178 879 3249 in
900 3178 976 3250 auu
1003 3181 1131 3252 uuimce

61 3310 273 3399 ²5aortyrum
298 3297 363 3371 rud
387 3295 517 3369 auru.-
548 3319 696 3391 quooum
717 3318 824 3391 usque
848 3318 917 3367 uon
943 3294 1129 3383 educeris,

92 3414 239 3500 Domine,
256 3414 463 3511 sanquinem
484 3420 640 3485 nostrum
657 3409 699 3483 de
715 3410 838 3485 incolis
856 3414 990 3485 terrm?
1015 3414 1131 3509 (Apo-

23 3607 24 3611 ,
91 3534 206 3629 alyps.
223 3536 272 3604 ri.
292 3532 347 3625 9.)
398 3529 495 3601 Nam
525 3530 650 3622 utique
679 3529 770 3600 ultio
799 3527 941 3603 illorum
972 3532 1129 3605 aeeonli

23 3641 24 3716 J
91 3650 150 3723 line
164 3652 343 3746 dirigitur.
395 3647 474 3717 Imo
500 3670 607 3739 quam
632 3646 796 3717 celeriter
817 3647 940 3732 neuim,
963 3648 1128 3733 Domine,

89 3790 219 3863 repetem
264 3775 365 3837 tuum
404 3761 534 3852 (Matt.
569 3764 614 3833 vi.
646 3766 732 3857 lu).
797 3762 937 3837 Votum
980 3764 1129 3839 Christi-

57 3894 236 3967 senonim,
274 3880 435 3953 eonfirsio
473 3881 667 3963 nationum,
702 3879 878 3951 exirltatio
913 3880 1129 3975 angelorum,

89 4012 224 4095 propter
245 4000 344 4093 quod
359 3998 616 4080 conflictamur,
632 3998 705 4068 imo
727 3999 846 4091 potius
868 4002 1128 4093 propterquod

23 4147 24 4154 ¹
89 4142 230 4191 ommes.

129 4234 201 4307 Sed
246 4257 354 4328 quam
387 4232 569 4327 eleganter
603 4232 722 4302 divina
755 4232 928 4323 sapientia
969 4234 1129 4305 ordinem
1144 4238 1287 4291 CAW·

595 4370 617 4419 r
