2867 4817
280 333 330 397 ΙΝ
349 331 568 397 CANONES
592 331 778 397 NICAENI
802 331 1030 397 CONClLll.
1121 333 1180 397 401

176 505 214 569 P.
226 505 302 590 367.
317 497 339 567 l.
355 523 405 588 15.
426 505 595 568 ἀνελθόντα
617 507 659 572 εἰς
677 503 746 572 τοὺς
764 503 917 589 οὖράνους]
943 504 1102 568 Additum
1121 511 1180 583 esc,

129 591 191 655 Kal
207 594 397 670 καθιζόμενον
412 593 446 654 ἐν
460 591 542 674 ὃεξίᾳ
560 595 613 654 τοῦ
632 590 751 670 πατρὸς,
766 590 800 654 in
820 590 958 675 Prologo
978 589 1102 655 Pedalii
1119 590 1181 654 Eo-

128 676 234 741 olesiae
256 677 387 755 Graeoe,
410 675 476 740 sive
497 675 662 740 (lenonum
678 676 880 741 collectionis
900 677 942 740 ab
964 676 1041 762 ipsis
1060 676 1181 741 Graecis

128 783 241 828 recens
262 761 366 840 ediles,
389 761 423 826 in
446 783 510 847 qua
531 761 665 846 symboli
688 761 811 827 Nicaeni
836 763 1015 848 exemplum
1040 763 1180 847 positum

128 853 191 912 est.
236 847 361 912 Extant
375 847 487 913 eadem
504 849 602 912 verba
620 848 707 933 apud
727 848 756 912 E
779 848 942 935 iphanium
956 848 989 912 in
1003 847 1179 926 Ancorato

128 941 164 998 et
189 933 223 998 in
247 933 366 998 Gelasii
391 933 486 998 Actis
515 933 636 998 Nioeeni
663 933 757 998 (lonc'
773 933 802 1012 'i,
831 933 885 997 ubi
914 934 975 998 hoc
1003 934 1181 1019 symbolum

128 1019 228 1105 priori
243 1019 313 1084 loco
332 1019 493 1084 Gelasiani
513 1019 618 1106 operis
632 1019 811 1097 adducitur,
827 1026 862 1085 et
880 1019 914 1083 in
933 1020 1028 1085 Actis
1047 1019 1180 1085 Consilii

128 1105 284 1193 Carthag.
300 1105 349 1170 vel
363 1105 517 1183 Africani,
529 1107 599 1170 loco
610 1106 782 1170 eorundem
793 1105 900 1190 priori,
913 1113 948 1170 et
957 1106 991 1170 in
1001 1105 1180 1170 actionibus

129 1192 269 1256 secunda
283 1199 317 1256 et
353 1191 444 1256 uinta
458 1191 723 1256 Chalcedonensis
738 1191 878 1268 (loncilii,
894 1192 967 1256 deni
989 1214 1030 1255 ue
1049 1192 1083 1255 in
1098 1192 1182 1257 (lon-

128 1277 274 1342 oiliorum
289 1214 442 1363 Epiresini
456 1283 491 1343 et
505 1277 596 1342 Sexti
616 1277 781 1343 Generalis
796 1277 899 1356 Actis,
915 1214 1113 1364 ubilegitur,
1129 1280 1178 1342 καὶ

130 1366 166 1428 ἐν
186 1366 267 1449 δεξίᾳ
290 1369 343 1428 τοῦ
365 1364 477 1446 πατρὸς
503 1363 677 1442 καθήμενον.
721 1364 785 1428 Sed
807 1363 952 1428 nesciunt
972 1365 1033 1428 hoo
1054 1364 1179 1429 addita-

128 1457 274 1514 mentum
287 1470 352 1513 non
366 1456 495 1514 tantum
511 1449 633 1535 aliquot
654 1448 744 1513 MSti
758 1449 896 1514 testibus
911 1451 1031 1515 Graecis
1044 1457 1178 1515 annota-

128 1535 256 1600 toribus
275 1536 317 1600 ed
332 1535 510 1611 Pedalium,
527 1542 560 1600 et
574 1535 678 1620 ipsum
692 1535 764 1614 hoc,
786 1536 872 1620 quod
891 1536 1023 1613 edimus,
1039 1535 1180 1600 Eunom-

129 1621 239 1686 isnum
265 1622 298 1686 in
323 1621 571 1686 Chalcedonensi
592 1621 725 1686 concilio
750 1643 841 1686 exem
863 1621 920 1700 lar,
945 1644 1054 1686 verum
1079 1621 1179 1687 otiam

128 1707 208 1772 illud
229 1708 271 1772 ab
294 1706 433 1772 Eusebio
453 1707 587 1772 allatum
606 1707 641 1772 in
661 1707 689 1770 Ε
712 1707 808 1772 istola
883 1707 1074 1773 Palaestinos
1093 1730 1177 1786 suos,

128 1815 201 1943 iim
246 1793 350 1858 uidem
373 1793 507 1879 epistole
528 1793 614 1880 apud
636 1729 861 1873 Atli‘nnusiun
885 1800 920 1859 et
946 1794 1121 1872 Socratem,
1143 1803 1179 1858 et

157 1881 180 1943 h
243 1885 377 1957 oretum,
394 1879 616 1964 Gelasiumqus
631 1885 732 1944 extat.
766 1879 877 1964 Neque
890 1881 988 1945 verba
1001 1888 1179 1966 agnoscunt

129 1965 162 2030 S.
174 1965 327 2044 Hilarius,
344 1965 377 2030 S.
387 1965 523 2030 Basilius
539 1965 597 2043 M,
610 1965 753 2043 Rufinus,
774 1966 959 2030 Theodotus
977 1967 1177 2052 Ancyranus,

128 2051 306 2118 Concilium
319 2051 574 2116 Alexandrinum
592 2051 626 2115 in
640 2073 739 2116 causa
752 2051 893 2117 Nestorii
914 2053 1069 2127 habitum,
1086 2052 1179 2117 Nice-

128 2139 258 2224 phorus,
274 2139 412 2202 codexvo
431 2138 503 2202 Ms.
519 2137 650 2202 Thomas
666 2137 822 2238 Phillipps
839 2138 1006 2204 Baronetti
1027 2138 1180 2225 opuscula

128 2225 219 2289 varia
240 2223 432 2310 Theologica
452 2223 627 2300 continens,
651 2223 700 2288 vol
724 2223 858 2309 denique
883 2225 1045 2311 exemplar
1068 2224 1177 2290 Oodici

128 2310 296 2376 Oanonum
311 2310 420 2374 Veteri
440 2309 590 2375 Ecclesiae
609 2309 768 2409 Romunae·
781 2311 955 2395 praefixum.
1000 2311 1068 2376 Neo
1081 2332 1179 2397 porro

126 2393 1178 2569 litttsstltlztt?ittetlttitilzisstlllt

128 2568 264 2634 OPtano
279 2567 435 2718 episcopo,
451 2589 516 2634 una
530 2589 602 2632 oum
616 2567 758 2654 symbolo
769 2574 803 2632 et
813 2568 895 2634 actis
905 2570 1016 2670 synodi
1027 2569 1176 2649 Nicaenae,

127 2661 286 2806 itit,
306 2662 439 2805 {tlt
453 2653 1177 2827 stillulllfflttri0⁰lllffiollt

127 2827 260 2893 Consilii
272 2827 439 2892 traductus
453 2827 579 2892 videtur
589 2825 649 2890 iste
660 2826 824 2904 articulus,
836 2827 891 2911 qni
906 2827 1058 2892 tamenin
1072 2827 1177 2912 ipsum

126 2935 168 2978 ex
182 2913 290 2998 aliqua
303 2912 439 2978 formula
457 2911 630 2978 vetustiore
650 2919 800 2997 acceptus
818 2912 889 2977 fuit.
933 2913 1063 2977 Etenim
1077 2913 1111 2976 in
1124 2935 1177 2977 ve-

125 2999 306 3065 tustissima
324 2999 435 3086 regula
454 2999 538 3076 fidei,
555 3019 651 3084 quam
669 2998 792 3083 profert
811 2997 1033 3077 Tertullianus,
1048 3020 1121 3063 cum
1142 2999 1177 3062 iu

126 3086 209 3150 libro
222 3085 260 3150 de
273 3084 581 3170 Proscriptum.
596 3106 664 3169 cap.
679 3104 726 3170 13.
742 3091 812 3148 tum
825 3084 860 3148 iu
873 3085 926 3149 illo
941 3085 978 3150 do
999 3083 1176 3170 Viryiaibus

134 3171 262 3236 Volumni.
283 3193 353 3257 cap.
368 3191 396 3234 1.
415 3171 520 3249 verba,
548 3169 658 3235 Sedere
678 3169 724 3234 ad
742 3170 897 3236 doctorem
911 3171 1026 3256 patrie,
1051 3192 1177 3257 comps-

126 3264 213 3324 rcnt.
237 3257 333 3321 Adde
343 3257 545 3342 presbyteros
553 3256 638 3342 apud
648 3254 898 3343 S.Hippolytum
909 3258 1022 3322 Omra
1032 3257 1173 3334 Noctua,

125 3363 244 3494 {llll
254 3343 1176 3514 ilaitlllultdtlttltttlsstffifflt

125 3515 301 3581 maximam
314 3521 442 3600 partem
452 3513 557 3601 exigui
572 3515 737 3582 momenti.

547 3665 701 3733 OANON
724 3667 753 3733 Ι.

171 3775 210 3840 P.
221 3794 297 3862 370.
311 3774 332 3841 l.
345 3793 375 3859 7.
399 3779 426 3841 el
447 3776 481 3840 δέ
501 3801 546 3844 τις
565 3778 707 3860 ὑγιαίνων
723 3776 796 3864 dic]
821 3776 921 3842 Punit
940 3800 1044 3857 ausos,
1059 3778 1108 3843 vel
1127 3799 1177 3842 se·

125 3861 405 4015 tarutio
428 3861 1175 4016 iussitlussit„liutet

125 4035 286 4101 rationem
299 4034 431 4122 exponit
444 3972 575 4100 doniilii
590 4035 786 4122 Agathensis
804 3974 1009 4122 praecepium,
1025 4037 1065 4102 si
1078 4037 1132 4123 qai
1145 4057 1176 4102 se

125 4121 250 4188 carnali
263 4121 337 4187 citio
354 4142 524 4208 repupuorc
541 4122 698 4188 macutes
714 4121 903 4201 alsciudmu,
918 4123 963 4188 ad
979 4123 1092 4189 clm
1103 4145 1178 4209 pcr-

125 4208 229 4273 ocnire
247 4229 309 4272 mc
323 4217 458 4294 possm.
474 4229 501 4272 c.
514 4222 566 4290 77.
586 4209 744 4274 referente
762 4209 801 4273 cl.
822 4208 951 4295 Vigorio
970 4209 1030 4296 Op.
1041 4210 1085 4274 iii.
1100 4228 1177 4291 44

127 4295 210 4361 Mox
226 4293 342 4361 Latino
356 4301 462 4362 vertes
476 4293 572 4373 istud,
587 4295 655 4377 περὶ
669 4301 730 4360 τῶν
744 4297 975 4376 ἐπιτηδευόντων
993 4296 1028 4362 τὸ
1042 4300 1178 4380 πρᾶγμα,

628 4399 649 4466 3
666 4404 684 4444 r
