2867 4817
268 336 451 400 NICAENI
480 335 696 399 CONCILII
722 336 1058 401 UNIVERSALIS.
1123 340 1188 405 878

133 507 259 616 κλήρῳ
278 508 344 588 ε’ίτε
363 514 435 589 τῶν
453 511 491 589 ἐν
509 514 623 617 λαῖκῷ
640 506 798 610 τάγματι
822 507 891 590 ὑπὸ
909 516 982 589 τῶν
999 516 1078 590 καθ’
1097 510 1182 591 ἐκά-
1249 530 1258 541 ’

132 670 230 735 στην
251 638 424 743 ἐπαρχίαν
448 634 667 735 ἐπισκόπων,
691 638 862 741 κρατείτω
888 639 912 738 ἦ
941 637 1066 739 γνώμη
1093 637 1185 719 κατὰ

131 760 199 844 τόν
216 762 349 843 κανόνα
375 762 439 844 τόν
466 762 728 867 διαγορεύοντα,
751 762 835 849 τοὺς
861 766 921 870 ὑφ’
942 765 1069 870 ἐτέρων
1086 769 1180 847 άπο·

131 889 345 990 βληθέντος,
375 892 434 997 ὑφ’
460 890 588 994 ἐτέρων
618 889 669 991 μὴ
702 892 931 993 προσίεσθαι.
963 890 1182 998 ἐξεταζέσθω

103 1016 181 1115 Ξδέ,
197 1015 248 1117 μὴ
265 1020 489 1125 μικροψυχίᾳ
510 1017 533 1118 ἢ
560 1019 769 1125 φιλονεικίᾳ,
787 1018 897 1119 ἤτινι
914 1019 1059 1123 τοιαυτῃ
1077 1021 1182 1127 ἀηδίᾳ

130 1154 196 1226 τοῦ
226 1145 423 1227 ἐπισκόπου
452 1145 732 1248 ἀποσυνάγωγοι
763 1146 981 1249 γεγένηνται.
1030 1148 1089 1227 ἵνα
1118 1148 1182 1227 οὖν

130 1282 237 1353 τοῦτο
273 1272 338 1373 τὴν
374 1274 586 1377 πρέπουσαν
622 1273 787 1381 ἐξέτασιν
833 1273 1015 1380 λαμβάνῃ,
1062 1281 1181 1358 καλῶς

129 1402 224 1508 ἔχειν
255 1402 376 1509 ἔδοξεν
403 1401 558 1482 ἑκάστου
585 1404 745 1481 ἐνιαυτοῦ
776 1404 853 1481 καθ’
884 1400 1041 1501 ἑκάστην
1065 1404 1176 1505 ἐπαρ-

128 1532 215 1635 χίαν
233 1533 285 1614 δὶς
301 1538 365 1609 τοῦ
382 1528 481 1613 ἐτους
499 1530 672 1613 συνόδους
690 1530 866 1631 γίνεσθαι.
896 1530 955 1609 ἵνα
973 1536 1071 1634 κοινῇ
1088 1528 1179 1609 πάν-

82 1702 119 1741 ιο
128 1691 203 1737 των
220 1663 293 1736 τῶν
311 1655 517 1737 ἐπισκόπων
535 1660 599 1755 τῆς
621 1658 793 1762 ἐπαρχίας
820 1659 878 1737 ἐπὶ
896 1656 938 1737 τὸ
955 1656 1042 1737 αι’νιδ
1060 1692 1174 1736 συνα-

126 1784 291 1885 γομένων
307 1783 515 1864 τὰτοιαῦτα
534 1783 717 1887 ζητήματα
741 1784 949 1890 ἐξετάζοιτο·
980 1789 1039 1865 καὶ
1066 1786 1178 1869 οὕτως

126 1918 160 1992 oi
172 1911 467 2013 ὁμολογουμένως
480 1910 805 2014 προσκεκρουκάτες
818 1917 869 2018 τῷ
882 1910 1068 2017 ἐπισκόπιρ
1086 1908 1178 1990 κατὰ

125 2037 242 2140 λόγον
260 2038 489 2139 άκοινιόνιγτοι
514 2036 615 2142 παρὰ
641 2044 755 2118 πᾶσιν
774 2035 861 2117 εἶναι
888 2036 1034 2145 δόξωσι,
1052 2038 1177 2143 μέχρις

125 2164 170 2246 ἂν
188 2172 241 2274 τῷ
268 2173 374 2274 κοινῷ
401 2174 473 2247 τῶν
491 2164 697 2247 ἐπισκόπων
724 2166 812 2273 δόξῃ
830 2165 896 2267 τὴν
914 2172 1172 2273 φιλανθρωπο-

77 2328 88 2367 ι
95 2295 233 2397 ςτέραν
264 2294 352 2399 ὑπὲρ
381 2296 498 2374 αὐτῶν
526 2295 693 2376 ἐκθέσθαι
721 2299 863 2401 ψῆφον·
895 2299 931 2373 αἱ
963 2292 1002 2373 δέ
1029 2291 1175 2373 σύνοδοι

123 2420 366 2520 γινέσθωσαν,
392 2422 457 2521 μία
488 2420 554 2521 μέν
584 2420 656 2524 πρὸ
686 2426 750 2519 τῆς
777 2425 1086 2525 τεσσαρακοστῆς,
1116 2421 1175 2502 ἵνα

122 2547 249 2649 πάσης
275 2550 516 2655 μικροψυχίας
539 2549 801 2653 ἀναιρουμένης,
820 2547 862 2629 τὸ
884 2552 999 2652 δῶρον
1016 2544 1173 2653 καθαρόν

121 2674 375 2783 προσφέρηται
404 2682 455 2785 τῷ
492 2682 588 2786 θεῷ·
637 2676 782 2779 δευτέρα
818 2674 856 2756 δέ
892 2680 974 2780 περὶ
1009 2674 1073 2756 τόν
1108 2686 1173 2758 τοῦ

120 2803 333 2909 μετοπώρου
349 2802 483 2909 καιρόν.

144 3105 287 3175 ninantur,
302 3124 354 3163 seu
367 3124 403 3164 ex
422 3104 508 3174 clero,
523 3124 575 3163 seu
589 3124 626 3163 ex
667 3105 850 3184 congregatis
870 3104 1035 3184 provinciae,
1049 3104 1171 3163 discuti-

119 3126 197 3244 laico
218 3185 330 3253 ordine,
351 3186 387 3245 ab
410 3186 554 3265 episcopia
574 3205 626 3265 per
667 3198 755 3245 antur
786 3185 953 3262 hujusmodi
988 3186 1172 3262 quoeationea.

120 3285 357 3343 unamquamque
425 3267 602 3345 provinciam
616 3289 624 3336 ;
667 3266 710 3325 Et
723 3268 765 3325 sic
778 3267 828 3344 qui
843 3286 896 3324 auo
907 3276 1099 3345 peccaverunt
1109 3266 1172 3324 evi.

120 3346 268 3405 tentantia
278 3346 417 3425 regularis
425 3346 563 3405 obtineat.
586 3348 626 3405 Ut
667 3346 771 3406 denter
798 3347 943 3427 episcopo,
972 3346 1172 3405 excommuni-

119 3428 163 3497 hi,
178 3427 228 3504 qui
244 3426 429 3503 abjiciuntur,
441 3428 477 3485 ab
489 3426 553 3485 aliia
567 3448 626 3486 non
667 3428 724 3486 cati
745 3426 956 3486 rationabiliter
976 3428 1013 3485 ab
1036 3427 1171 3486 omnibus

118 3508 308 3587 recipiantur.
331 3508 624 3585 Requiraturautem,
666 3509 859 3567 estimantur:
883 3526 975 3585 utque
995 3526 1064 3584 quo,
1079 3508 1126 3565 vel
1139 3508 1171 3565 in

118 3608 159 3646 ne
180 3586 420 3666 pusillanimitate
439 3598 490 3645 aut
504 3599 624 3647 conten·
666 3588 813 3647 communi
836 3587 882 3646 vel
903 3590 1038 3667 episcopo
1058 3585 1171 3665 placeat

118 3668 203 3727 tione
216 3668 263 3727 vel
277 3668 335 3726 alio
352 3668 484 3746 quolibet
497 3669 624 3748 episcopi
665 3670 865 3727 humaniorem
890 3689 944 3748 pro
964 3668 1072 3726 talibus
1094 3668 1171 3727 ferra

118 3750 194 3807 vitio
211 3748 344 3807 videatur
365 3768 382 3806 a
402 3750 625 3827 ccrrgregatione
666 3750 850 3808 sententiam.
893 3749 1107 3806 conciliavero
1123 3768 1169 3807 ce·

117 3829 260 3889 seclusus.
304 3829 347 3888 Ut
361 3830 415 3887 hoc
436 3849 505 3906 ergo
520 3830 623 3887 decen·
665 3828 825 3896 laureatur,
841 3849 932 3887 uuum
953 3828 1081 3906 quidem,
1101 3838 1170 3888 ante

117 3910 181 3969 tius
204 3910 378 3986 inquiratur,
407 3909 623 3988 beneplacuit,
665 3910 912 3987 quadragesimam
922 3910 1047 3989 paschae:
1064 3922 1168 3968 utom-

116 3989 203 4050 annia
217 3990 340 4068 singulis
360 4010 413 4070 par
434 4009 623 4067 unamquam.
664 3990 694 4047 in
716 3990 896 4049 distensione
923 3988 1037 4049 sublata
1061 4010 1169 4050 munus

116 4091 176 4150 que
202 4070 382 4209 provinciam
411 4070 456 4129 bis
483 4070 514 4128 in
547 4090 623 4129 auno
664 4071 803 4129 offeratur
817 4072 884 4130 Deo
897 4070 1092 4150 purissimum.
1115 4070 1169 4129 Sa-

116 4152 201 4211 conci
214 4152 242 4209 ia
262 4150 419 4210 celebrari:
442 4162 476 4209 ut
493 4170 622 4209 commu·
665 4151 793 4209 cundum
828 4172 905 4217 vero,
941 4150 1017 4209 circa
1052 4162 1169 4231 tempus

115 4233 195 4292 niter
217 4232 352 4291 omnibus
372 4231 459 4291 simul
481 4232 623 4311 episcopis
664 4232 809 4290 autumni.
