2867 4817
494 319 724 384 EPITOME.
1074 319 1140 388 319

91 500 155 570 tris
178 498 378 570 imitantes:
404 495 632 588 postmodum
654 517 743 587 puer
765 517 831 587 per
852 493 1139 587 Cynocephalum

91 605 282 686 invenitur.
344 613 405 684 Sic
435 612 597 682 luctuosa
626 635 724 682 sacra
748 611 871 681 laetitia
895 612 1139 680 terminantur.

92 732 162 803 His
198 733 307 802 etiam
341 731 479 801 Cereris
512 729 627 799 simile
659 729 867 820 mysterium
897 736 961 810 est,
991 729 1029 796 in
1058 751 1139 820 quo,

90 851 229 922 facibus
255 849 420 929 accensis,
445 853 676 938 pernoctem
706 843 915 937 Proserpina
943 845 1139 936 inquiritur,

92 975 140 1049 et,
164 990 208 1036 ea
228 967 382 1046 inventa,
400 965 490 1033 ritus
511 962 624 1032 omnis
645 960 883 1055 gratulatione
906 984 948 1030 ac
969 961 1139 1031 taedarum

84 1083 285 1175 jactatione
301 1083 433 1151 finitur.
469 1079 699 1171 Lampsaceni
724 1077 872 1148 asellum
897 1076 1024 1170 Priapo
1046 1101 1139 1148 mao-

92 1209 193 1270 tant:
220 1223 263 1270 ea
286 1200 381 1270 enim
406 1199 480 1268 visa
502 1205 557 1266 est
580 1197 695 1288 aptior
717 1196 967 1286 victimaque
989 1196 1065 1288 ipsi,
1083 1197 1140 1265 oui

90 1325 281 1398 mactatur,
298 1314 544 1409 magnitudine
561 1311 669 1382 virilis
687 1312 841 1381 obacoeni
857 1321 976 1403 posset
999 1315 1140 1404 aequari.

90 1435 230 1504 Lindos
250 1443 305 1502 est
328 1433 497 1525 oppidum
521 1430 649 1510 Rhodi,
669 1429 731 1498 ubi
755 1427 922 1498 Herculis
945 1451 1044 1499 sacra
1067 1454 1142 1500 ma-

90 1548 485 1621 ledictiscelebrantur.
521 1545 696 1616 Hercules
719 1545 915 1614 enimcum
938 1545 1046 1617 boves
1068 1571 1144 1617 ara-

91 1668 165 1736 tori
181 1666 385 1737 abstulisset
407 1674 514 1755 atque
536 1660 763 1745 immolasset,
780 1662 842 1732 ille
858 1662 1021 1754 injuriam
1042 1687 1143 1734 snam

91 1782 260 1852 convitiis
280 1778 377 1850 ultus
400 1788 465 1860 est,
483 1801 596 1869 coque
613 1779 689 1869 ipso
712 1779 894 1847 sacerdote
916 1780 1143 1871 postmodum

92 1897 303 1979 constituto,
321 1903 481 1966 sanctum
505 1901 569 1977 est,
587 1901 628 1962 ut
645 1893 771 1962 iisdem
793 1892 991 1965 maledictis
1008 1906 1046 1965 et
1067 1896 1143 1988 ipse

93 2024 135 2084 et
157 2012 219 2083 alii
244 2023 368 2105 postea
391 2012 589 2081 sacerdotes
612 2033 709 2080 sacra
732 2011 961 2081 celebrarent.
1012 2012 1143 2083 Cretici

93 2138 221 2200 autem
250 2128 351 2198 Jovis
383 2127 591 2218 mysterium
624 2136 688 2207 est,
723 2127 901 2218 quomodo
934 2129 1048 2198 infans
1081 2138 1144 2199 aut

94 2246 300 2316 subtractus
326 2245 372 2314 sit
396 2243 498 2335 patri,
524 2251 586 2311 aut
611 2243 791 2313 educatus.
847 2242 992 2336 Capella
1016 2255 1145 2337 praesto

93 2370 164 2444 est,
182 2361 283 2451 cnjus
296 2359 463 2429 uberibus
480 2381 629 2450 puerum
643 2358 837 2429 Amalthea
849 2362 1007 2432 nutrivit.
1043 2360 1144 2430 Idem

95 2481 210 2549 etiam
239 2476 369 2546 Matris
396 2475 515 2545 Deum
540 2499 638 2546 sacra
663 2478 926 2548 demonstrant:
956 2503 1039 2548 nam
1063 2480 1146 2570 quia

95 2605 180 2666 tum
216 2592 435 2686 Corybantes
463 2592 643 2686 galearum
677 2596 865 2665 tinnitibus
894 2606 932 2666 et
965 2604 1145 2666 scutorum

94 2710 262 2806 pulsibus
295 2711 453 2803 vagitum
487 2712 587 2802 pueri
620 2720 795 2794 texerant,
825 2736 918 2782 nunc
949 2715 1066 2807 imago
1095 2714 1145 2782 rei

94 2828 254 2899 refertur
270 2828 307 2896 in
324 2829 450 2909 saeris;
476 2827 537 2896 sed
557 2850 621 2919 pro
637 2826 747 2921 galeis
770 2829 940 2921 cymbala,
956 2853 1021 2923 pro
1038 2833 1147 2901 scutis

95 2956 272 3039 tympana
297 2943 466 3024 feruntur,
493 2966 538 3012 ne
564 2967 711 3036 puerum
743 2947 943 3038 vagientem
974 2947 1147 3018 Saturnus

94 3063 282 3133 exaudiat.

482 3176 592 3246 CAP.
619 3177 768 3249 XXIV.

152 3295 244 3365 Haec
274 3303 357 3363 sunt
386 3295 553 3385 mysteria
586 3293 745 3364 deorum.
796 3293 905 3364 Nunc
939 3298 1047 3365 etiam
1080 3299 1148 3366 ori-

91 3415 224 3509 ginem
241 3411 451 3504 religionum
474 3412 701 3501 requiramus,
720 3419 761 3479 ut
781 3418 818 3479 et
838 3435 860 3480 a
882 3413 1009 3503 quibus
1026 3425 1064 3484 et
1086 3437 1150 3506 per

94 3554 181 3624 quae
205 3538 367 3620 tempora
388 3529 559 3597 institutae
582 3526 723 3608 luerint,
749 3551 923 3599 eruamus.
976 3529 1150 3624 Didymus

93 3653 140 3720 in
171 3648 215 3717 iis
244 3646 351 3727 libris,
381 3646 441 3736 qui
471 3644 710 3715 inscribuntur
735 3641 918 3736 ἐξηγήσεως
945 3645 1151 3744 Πινδαρικῆς,

94 3763 278 3834 Melissea
294 3763 402 3832 fuisse
423 3763 530 3830 tradit
547 3761 771 3830 Cretensium
795 3785 925 3855 regem,
948 3765 1049 3856 cnjus
1070 3763 1151 3834 iiliae

93 3882 238 3952 fuerint
266 3877 459 3949 Amalthea
481 3887 519 3947 et
541 3877 698 3960 Melissa,
716 3901 794 3970 quae
814 3878 943 3949 Jovern
962 3882 1151 3951 nutrierint

92 3998 249 4092 caprino
267 3995 360 4066 lacte
377 4019 417 4066 ao
434 3995 562 4066 melle:
590 3995 684 4064 hune
704 4019 814 4066 novos
830 3999 919 4067 ritus
941 4021 983 4067 ac
1006 4021 1152 4092 pompas

93 4136 285 4187 sacrorum
303 4112 548 4194 introduxisse,
567 4121 604 4181 et
625 4114 777 4204 primum
796 4114 862 4183 diis
879 4115 1098 4197 sacrificasse,
1115 4115 1151 4184 id

92 4241 161 4304 est
179 4231 313 4312 Vesta,
332 4253 409 4320 quae
426 4231 555 4300 dicitur
570 4229 710 4312 Tellus;
738 4231 831 4299 unde
850 4228 961 4301 Poeta
