2867 4817
240 319 296 383 IN
322 320 667 387 TERTULLIANI
692 322 757 385 DE
779 322 1042 387 ORATIONE.
1104 326 1170 391 187

147 489 211 553 P.1
223 490 364 575 19.l.12.
380 490 444 555 Sed
453 512 513 556 nec
522 491 783 576 ipseafrutribus
791 491 926 557 exemtis
939 494 1048 579 priora
1057 494 1168 560 lecerit

106 576 181 659 lae]
203 576 290 641 Mihi
305 576 434 661 quidem
448 576 617 663 legendum
631 578 766 655 videtur,
780 578 835 642 ud
843 600 898 643 acc
907 581 1003 665 apua
1008 579 1168 664 flebiles

104 673 265 746 exceptus
289 664 404 747 priore
432 662 556 728 feceris.
601 664 681 729 Mox
710 664 823 729 melius
850 665 936 730 foret
969 665 1165 743 indicabitur,

104 769 209 831 quam
214 747 426 831 judicabitur.

153 833 239 897 lbid.
255 834 277 898 l.
296 854 347 917 19.
369 834 402 897 in
417 834 616 899 orationibus
630 836 773 921 alleluja]
796 834 847 899 De
861 836 956 921 hujus
977 838 1063 902 vocis
1083 839 1166 903 enti-

104 920 247 1004 quitata
272 941 313 984 ac
334 920 474 1019 repetito
495 942 569 1021 usu·
582 921 614 985 in
635 922 782 1022 precibus
803 922 902 985 sacris
919 922 988 1005 jam
1010 923 1063 1023 alii
1085 924 1165 1024 satis

104 1026 214 1155 321¹?
224 1006 354 1157 oilli?
363 1006 679 1157 abablius
696 1007 1164 1179 iimlbigrlll'iiliiui

104 1176 307 1241 Scsomenus
319 1178 375 1242 lib.
389 1175 468 1242 VII.
485 1200 555 1263 cup.
567 1198 617 1263 15.
636 1187 670 1244 et
693 1199 752 1263 19„
773 1179 806 1244 S.
819 1179 982 1258 Paulinus,
1002 1181 1036 1244 S.
1048 1180 1164 1245 Hiero·

103 1284 233 1347 nymus,
259 1263 412 1340 Indorus,
437 1264 595 1338 Sidonius,
618 1272 652 1330 et
676 1264 740 1329 alii.
784 1266 818 1329 A
842 1265 968 1330 Judaeis
991 1266 1033 1330 sd
1057 1266 1163 1331 Ohria

103 1348 217 1413 tiancs
237 1349 387 1414 transiit:
414 1357 464 1414 est
488 1350 573 1414 enim
598 1350 631 1414 in
657 1350 819 1415 Devidicis
843 1351 980 1415 Psalmis
1004 1353 1162 1438 frequens,

103 1456 244 1519 nmque
258 1435 335 1499 olim
349 1434 550 1521 potissimum
563 1437 597 1499 in
611 1436 743 1500 ecelesia
762 1436 1054 1523 Hierosolymitane
1072 1460 1162 1501 usur·

103 1530 222 1605 putam
235 1520 389 1585 diseirnrrs
402 1543 424 1585 a
438 1521 471 1585 S.
483 1522 638 1607 Gregorio
651 1520 704 1585 lib.
716 1520 762 1584 ΙΙ.
778 1523 870 1608 epist
887 1526 939 1605 63.
958 1523 1140 1586 Musaronn

151 1605 236 1670 lbid
261 1607 286 1670 l.
303 1626 354 1671 ιο.
381 1628 516 1692 quorun
541 1608 687 1672 clausulis
712 1609 944 1693 respondeant]
974 1608 1162 1694 legentium

105 1692 285 1757 eruditioni
299 1693 436 1756 facerem
450 1692 608 1777 injurium,
624 1694 650 1758 ei
665 1702 739 1778 post
750 1694 968 1759 doctissimum
979 1715 1162 1779 summeque

104 1778 197 1863 pium
225 1779 422 1843 cardinalem
450 1778 574 1843 Bonam
601 1780 642 1843 de
675 1780 897 1865 antiquissimo
930 1779 1095 1865 psallendi,
1124 1802 1162 1845 ac

106 1862 284 1929 Davidieor
311 1864 456 1928 Psalmcs
481 1871 539 1929 eut
567 1865 724 1929 recitendi
748 1872 806 1930 eut
831 1865 965 1930 canendi
991 1888 1050 1930 ueu
1075 1865 1162 1951 loqui

105 1949 231 2015 vellem.
280 1949 361 2035 Ejus
374 1950 490 2014 librum
504 1950 544 2015 de
560 1950 744 2015 Psnlmodia
758 1952 903 2016 consulat
917 1952 1059 2037 quisquis
1075 1959 1161 2017 satu·

105 2036 171 2099 rari
197 2035 300 2120 cupit.
347 2034 428 2100 Heio
443 2036 611 2101 transiens
640 2037 870 2112 animadverto,
897 2058 993 2122 quam
1017 2045 1163 2102 vetustus

106 2120 158 2185 ille
182 2122 287 2185 etium
307 2119 350 2185 eit
371 2121 541 2206 ritusque
563 2121 683 2186 Psnlmi
702 2122 835 2186 alternis
857 2123 891 2187 in
914 2123 1010 2186 choro
1029 2122 1162 2207 aliisque

106 2206 337 2271 aeclesiasticis
351 2207 631 2305 supplicationibus
645 2208 831 2272 recitantur.
856 2208 1037 2272 Moenum.
1083 2209 1162 2273 Ora·

106 2291 254 2356 tionibus
280 2292 426 2377 subjungi
452 2293 503 2356 hic
524 2292 674 2358 dicuntur
698 2294 733 2357 id
754 2315 853 2377 genus
876 2293 1000 2378 psalmi,
1026 2315 1161 2378 quorum

107 2378 263 2442 olausulae
277 2384 363 2463 aptoe
378 2385 453 2442 sunt
467 2378 511 2441 ed
524 2379 790 2464 respondendum.

151 2463 339 2547 lbid.1.23.
360 2470 538 2528 calmetam
556 2464 734 2529 cretionem
754 2463 839 2527 velut
853 2463 1008 2548 optimam
1023 2462 1162 2527 hostiam

106 2549 297 2633 admovere]
315 2548 502 2615 Seturetenr
516 2550 703 2614 oraticnem.
741 2548 842 2613 Sicuti
852 2549 964 2632 jejumo
977 2549 1083 2625 oratu,
1099 2548 1162 2612 alio

107 2646 219 2699 tamen
233 2656 340 2711 sensus,
353 2656 375 2699 a
389 2635 538 2700 Cicerone
553 2636 640 2699 dicta
657 2642 716 2711 est,
733 2634 781 2699 ite
794 2641 828 2699 et
846 2644 988 2698 morata
1000 2655 1021 2698 a
1036 2633 1161 2697 Tertul-

107 2720 194 2785 liano
209 2720 339 2795 dieitur,
354 2742 424 2805 quae
443 2742 552 2807 preces
570 2742 643 2785 eum
660 2720 849 2785 recitatione
869 2719 1068 2785 Psalmorum
1088 2741 1161 2783 eon·

103 2806 224 2893 jungit.
272 2804 354 2869 Haee
368 2812 418 2870 est
431 2806 561 2891 optima,
577 2806 645 2870 haec
664 2811 715 2871 est
733 2806 859 2891 pinguis
877 2806 992 2882 hostie,
1008 2827 1104 2889 quam
1118 2806 1160 2868 ud

107 2914 200 2956 aram
234 2891 375 2955 divinam
406 2890 617 2976 perducimus.
671 2891 851 2955 Mnasronr.
899 2890 1054 2976 legerim,
1082 2889 1162 2954 cobet

109 2978 254 3062 opimam
270 2976 397 3040 lodiom
411 2978 593 3041 admovens.

152 3063 191 3127 P.
208 3082 282 3126 120.
297 3062 318 3125 l.
331 3084 361 3143 4.
377 3062 639 3145 sacrificaremus]
658 3061 734 3125 For.
752 3060 973 3126 sacrificamus.

152 3148 241 3213 lbid.
256 3148 277 3210 1.
292 3168 301 3209 ι
309 3167 342 3232 3.
356 3148 483 3247 negavit
498 3146 600 3233 Deus]
614 3146 816 3211 Praetulerim
826 3145 954 3231 aceedit

151 3234 238 3298 Ibid.
254 3233 276 3297 l.
289 3252 340 3313 29.
357 3233 478 3296 Mrrum
491 3233 518 3297 si
533 3254 635 3317 aquae
649 3232 795 3297 coelestes
810 3235 881 3316 bro]
906 3232 997 3297 Inter
1014 3233 1083 3297 haec
1097 3232 1158 3318 sig·

107 3320 232 3385 nificari
258 3318 393 3394 videtur,
420 3326 457 3381 ut
483 3318 557 3382 olim
582 3318 690 3382 monui
712 3318 755 3381 ad
780 3318 814 3381 S.
829 3317 1048 3403 Apollinarem
1072 3319 1159 3403 apud

108 3406 275 3491 Reliquias
288 3406 376 3468 Socr.
389 3404 449 3468 vol.
462 3403 488 3467 Ι.
505 3427 536 3489 p.
551 3422 621 3489 153.
636 3402 751 3489 pluvie,
763 3425 844 3488 quae,
860 3410 991 3468 auctore
1001 3404 1071 3503 ipso
1082 3425 1158 3488 quo-

107 3514 170 3577 qne
190 3489 391 3555 Tertulliano
410 3490 443 3553 in
462 3488 525 3554 alio
547 3489 637 3566 libro,
662 3488 744 3574 Imp.
764 3489 869 3553 Marci
894 3489 1050 3552 Antonini
1070 3510 1159 3553 exer-

107 3576 185 3642 citui
199 3575 350 3661 precibus
364 3574 616 3640 Christianorum
630 3575 804 3659 impetrate
818 3582 877 3639 est

151 3662 237 3727 Ibid.
254 3662 275 3727 l.
313 3680 342 3725 2.
358 3660 446 3726 novit
461 3661 597 3745 operari]
617 3660 693 3724 For.
707 3660 830 3759 legend.
845 3659 945 3724 voluit
958 3660 1092 3745 operari

151 3749 193 3813 P.
209 3681 319 3813 rani.
331 3748 361 3811 8.
376 3747 460 3832 regit
474 3746 602 3831 divites]
621 3746 695 3810 For.
712 3745 831 3831 dirigit.

151 3834 237 3899 lbid.
253 3834 273 3897 l.
288 3854 337 3898 10.
353 3833 505 3896 edversus
519 3832 687 3909 hominem,
700 3831 755 3917 qui
765 3854 824 3896 nos
838 3830 977 3916 undique
991 3830 1155 3915 observat]

109 3919 191 3985 llaee
209 3942 322 3984 revere
340 3919 381 3983 de
401 3917 529 3983 diabolo
548 3917 682 3981 dicenda
700 3924 803 3994 erent,
826 3918 880 4003 qui
902 3936 1027 4001 semper
1048 3916 1159 3979 circem

258 4028 346 4091 queo
360 4005 489 4069 decoret
527 4004 591 4067 Sed
613 4024 675 4087 quo
690 4004 763 4087 jure
780 4004 927 4067 boucam
946 4000 1159 4065 Tertullianus

107 4026 319 4177 ml
341 4091 392 4156 De
402 4090 538 4155 ethnicis
548 4110 624 4175 ergo
635 4088 829 4174 principibus
842 4089 929 4173 loqui
942 4086 1021 4152 mihi
1031 4087 1157 4151 videtur

107 4186 230 4254 auctor,
261 4178 314 4262 qui
344 4176 423 4241 nihil
453 4196 517 4239 non
547 4175 713 4253 ornabant,
744 4198 765 4239 a
802 4196 842 4238 ue
872 4174 1093 4250 observabant,
1119 4180 1157 4237 ut

108 4264 361 4328 Christiamrum
380 4261 563 4348 reipublieae
581 4268 741 4413 nopepent.
809 4282 948 4323 ιιιιιιοιιι.
993 4259 1159 4344 Reponere
