2867 4817
273 270 337 333 154
569 268 638 331 EX
662 267 808 332 LIBRO
832 266 1019 333 DIURNO

273 451 394 522 strare,
412 441 474 510 sed
491 438 592 511 velut
603 440 786 511 confusam
802 450 910 533 atque
922 449 1183 536 congregatam.
1219 442 1324 512 Sicut

274 558 319 627 de
335 556 469 626 naturis
485 556 614 649 impius
632 553 823 650 Eutyches,
836 556 888 628 ita
904 557 949 628 de
965 557 1185 629 naturalibus
1198 554 1325 626 volun-

273 672 407 742 tatibus
439 678 548 761 etquc
577 672 838 763 operationibus
871 670 1013 755 Christi,
1042 673 1150 766 juxta
1182 672 1325 743 haereti-

274 806 396 857 corum
413 786 614 879 praestigias,
630 784 837 857 nitebantur
852 786 1053 859 defendere.

324 900 452 972 Sedet
472 901 620 991 eosqui
643 922 752 971 unam
776 900 882 973 simul
899 910 937 971 et
954 903 1041 973 duas
1057 900 1264 971 voluntates
1286 908 1347 977 ets

275 1017 496 1108 operationes
518 1017 555 1085 in
580 1015 721 1086 Christo
738 1016 855 1089 dicere
876 1016 1144 1109 presumebant,
1162 1017 1239 1087 sive
1256 1040 1325 1087 nec

275 1150 393 1211 unam,
427 1151 495 1199 nec
525 1130 632 1212 duas;
671 1127 729 1199 vel
759 1130 820 1222 qui
855 1131 1086 1224 proprietates
1113 1137 1324 1199 naturarum

274 1244 406 1315 Christi
429 1243 645 1315 confundere
669 1245 726 1315 vel
750 1247 960 1339 extinguere
982 1246 1049 1317 nisi
1072 1252 1166 1327 sunt,
1187 1244 1245 1315 vel
1271 1246 1325 1315 ni·

273 1366 409 1441 tuntur,
425 1360 501 1451 pari
519 1382 601 1430 cum
618 1360 669 1458 cis
684 1360 912 1432 anathemate
927 1359 1179 1431 multaverunt.

325 1473 517 1567 Propterea
541 1498 726 1568 quosquos,
752 1461 810 1547 vel
834 1498 982 1568 quosque
1005 1486 1127 1547 sancta
1152 1499 1216 1548 sex
1243 1479 1369 1547 uui-¹0

275 1592 423 1662 versalia
451 1592 600 1663 concilia
628 1592 845 1685 abjecerunt,
876 1592 982 1663 simili
1011 1593 1120 1664 etiam
1148 1616 1214 1665 nos
1239 1616 1325 1665 con-

275 1706 502 1807 demnatione
517 1704 742 1800 percellimus
757 1707 1001 1779 anathematis.

334 1822 427 1892 Cum
459 1844 564 1914 supro
594 1822 677 1893 fatis
712 1822 894 1905 haereticis,
930 1820 1135 1905 Sabellum,
1167 1822 1325 1893 Paulum

276 1936 556 2019 Samosatenum,
588 1934 721 2007 Marim
755 1936 910 2020 Persam,
942 1935 1167 2020 Montanum,
1200 1936 1326 2009 Dona-

276 2062 364 2135 tum,
399 2050 625 2134 Eunomium,
656 2052 850 2135 Nouatum,
882 2052 1101 2135 Sabbatium,
1135 2052 1324 2137 Acacium,
1339 2083 1348 2122 ι
1354 2080 1369 2139 5

275 2166 501 2251 Anthimum,
523 2165 707 2236 lulianum
733 2166 1049 2250 Halicamssseum,
1073 2168 1325 2252 Theodosium,

277 2282 463 2364 Gaianum,
497 2279 765 2363 Priscillianum,
807 2282 1001 2374 Pelagium,
1036 2282 1249 2364 (laelestium,
1283 2294 1325 2354 et

276 2395 460 2467 lulianum
477 2418 599 2465 eorum
617 2396 837 2489 discipulum,
855 2405 991 2468 etcum
1009 2399 1060 2469 eis
1075 2397 1181 2470 simul
1197 2422 1325 2470 omues

276 2512 458 2583 hereticos
487 2534 681 2604 eorumque
710 2512 815 2583 simul
849 2534 1014 2604 sequaces
1043 2536 1251 2585 execramur
1278 2536 1325 2585 ac

275 2624 560 2696 condemnamus.
1334 2657 1373 2696 πο

325 2738 494 2831 Quosque
530 2761 624 2821 nero,
658 2736 715 2809 vel
757 2762 904 2832 quaeqne
943 2742 1068 2812 eadem
1102 2764 1166 2812 sex
1199 2751 1326 2813 sancta

275 2854 424 2926 concilia
445 2862 687 2947 susceperuut,
708 2862 751 2924 ut
773 2863 878 2927 reotae
902 2857 985 2928 fidei
1009 2865 1188 2929 consortes
1213 2860 1324 2929 susci·

274 2971 401 3062 pimus,
423 2978 461 3041 et
484 2992 567 3039 cnm
590 2971 714 3041 eadem
737 2973 935 3043 reverentie
951 2994 1012 3043 ore
1035 2980 1073 3043 et
1093 2974 1199 3044 corde
1216 2996 1325 3045 vene-

275 3108 403 3156 ramur.

326 3198 454 3269 Sedet
473 3199 541 3269 hoc
564 3206 688 3270 vestrm
708 3200 857 3284 caritati,
875 3200 1016 3305 Girristo
1040 3212 1228 3285 annuento,
1246 3204 1323 3295 pol-
1335 3234 1370 3293 ²⁵

276 3315 433 3397 licemur,
458 3322 596 3397 cuncta,
619 3337 697 3406 que
721 3314 827 3407 hujus
848 3317 1048 3410 apostolice
1070 3319 1162 3388 sedis
1184 3319 1321 3411 praefsti

275 3428 459 3522 pontifices
474 3428 658 3521 apostolici
680 3430 952 3521 predecessores
973 3434 1084 3503 nostri
1107 3434 1324 3526 synodaliter

275 3550 486 3626 statuerunt,
510 3566 592 3615 cum
617 3552 695 3615 toto
722 3546 853 3617 mentis
875 3548 993 3618 studio
1016 3557 1055 3619 et
1078 3550 1234 3642 puritste
1256 3572 1321 3621 uos

275 3682 352 3731 esse
375 3666 650 3741 conservaturos,
676 3669 714 3730 et
740 3660 785 3730 ad
815 3661 1074 3733 defendendam
1102 3673 1208 3735 rectae
1236 3666 1320 3737 fidei

274 3774 475 3868 puritatem,
487 3773 692 3845 eorumdem
710 3776 880 3866 presidio,
893 3798 1013 3848 coram
1030 3777 1231 3853 hominibus
1243 3802 1321 3853 esse
1329 3812 1370 3869 30

273 3888 510 3981 sequipedam.
997 3922 999 3925 v

322 4003 429 4074 Unde
457 4012 494 4074 ct
514 4002 665 4075 districti
688 4003 924 4076 anathematis
950 4008 1189 4081 interdictioni
1213 4010 1322 4103 subji-

271 4120 395 4201 cimus,
416 4120 445 4189 si
470 4120 549 4211 quis
573 4140 740 4211 unquam,
766 4142 829 4191 seu
851 4142 924 4203 nos,
950 4124 1024 4194 sive
1050 4133 1105 4195 est
1134 4126 1234 4209 elius,
1259 4116 1319 4221 qr'ri
