2867 4817
229 387 281 453 IN
305 386 496 453 FIRMIL.
517 388 587 452 AD
610 384 1071 453 chPmAN.E1²1sT.
1115 386 1180 453 256

123 560 296 647 agebatur,
316 580 458 645 quosque
476 558 529 625 hia
551 560 696 627 nominat
716 558 930 636 Firmllianus,
951 557 1090 623 maxime
1112 558 1180 645 qui·

125 649 201 712 dem
214 654 360 732 tempore
374 646 443 731 ejus
457 645 655 731 vigentibus3
673 645 731 710 sed
744 666 834 731 aeque
848 666 958 709 verum
968 649 1028 724 est,
1043 645 1180 709 hareses

124 734 216 798 haud
229 732 334 797 minus
348 732 517 818 pontisarae
531 732 565 795 in
583 731 760 817 apostoliea
773 752 842 797 aevo
856 730 1011 798 extitisse.
1055 731 1181 816 Dignus

124 827 239 885 autem
256 826 317 897 est
334 818 388 903 qui
407 818 448 882 de
464 818 526 883 hae
543 839 580 883 re
597 818 783 883 eonleratur
801 816 1016 882 Tertullianus
1033 838 1131 903 snpra
1146 817 1181 882 in

125 906 183 971 lib.
199 904 239 970 do
252 905 437 990 Pmon’pt.
450 904 567 969 Horat.
582 926 674 991 capp.
683 924 738 1004 33.
752 909 788 968 et
801 922 853 987 34

172 991 213 1056 P.
225 1010 298 1077 234.
312 992 335 1057 l.
348 996 398 1055 αὑ.
424 990 537 1056 Sedet
556 990 720 1055 Valentius
734 997 769 1054 et
787 987 937 1053 Basilidis
956 995 1084 1074 tempus
1102 987 1179 1075 lta]

127 1077 241 1142 Variae
262 1083 338 1142 sunt
364 1076 527 1161 opiniones
546 1076 686 1141 virorum
707 1076 873 1141 dootorum
893 1075 934 1139 de
954 1082 1182 1162 temporeque

126 1163 286 1229 Basilides
305 1164 423 1249 dogma
442 1184 534 1227 suum
551 1161 779 1227 disseminavit.
824 1161 897 1243 Qua
911 1161 952 1225 de
965 1162 1182 1227 eontrovere'm

126 1250 201 1315 ride
228 1272 299 1335 quse
328 1250 423 1314 doato
451 1255 486 1314 et
514 1249 637 1314 erudite
666 1247 795 1333 seripsit
822 1247 944 1312 amiens
971 1247 1047 1312 olim
1071 1254 1183 1316 noster

126 1336 152 1400 J
153 1358 275 1401 oannes
294 1334 445 1421 Baptista
463 1335 640 1400 (lotelerius
658 1334 693 1399 in
707 1333 875 1419 epistolam
895 1333 1015 1419 Ignatii
1033 1334 1076 1398 ad
1091 1334 1182 1398 'hal-

127 1422 242 1501 lienes
256 1422 312 1485 ubi
329 1428 455 1507 tempus
475 1420 623 1485 Basilidis
637 1426 767 1485 revooat
789 1420 832 1484 ad
850 1419 1017 1505 imperinm
1034 1420 1180 1485 Adriani

128 1508 217 1573 Vide
238 1508 339 1572 etiam
357 1508 416 1571 viri
434 1506 607 1572 doctissimi
629 1506 748 1572 Renati
768 1505 926 1571 Massueti
945 1506 1183 1572 observationes

127 1595 171 1660 ad
195 1593 357 1658 hanaeum
377 1614 452 1680 pag.
467 1612 522 1678 59.
547 1594 577 1675 ξ.
596 1611 669 1659 112.
716 1592 849 1677 Ineptos
874 1591 1024 1657 Basilidis
1048 1614 1181 1671 errores,

128 1702 211 1766 qnos
224 1684 378 1765 portenta
395 1686 498 1756 voest,
513 1678 655 1779 graviter
672 1677 818 1765 exagitat
837 1677 1053 1763 Hieronymus
1066 1679 1100 1743 in
1117 1679 1182 1763 epi·

126 1765 244 1851 taphio
270 1764 394 1830 Luainii
417 1764 530 1830 Bestias
555 1772 589 1830 et
614 1764 647 1829 in
675 1764 758 1829 libro
783 1764 935 1831 adversus
959 1764 1181 1851 Vigilantiam.

128 1852 227 1917 Illum
241 1850 327 1915 idam
342 1850 556 1937 Hieronymus
569 1851 623 1916 lib.
636 1850 682 1916 ΙΙ.
699 1851 850 1917 adversus
868 1850 893 1914 J
893 1850 1075 1915 ovinianum
1088 1858 1183 1915 voest

126 1938 321 2024 magistrum
343 1936 476 2001 luxuriae
499 1943 532 2003 et
554 1937 811 2022 turpissimorum
833 1936 1063 2023 amplexuum,
1087 1944 1122 2001 et
1148 1937 1183 2001 in

127 2022 267 2111 epistola
280 2024 324 2088 ad
339 2022 425 2089 Otesi
447 2023 579 2089 hontam
590 2024 743 2088 adversm
753 2022 945 2109 Pelagianos
955 2028 1184 2088 oommemorat

127 2110 332 2197 impietatem
419 2108 511 2174 “dis
533 2108 651 2173 Bsuuz.
698 2108 828 2174 Videris
846 2131 918 2194 quae
935 2110 975 2173 de
995 2108 1046 2173 his
1068 2108 1183 2173 Firmi.

126 2196 207 2261 liani
225 2195 332 2261 serbis
350 2196 394 2259 ad
408 2194 582 2282 Hegesippi
598 2194 796 2295 Fragmenta
813 2196 900 2281 apud
914 2195 1077 2281 Roliqas'ae
1090 2197 1181 2259 ΒΜ.

128 2282 571 2452 eleuaretur
585 2281 636 2430 ¹1³?
655 2282 768 2454 tt?
785 2280 943 2453 llll*
964 2281 1066 2346 ’Μ
1082 2281 1183 2347 ¹²⁰³*

176 2453 218 2517 Ρ.
232 2470 271 2537 23
273 2471 306 2537 5.
320 2452 342 2517 l.
358 2473 406 2539 13.
426 2452 567 2518 looorum
581 2459 616 2519 et
630 2454 793 2518 nominum
807 2453 1008 2537 diversitate]
1033 2452 1185 2535 Quamvis

128 2538 201 2605 m
218 2538 315 2605 laotio
334 2546 484 2604 eoustans
498 2540 541 2605 sit
558 2540 592 2604 in
615 2540 762 2641 omnibus
779 2538 921 2626 antiquis
940 2537 1182 2625 exemplaribus,

129 2624 1002 2797 mummium
1018 2710 1184 2777 nnn

129 2818 213 2884 paea
228 2804 329 2882 atqua
351 2802 476 2863 umteta
494 2797 666 2883 aliquando
685 2798 858 2863 disoessum
880 2800 945 2884 est]
967 2796 1028 2863 Ait
1046 2797 1185 2863 aiilon·

130 2883 275 2950 stantius
301 2882 478 2949 Firmiliani
506 2885 603 2949 verba
627 2884 763 2949 afferens
790 2884 825 2949 in
849 2890 929 2949 nota
955 2884 999 2948 ad
1024 2883 1058 2948 S.
1070 2884 1185 2949 lrenoei

131 2968 318 3055 Epistolum
330 2969 374 3035 ad
387 2968 566 3034 Romanum
583 2970 766 3057 episeopum
781 2969 957 3049 vietor-em,
973 2969 1027 3071 qui
1046 2970 1186 3036 Asianos

130 3056 289 3142 pascham
313 3056 366 3119 die
391 3076 431 3136 14
455 3055 571 3121 mensis
593 3056 791 3122 celebrantes
815 3056 858 3121 ab
880 3057 1012 3121 eoelesra
1036 3078 1186 3142 separare

131 3148 272 3208 oonatus
285 3140 400 3221 iuerat,
416 3149 437 3179 “
448 3141 610 3221 Calentes,
626 3142 745 3228 quippe
758 3164 831 3227 qua,
846 3148 885 3207 ut
898 3143 1027 3209 eredere
1045 3149 1104 3222 est,
1120 3164 1185 3229 pax

132 3236 155 3267 “
170 3229 215 3294 sd
229 3228 389 3293 modieum
405 3226 630 3307 interturbata,
645 3228 678 3293 in
695 3228 857 3315 integrum
872 3228 1025 3294 restituta
1041 3234 1101 3308 est,
1116 3229 1186 3294 uni·

134 3324 158 3353 “
173 3314 255 3381 uris
275 3320 381 3399 rupta
401 3314 590 3379 obliuionem
609 3314 657 3380 ita
677 3315 811 3401 peperit,
831 3323 870 3379 ut
890 3316 934 3379 ab
954 3336 995 3380 ea
1014 3315 1186 3400 aliquando

133 3408 155 3438 “
170 3400 348 3467 &eoseum
368 3422 437 3466 esse
457 3401 608 3487 Cypriani
628 3406 729 3490 aetate
748 3423 790 3466 ne
810 3401 1004 3466 reooleretur
1028 3401 1188 3486 quidem.”

132 3488 224 3553 Rosa.
240 3487 362 3573 Positis.
376 3486 525 3573 Epistola
537 3510 568 3575 p.
579 3508 632 3573 99.
677 3486 860 3569 Quinetiam
877 3493 1017 3553 testatus
1033 3494 1083 3551 est
1097 3488 1186 3553 Ana·

132 3572 234 3641 tulius
255 3572 465 3652 laedemus,
482 3572 510 3637 is
529 3574 583 3658 qui
601 3580 679 3638 ante
698 3573 866 3639 eoneilium
882 3573 992 3638 floruit
1010 3572 1185 3653 Niaoennns,

134 3659 376 3727 eontentionem
386 3659 845 3745 istmndepasehateexortam
855 3660 898 3724 ab
908 3659 1030 3725 Irenaeo
1037 3668 1188 3745 patratam

132 3768 214 3825 essa,
230 3745 367 3832 mirque
376 3744 530 3831 pumilae,
545 3744 659 3831 inquit,
674 3746 710 3809 is
725 3767 784 3812 nra
797 3746 904 3831 rapula
915 3744 1189 3833 personantias,

132 3852 241 3983 m
248 3842 342 3982 Ἥ
360 3832 553 3983 emtis
571 3854 652 3897 mora
669 3830 902 3899 dodiaaualaa
939 3832 1023 3897 Vide
1042 3832 1189 3899 Anatolii

255 3940 267 3981 ι
323 3938 373 3982 esu
505 3940 568 3982 um

181 4002 267 4069 lbid.
297 4002 318 4067 l.
340 4022 391 4088 29.
419 4004 602 4069 annam
625 4004 671 4069 ad
696 4026 726 4069 eo
754 4004 919 4092 uma]
953 4003 1008 4067 Ad
1036 4003 1188 4090 (lyprisni

132 4088 310 4189 Epidolam
332 4089 378 4154 ad
398 4090 588 4175 Papam,
614 4090 669 4155 ubi
693 4089 848 4177 Stephani
871 4090 969 4155 verba
991 4090 1098 4155 adhue
1122 4090 1188 4177 ple·

133 4196 208 4241 urus
229 4174 416 4255 afferuntur,
437 4174 499 4241 boe
517 4176 685 4243 annotavit
705 4175 874 4264 Rigaltias,
893 4175 1115 4242 “Beatissimo
1136 4184 1189 4243 est

133 4268 156 4301 ‘⁴
171 4261 242 4327 heo
265 4260 432 4347 mriptura.
477 4262 551 4328 Hae
571 4270 631 4341 est,
653 4284 756 4349 neque
776 4262 955 4329 veniemem
979 4284 1002 4327 a
1023 4262 1189 4328 Maraione

134 4354 155 4387 “
172 4346 321 4435 baptizat
346 4347 529 4427 Montanus,
553 4370 656 4434 neque
679 4350 858 4414 venientem
883 4370 904 4413 a
926 4348 1087 4413 Montano
1108 4348 1187 4431 bep-
