2867 4817
282 307 347 374 236
600 311 857 374 DEFINITIO
880 311 1015 374 FIDEI

282 482 505 586 παραδέδωκε
538 481 739 581 σύμβολον·
781 487 840 564 καὶ
876 483 939 564 δύο
970 481 1128 591 φυσικὰς
1160 483 1333 583 θελήσεις

283 610 362 711 ἤτοι
385 607 570 709 θελήματα
596 613 634 690 ἐν
660 613 771 720 αὐτῷ,
801 615 861 692 καὶ
885 611 948 692 δύο
974 611 1130 720 φυσικὰς
1154 614 1331 715 ἐνεργείας

285 737 495 841 ἀδιαιρέτως,
527 737 718 842 ἀτρέπτως,
751 741 960 842 ἀμερίστως,
991 738 1208 844 ἀσυγχῦτως
1238 739 1331 818 κατὰ

285 863 352 965 τὴν
379 872 450 946 τῶν
476 865 587 968 ἁγίων
609 867 772 970 πατέρων
800 870 1036 947 διδασκαλίαν
1059 866 1237 949 ὡσαύτως
1260 902 1327 966 κη·

284 993 467 1098 ρθπομεν.
498 993 644 1073 καὶδύο
671 991 736 1092 μέν
763 994 901 1101 φυσικὰ
931 993 1115 1094 θελήματα
1141 995 1209 1098 οῦχ
1240 997 1326 1074 ῦπε·

286 1122 417 1216 ναντία,
435 1119 484 1220 μὴ
498 1119 645 1222 γένοιτο,
660 1120 777 1205 καθὼς
789 1128 822 1201 οἱ
837 1123 979 1216 ἀσεβεῖς
992 1120 1135 1228 ἔφησαν
1152 1125 1329 1224 αἰρετυεοὶ,

285 1251 368 1327 ἀλλ’
392 1246 563 1347 ἑπόμενον
586 1248 628 1327 τὸ
652 1249 876 1354 ἀνθρώπινον
900 1251 1009 1328 αὐτοῦ
1033 1248 1182 1349 θέλημα,
1201 1253 1263 1329 καί
1278 1248 1330 1349 μὴ

285 1374 535 1476 ἀισιπίπτονῆ
562 1364 965 1476 ἀισιπαλαῖυν,μιῖλλον
986 1375 1054 1475 μέν
1072 1378 1135 1456 οῦν
1158 1381 1219 1456 καὶ
1237 1381 1326 1458 ῦπυ-

285 1501 512 1604 τιισσόμενον
532 1509 583 1612 τῷ
605 1505 687 1611 θείῳ
712 1506 820 1585 αὐτοῦ
841 1509 900 1584 καί
926 1511 1121 1584 πανσθενεῖ
1142 1505 1331 1605 θελήματι.

286 1632 353 1714 ἔδει
382 1631 452 1737 γὰρ
480 1631 522 1712 τὸ
549 1636 612 1732 τῆς
639 1631 775 1737 σαρκὸς
802 1632 943 1732 θελημα
972 1638 1164 1733 κιιηθῆναι,
1192 1636 1328 1714 ὑποτα-

1417 493 1431 669 λ

284 1765 389 1863 γῆναι
408 1761 446 1840 δὲ
470 1767 521 1867 τῷ
545 1759 718 1862 θελήματι
740 1767 792 1869 τῳ
815 1765 920 1868 θεῖκῷ
937 1758 1029 1840 κατὰ
1048 1759 1111 1840 τὸν
1136 1759 1334 1870 πάνσοφον
1431 1784 1432 1819 ³

285 1891 517 1973 Ἀθανάσιυν·
553 1888 679 1994 ὥσπερ
710 1889 782 1994 γὰρ
810 1892 833 1990 ἡ
862 1893 971 1970 αῦτοῦ
999 1888 1110 1997 σὰρξ,
1138 1891 1241 1997 σὰρξ
1267 1901 1332 1971 τοῦ

286 2026 380 2101 Θεοῦ
404 2017 516 2121 λόγου
539 2018 679 2120 λέγεται
706 2023 765 2099 καὶ
786 2018 896 2117 ἔστιν,
914 2021 1006 2099 οὕτω
1029 2021 1088 2097 καὶ
1108 2017 1150 2097 τὸ
1173 2018 1333 2124 φυσικὸν

285 2152 349 2246 τῆς
367 2147 502 2252 σαρκὸς
527 2148 635 2226 αὑτοῦ
659 2147 799 2245 θέλημα
821 2147 910 2226 ’ίδιον
928 2155 991 2225 τοῦ
1016 2151 1112 2226 Θεοῦ
1132 2146 1247 2248 λόγου
1265 2149 1329 2226 λε’·

193 2352 199 2366 ,
228 2320 242 2366 ·.
290 2309 389 2377 γεται
408 2278 466 2355 καὶ
485 2275 573 2370 ἔστι,
588 2273 681 2354 καθά
699 2281 815 2380 φησιν
833 2274 950 2358 αι’πός·
974 2273 1029 2354 ὅτι
1046 2273 1278 2375 καταβεᾜηκα
1293 2279 1333 2354 ἐκ

287 2413 350 2483 τοῦ
369 2405 527 2507 οὐρανοῦ,
546 2405 613 2507 οὐχ
635 2403 693 2482 ἵνα
716 2411 807 2483 ποιεῦ
831 2402 874 2481 τὸ
893 2403 1032 2503 θέλημα
1055 2403 1098 2483 τὸ
1116 2401 1211 2503 ε’μὸυ,
1230 2403 1334 2483 ἀλλά

288 2529 329 2612 τῦ
357 2530 496 2630 θέλημα
522 2539 585 2610 τοῦ
612 2529 823 2636 πεμψοντός
849 2564 894 2629 με
920 2527 1066 2634 πατρὸς,
1096 2531 1184 2610 ’ίδιου
1213 2531 1332 2632 λέγων

289 2661 429 2759 θέλημα
455 2661 563 2738 αὑτοῦ
590 2658 632 2739 τὸ
658 2664 721 2757 τῆς
744 2656 888 2762 σαρκὸς,
911 2662 985 2738 ἐπεὶ
1008 2663 1065 2738 καὶ
1085 2660 1109 2759 ἦ
1133 2658 1236 2766 σάρξ
1261 2661 1334 2739 ίδία

289 2789 396 2866 αῦτοῦ
413 2787 569 2888 γέγονεν·
601 2785 642 2866 δν
660 2786 732 2891 γὰρ
749 2786 881 2892 τρόπον
897 2788 920 2883 ἡ
938 2789 1096 2889 παναγία
1114 2790 1171 2866 καὶ
1183 2787 1332 2885 ἄμωμος

290 2918 502 3021 ἐψυχωμένη
526 2916 633 2994 αὐτοῦ
659 2912 760 3022 σὰρξ
784 2919 957 2994 θεωθεῖσα
978 2916 1041 2993 οῦκ
1063 2912 1226 3020 ἀνηρεθη,
1244 2917 1329 2995 ἀλλ’

289 3047 396 3150 ἐντῷ
414 3043 489 3149 ἰδίῳ
507 3043 614 3141 αὐτῆς
632 3040 703 3149 ὅρῳ
721 3077 759 3122 τε
777 3045 836 3122 καί
854 3042 954 3150 λόγῳ
972 3042 1147 3142 διέμεινεν,
1163 3045 1255 3123 οὕτω
1272 3047 1332 3123 καὶ

290 3169 332 3252 τὸ
359 3168 580 3273 ἀνθρώπινον
610 3172 717 3249 αὐτοῦ
749 3170 889 3270 θέλημα
919 3168 1048 3250 θεωθέν
1079 3172 1143 3250 οῦκ
1168 3171 1333 3276 ἀνῃρέθη,

291 3299 477 3379 σέσωσται
496 3297 534 3377 δὲ
558 3304 704 3396 μᾶλλον
730 3296 821 3379 κατὰ
846 3297 910 3379 τὸν
938 3297 1110 3401 θεολόγον
1134 3298 1333 3404 Γρηγόριον

292 3429 455 3530 λέγοντα·
484 3424 525 3506 τὸ
543 3424 615 3529 γάρ
633 3426 763 3506 ἐκείνου
781 3425 897 3505 θέλειν
914 3434 977 3506 τοῦ
995 3425 1086 3507 κατὰ
1102 3426 1167 3507 τὸν
1184 3433 1333 3532 σωιῆρα

293 3556 480 3656 νοουμένου
497 3552 577 3632 οῦδὲ
601 3554 806 3633 ὑπεναντίον
824 3558 907 3661 Θεῷ
929 3552 1058 3635 θεωθέν
1080 3554 1180 3635 ὅλον.
1207 3556 1272 3636 δύο
1295 3557 1332 3636 δὲ

294 3681 449 3792 φυσικὰς
476 3681 648 3786 ἐνεργείας
672 3683 883 3786 ἀδιαιρέτως,
908 3684 1098 3785 ἀτρέπτως,
1122 3686 1332 3787 ἀμερίστως,

294 3808 506 3916 ἀουγχῦτως
532 3813 569 3890 ἐν
592 3811 688 3917 αὐτῷ
709 3818 760 3917 τῷ
782 3811 889 3919 κυρίῳ
911 3813 1011 3910 ἡμῶν
1031 3814 1154 3912 Ἰησοῦ
1180 3819 1333 3920 Χριοτῳ

293 3948 344 4048 τῷ
376 3944 533 4047 ἀληθινῷ
566 3944 649 4046 Θεῷ
681 3940 781 4039 ἡμῶν
813 3938 1015 4047 δοξάζομεν,
1047 3941 1210 4022 τουτείττι
1236 3946 1334 4024 θείαν

293 4069 477 4170 ἐνέργειαν,
505 4071 563 4146 καὶ
590 4069 814 4170 ἀνθρωπίνην
839 4070 1012 4172 ἐνέργειαν
1039 4069 1130 4150 κατὰ
1156 4068 1219 4152 τὸν
1247 4077 1330 4170 θεη-

293 4195 402 4302 γόρον
434 4196 571 4274 Λέοντα
605 4197 825 4298 τρανέστατα
858 4197 1057 4304 φάσκοντα·
1100 4200 1235 4304 ε’νεργεῖ
1261 4197 1333 4302 γὰρ
