2867 4817
299 308 344 377 64
659 311 694 375 S·
712 308 984 377 HIPPOLYTI

301 484 476 565 δείκνυται
499 483 584 585 ἡμῖν
607 482 816 591 συμφώνως
839 483 1015 587 εἰρημένα.
1066 481 1132 567 Εἷς
1161 482 1234 588 γὰρ
1256 483 1353 567 Θεός

300 608 450 720 ε’στινῷ
474 616 531 693 δεῖ
548 610 741 709 πιστεύειν,
758 612 844 691 ἀλλ’
869 610 1053 713 ἀγένητος,
1075 610 1229 711 dandis,
1253 610 1349 692 ἀθά-

170 822 171 825 ,
301 773 420 839 νατος,
440 739 560 821 πάντα
586 746 699 820 ποιῶν
726 742 775 822 ὡς
794 739 873 845 (for.
892 736 941 844 ἃ)
962 737 1068 836 θέλει,
1096 739 1215 824 καθὼς
1242 739 1352 837 θέλει,

300 866 360 949 ὅτε
377 869 485 949 θέλει.
543 870 595 949 Τί
610 868 673 950 οὖν
690 864 783 971 πρὸς
805 872 918 946 ταῦτα
942 864 1122 967 τολμήσει
1139 864 1282 967 Νόητος
1298 865 1353 965 μὴ

300 1003 393 1077 νοῶν
416 995 482 1096 τὴν
506 993 703 1096 ἀλήθειαν;
734 990 882 1093 ’Ἐπειδὴ
909 993 972 1072 οὖν
995 993 1064 1093 ἤδη
1090 995 1150 1073 καὶ
1168 994 1190 1073 d
1208 990 1385 1094 Νόητος5

300 1123 572 1228 ἀνατέτραπται,
596 1123 757 1223 ἔλθωμεν
783 1122 841 1201 ἐπὶ
873 1118 939 1220 τὴν
966 1124 1031 1219 τῆς
1057 1121 1227 1220 ἀληθείας
1253 1118 1351 1201 ἀπό-

299 1255 421 1360 δειξιν,
434 1253 493 1333 ἵνα
510 1248 756 1353 συστήσομεν
772 1246 839 1349 τὴν
856 1246 1042 1348 ἀλήθειαν.
1071 1248 1149 1328 καθ’
1169 1247 1212 1348 ἧς
1229 1254 1352 1328 πᾶσαι

299 1388 474 1461 τοσαῦται
491 1378 643 1483 αἱρέσεις
660 1376 869 1481 γεγένηνται
886 1373 998 1476 μηδὲν
1016 1374 1207 1475 δυνάμεναι
1225 1382 1347 1459 εἰπεῖν.

356 1506 403 1589 θ.
440 1505 506 1592 Εἷς
537 1503 640 1604 Θεὸς,
672 1502 714 1585 δν
753 1505 817 1585 οὐκ
856 1503 1016 1584 ἄλλοθεν
1054 1503 1353 1605 ε’πιγιυῶσκομευ,

299 1639 464 1744 ἀδελφοὶ,
482 1631 505 1735 ἢ
523 1633 607 1742 (ἐκ)
630 1639 703 1713 τῶν
727 1632 842 1734 ἁγίων
868 1636 1033 1738 γραφῶν.
1074 1625 1151 1710 Ὃν
1169 1628 1242 1733 γὰρ
1259 1628 1348 1735 τρό·
1369 1670 1412 1709 ιο

298 1798 371 1845 πον
388 1761 450 1842 εἰίν
474 1796 528 1846 τις
551 1764 716 1865 βουληθῇ
740 1756 808 1858 τὴν
829 1759 966 1866 σοφίαν
984 1766 1048 1839 τοῦ
1073 1764 1200 1842 αίῶνος
1220 1758 1354 1839 τούτου

299 1894 435 1989 dunen,
459 1890 523 1971 οὐκ
545 1887 671 1971 ἄλλως
692 1884 883 1987 δυνήσεται
904 1884 1032 1968 τούτου
1058 1893 1188 1992 τυχεῖν,
1211 1884 1274 1967 ε’ἃυ
1296 1886 1354 1988 μὴ

299 2019 459 2122 δόγμασι
485 2013 705 2123 φιλοσόφων
736 2012 875 2119 ε’ντθῃη,
902 2012 967 2094 τὸν
995 2011 1104 2094 αὐτὸν
1136 2012 1181 2114 δὴ
1212 2013 1356 2118 τρόπον

298 2146 382 2229 ὅσοι
420 2140 627 2241 θεοσέβειαν
665 2145 792 2223 ἀσκεῖν
823 2137 1042 2241 βουλόμεθα,
1079 2142 1143 2222 οὐκ
1187 2144 1355 2223 ἄλλοθεν

299 2272 509 2376 ἀσκήσομεν
526 2272 549 2372 ἢ
568 2273 607 2352 ἐκ
624 2276 698 2352 τῶν
715 2270 851 2372 λογίων
871 2277 936 2348 τοῦ
955 2274 1063 2350 Θεοῦ.
1106 2266 1212 2349 Ὅσα
1229 2272 1356 2351 τοίνυν
1372 2316 1413 2375 ¹5

299 2400 548 2507 κηρύσσουσιν
565 2402 604 2479 αἱ
625 2405 714 2479 θεῖαι
738 2398 894 2505 γραφαὶ,
915 2397 1054 2497 ἴδομεν,
1073 2402 1132 2477 καὶ
1150 2396 1225 2477 ὅσα
1242 2395 1353 2477 διδά-

298 2564 465 2629 σκουσιν,
496 2530 704 2630 ε’πιγνῶμεν,
733 2527 793 2605 καὶ
824 2529 873 2611 ὡς
905 2527 1001 2607 θέλει
1031 2525 1152 2630 πατὴρ
1183 2526 1358 2608 πιστεύε-

297 2666 397 2756 σθαι,
424 2656 689 2756 πιστειίσιομευ,
716 2656 776 2734 καὶ
806 2657 856 2739 ὦς
887 2653 983 2735 θέλει
1015 2652 1091 2736 uida
1123 2654 1358 2763 δοξάζεσθαι,

298 2784 522 2895 δοξᾶσιομεν,
550 2788 608 2865 καὶ
636 2787 685 2869 ὡς
711 2781 808 2864 θέλει
839 2791 980 2884 πνεῦμα
1010 2781 1114 2886 ἅγιον
1145 2787 1359 2888 δωρεῖσθαι,

298 2974 471 3044 nobisaunt,
483 2972 636 3051 dequibus
650 2971 726 3029 iuter
738 2988 801 3027 om·
841 2988 917 3036 mua,
932 2989 1018 3047 quam
1034 2989 1070 3028 ex
1085 2969 1192 3029 αοαοῐίς
1209 2968 1355 3049 Scriptu-

297 3076 350 3115 αοε
368 3053 514 3114 convenit.
552 3052 637 3112 Unus
659 3050 736 3110 enim
756 3059 801 3109 eat
841 3050 890 3108 ria.
933 3049 1187 3123 Quemadmodum
1214 3050 1294 3109 enim
1323 3052 1353 3109 si

299 3136 391 3205 Deus,
405 3134 454 3194 eui
474 3133 590 3193 eredere
607 3139 735 3227 oportet,
750 3130 801 3189 aed
842 3131 908 3209 quia
935 3130 1025 3190 vellet
1052 3131 1224 3211 sapientiam
1257 3130 1357 3208 hujus

297 3211 801 3373 {ididi’odixdssi⁸dffit
840 3211 1110 3371 Ἥβη
1119 3210 1358 3371 ι1ἓέὶῖἶδὲἱίῖἐῖ

297 3378 374 3437 aicut
383 3374 455 3442 vult,
467 3386 498 3435 et
506 3373 622 3453 quando
634 3372 707 3432 vult.
718 3372 800 3443 Quid
840 3373 1079 3452 philosophorum
1098 3372 1196 3451 legat:
1221 3373 1263 3432 aie
1279 3375 1355 3451 qui-

297 3457 388 3537 igitur
412 3455 450 3515 ad
473 3456 534 3514 λιες
561 3453 680 3513 audebit
704 3453 800 3513 dicere
840 3473 965 3533 cumque
990 3452 1126 3513 volumus
1148 3455 1291 3535 pietatem
1319 3457 1356 3513 in

297 3538 425 3607 Noctua,
451 3557 509 3597 uon
533 3534 700 3614 intelligens
725 3536 801 3592 veri·
842 3534 938 3594 Deum
967 3554 1111 3605 exeruere,
1140 3556 1200 3594 non
1226 3534 1358 3594 aliunde

297 3622 410 3679 tutem?
441 3616 685 3695 Quandoquidem
708 3614 800 3693 igitur
840 3614 994 3685 diauemua,
1016 3636 1102 3694 quam
1124 3635 1161 3674 ex
1183 3616 1357 3695 Scripturia

296 3701 438 3761 hactenus
474 3698 593 3758 Noetua
629 3697 801 3756 confutatus
840 3694 956 3756 divinia.
980 3697 1171 3775 Quaecunque
1182 3717 1252 3775 ergo
1261 3717 1356 3757 aunc-

296 3793 350 3853 eat,
365 3777 562 3841 veniamuaad
576 3778 800 3838 demonstratio.
840 3786 878 3836 tae
906 3776 1064 3858 Scriptura
1092 3777 1260 3857 prudioent,
1290 3779 1356 3837 aci-

296 3883 362 3922 nam
378 3861 526 3931 veritatia3
547 3870 582 3919 ut
596 3858 799 3919 noufirmemua
839 3877 940 3930 amua;
969 3869 999 3917 et
1022 3878 1203 3936 quaecunque
1227 3857 1356 3928 docent,

295 3944 458 4013 veritatem,
478 3951 579 4001 eontra
597 3959 685 4019 quam
703 3948 750 3996 tot
768 3947 799 3997 et
839 3958 1060 4018 eognoauamua:
1076 3941 1196 3999 etaient
1210 3939 1358 3999 vultPa.

295 4034 384 4083 tanta
407 4023 529 4082 harenae
547 4032 619 4080 ortu
640 4030 719 4089 aunt,
733 4039 799 4097 quoe
840 4030 884 4078 ter
899 4019 988 4089 credi,
1000 4018 1222 4090 uicerednmua;
1245 4031 1279 4079 et
1290 4022 1355 4081 aic-

295 4102 369 4163 nihil
383 4101 478 4162 dicere
492 4111 661 4181 potuerunt.
839 4111 874 4160 ut
897 4098 961 4160 vult
982 4100 1091 4159 Filium
1113 4100 1283 4179 glorificari,
1306 4102 1358 4161 uic

337 4183 395 4243 lx.
419 4182 505 4241 Uuua
529 4181 612 4241 Deua
636 4194 690 4250 eat,
711 4201 798 4259 quem
838 4180 1053 4260 gloridoemua3
1075 4182 1196 4240 etaient
1214 4182 1279 4241 vult
1294 4182 1356 4241 do-

295 4284 355 4325 non
380 4262 508 4332 aliunde,
529 4262 642 4331 inmas,
667 4265 799 4347 agnosci.
839 4262 902 4322 nari
917 4262 1062 4343 Spiritum
1076 4261 1229 4333 Sanctum,
1239 4263 1285 4323 aia
1298 4284 1356 4323 ae·
