2867 4817
385 312 463 377 ·DE
487 310 865 377 MORTALITATE.
1094 312 1160 381 m

103 498 143 559 tn
168 512 243 559 non
269 486 350 559 Deo
377 488 509 581 gratiss
531 488 615 582 agis,
642 509 713 557 non
743 485 810 556 tibi
838 484 1037 581 gratularis,
1064 485 1160 579 quod

103 607 206 677 exitu
232 605 427 677 maturiore
456 603 667 687 subtractus,
695 603 806 675 ruinis
834 610 873 675 et
902 602 1095 697 naufragiis
1122 611 1161 673 et

4 730 6 745 '
102 721 217 817 phgis
234 720 505 793 imminentibus
521 720 711 793 eximaris?

154 837 268 908 XIX.
292 836 596 909 Considerandum
618 844 687 919 est,
712 835 838 907 iratres
866 834 1096 918 dilectissimi,
1120 844 1160 905 et

79 956 302 1037 sidentidem
336 952 566 1049 cogitandum
595 954 816 1025 renuntiasse
848 966 913 1024 nos
946 953 1091 1035 mundo,
1121 959 1160 1023 et

104 1080 276 1164 tanquam
302 1070 460 1164 hospites
481 1078 520 1141 et
543 1072 746 1164 peregrinos
770 1069 830 1141 hio
854 1072 999 1142 interim
1019 1072 1159 1165 degere.

106 1186 383 1282 Amplectamur
406 1188 502 1258 diem
527 1188 587 1279 qui
615 1187 771 1283 assignat
798 1187 956 1281 singulos
979 1186 1160 1259 domicilio

4 1326 5 1335 ¹
107 1327 181 1389 suo,
213 1306 275 1396 qui
304 1327 369 1375 nos
396 1303 503 1375 istino
532 1311 672 1397 ereptos
699 1312 738 1375 et
771 1303 906 1397 laqueis
936 1303 1161 1375 secularibus

107 1420 291 1493 exsolutos
307 1421 468 1514 paradiso
484 1422 641 1492 restituit
658 1429 696 1491 et
718 1443 838 1515 regno.
882 1422 971 1505 Quis
988 1445 1061 1491 non
1082 1444 1161 1515 per-

70 1562 192 1633 roegre
234 1540 451 1610 constitutus
488 1545 692 1632 properaret
731 1539 770 1608 in
809 1540 960 1632 patriam
999 1538 1160 1633 regredi?

109 1655 199 1740 eris
223 1677 296 1723 non
320 1654 366 1726 ad
388 1676 471 1725 suos
496 1656 665 1749 navigare
692 1654 862 1725 festinans
889 1662 1037 1726 ventum
1063 1677 1161 1748 pros-

108 1792 236 1865 perum
270 1770 431 1863 cupidius
461 1778 610 1865 optaret,
639 1780 683 1841 ut
708 1770 881 1841 velociter
909 1794 1008 1843 euros
1037 1770 1161 1843 boaret

4 1920 5 1933 ÷
108 1887 303 1982 amplectit
334 1885 491 1958 Patriam
507 1896 664 1959 nostram
681 1887 884 1981 paradisum
901 1896 1160 1982 computamus

107 2012 275 2099 parentes
304 2004 519 2098 patriarchas
550 2002 682 2076 habere
713 2004 793 2097 jam
826 2005 1007 2098 ooepimus.
1064 2006 1160 2089 Quid

71 2146 180 2209 15non
210 2144 438 2217 properamus
471 2132 510 2193 et
542 2124 715 2195 currimus
744 2131 788 2194 ut
819 2124 971 2216 patriam
1003 2130 1160 2194 nostram

108 2240 240 2322 ridere,
257 2246 300 2308 ut
316 2247 480 2331 parentes
502 2239 655 2312 salutare
676 2240 875 2334 possimus?
906 2239 1064 2335 Magnus
1086 2240 1160 2312 illio

109 2378 173 2427 nos
189 2378 352 2427 carorum
375 2378 543 2427 numerus
565 2364 754 2450 expeotat3
778 2365 977 2450 parentum,
1000 2358 1161 2442 fratrum,
1271 2347 1273 2350 ¹

108 2472 264 2543 liliorum
297 2472 462 2565 frequens
490 2496 555 2544 nos
588 2480 627 2544 et
661 2473 803 2566 eopiosa
835 2473 942 2544 turba
974 2474 1159 2559 desiderat,

104 2590 179 2682 jam
211 2588 258 2659 de
287 2611 351 2660 sus
378 2588 625 2661 ineolumitste
658 2612 791 2672 secura,
821 2589 938 2661 adhue
967 2591 1013 2662 de
1041 2601 1163 2664 nostra

70 2706 225 2779 resaluto
238 2704 398 2777 sollicita.
424 2704 486 2777 Ad
498 2705 626 2776 horum
638 2715 869 2800 eonspeotnm
883 2714 920 2777 et
933 2708 1161 2801 complexum

108 2826 231 2894 venire
256 2830 390 2914 quanta
414 2830 451 2893 et
476 2820 545 2893 illis
571 2830 609 2893 et
633 2822 737 2895 nobis
760 2825 799 2895 in
824 2846 1013 2895 commune
1033 2822 1162 2895 laetitia

110 2938 184 3011 est!
227 2938 351 3022 Qualis
371 2937 444 3009 illio
466 2937 664 3009 eoelestium
690 2962 880 3033 regnorum
900 2939 1064 3033 voluptas
1084 2942 1160 3011 sine

110 3056 240 3125 timore
265 3053 447 3137 moriendi,
473 3063 511 3126 et
540 3078 623 3126 oum
653 3057 856 3127 aeternitate
882 3056 1024 3127 vivendi
1053 3079 1161 3148 quam

111 3194 252 3241 summa
273 3179 311 3241 et
331 3179 503 3264 perpetus
524 3170 694 3243 felicitas!
721 3172 803 3243 Iliio
823 3173 1063 3267 apostolorum
1085 3174 1163 3269 glo·

71 3290 223 3363 ²sriosus
259 3286 394 3370 chorus,
430 3286 504 3358 illio
538 3288 792 3382 prophetarum
829 3289 1068 3362 exultantium
1098 3317 1163 3364 nu·
1234 3364 1238 3367 ,
1352 3337 1358 3344 -

111 3427 240 3489 merus,
280 3403 354 3475 illio
392 3413 589 3499 martyrum
622 3405 889 3477 innumerabilis
926 3406 1077 3501 populus
1115 3411 1163 3482 ob

111 3522 314 3595 certaminis
339 3530 377 3593 et
400 3523 571 3615 passionis
598 3524 784 3595 victoriam
811 3532 1008 3609 coronatus,
1038 3528 1164 3598 trium-

110 3639 262 3732 phantes
296 3637 459 3731 virgines,
493 3662 574 3731 quae
615 3640 939 3732 concupiscentiam
978 3643 1092 3736 earnis
1125 3652 1165 3714 et

111 3756 266 3850 eorporis
291 3756 522 3827 continentiae
549 3756 675 3828 robore
698 3756 927 3852 subegerunt,
948 3762 1163 3832 remunerati

71 3898 104 3954 30
111 3872 364 3973 misericordes,
383 3872 441 3964 qui
459 3871 637 3944 alimentis
650 3882 688 3945 et
705 3873 951 3969 largitionibus
966 3900 1163 3970 pauperum

108 3990 258 4081 justitiae
299 4012 407 4082 opera
447 3990 617 4074 fecerunt,
658 3992 717 4083 qui
757 3990 948 4063 Dominiea
985 4004 1165 4088 praeoepta

114 4116 294 4179 servantes
321 4109 365 4178 ad
393 4108 554 4181 ooeiestes
581 4108 765 4181 thesauros
789 4116 930 4182 terrens
953 4112 1166 4204 patrimonia
