2867 4817
420 355 485 419 DE
508 354 884 419 MORTALITATE.
1114 352 1178 415 288

131 526 182 597 At
206 527 269 599 ille'
288 531 388 601 ‘cuca
409 531 573 601 timorem
600 528 671 600 Dei
697 528 833 600 stabilis
852 534 891 599 et
913 528 1045 610 firmus,
1068 535 1107 597 et
1133 528 1178 597 sd

130 668 270 716 omnem
287 646 513 717 tolerantiam
532 647 701 739 passionis
723 647 795 717 fide
816 645 997 740 religionis
1012 652 1178 726 armatus,

16 740 18 753 ’
128 766 315 835 tentationi
341 765 463 835 uxoris
487 763 653 835 invalidae
676 765 713 834 in
737 763 860 834 dolore
882 785 954 833 non
977 762 1093 843 cessit,
1116 760 1178 831 sed

127 882 236 974 magis
272 878 392 951 Deum
426 882 600 973 patientia
638 882 772 974 majore
811 879 1029 972 promeruit3
1071 882 1178 969 quem

102 994 353 1085 spostmodum
391 996 552 1090 Raphael
591 996 739 1091 angelus
772 994 952 1066 collaudat
990 1001 1028 1063 et
1066 992 1176 1062 dicit:

127 1108 240 1205 Opera
256 1111 331 1183 Dei
346 1112 498 1184 revelare
514 1122 546 1184 et
563 1112 718 1207 confiteri
734 1108 962 1205 ionmsflcum
979 1117 1037 1180 est.
1084 1106 1177 1179 Num
1187 1120 1249 1170 uon
1262 1122 1308 1169 xii·

125 1229 260 1322 quando
295 1228 418 1302 maius
448 1239 485 1301 tu
519 1239 552 1301 et
583 1228 699 1302 Sama
733 1252 845 1299 numus
879 1237 948 1310 tun,
978 1249 1038 1324 epo
1071 1222 1178 1297 obtuli

124 1347 324 1418 memmium
359 1346 529 1418 orationis
561 1356 682 1417 nestum
716 1347 755 1415 in
789 1348 986 1439 emaspectu'
1008 1342 1178 1415 claritatis

124 1457 201 1531 Dei.
245 1461 391 1534 Etcum
408 1462 569 1558 sepelires
587 1472 624 1534 tu
640 1472 794 1534 mortuos
814 1458 1029 1555 simpliciter,
1046 1469 1079 1530 et
1094 1460 1178 1554 quia

87 1601 189 1648 uonou
212 1603 249 1650 es
275 1590 453 1652 cunctatus
475 1604 658 1678 ausui-pem
678 1589 709 1650 et
730 1576 965 1671 derelinquere
983 1574 1175 1672 prandium

124 1702 226 1779 tuum,
255 1705 290 1767 et
318 1694 431 1779 abisti,
457 1706 488 1767 et
516 1696 703 1768 condidisti
733 1704 915 1777 montaum,
945 1693 1071 1763 missus
1098 1716 1173 1762 sum

123 1818 252 1883 turture
287 1823 329 1892 te,
365 1821 396 1884 et
430 1814 554 1884 iterum
584 1837 638 1885 me
666 1813 763 1883 misit
795 1809 894 1883 Dua
923 1832 1047 1880 mucre
1079 1817 1111 1879 te
1143 1818 1176 1881 u

121 1925 270 1999 Sumam
293 1954 421 2001 nurum
442 1940 546 2001 tuum.
597 1930 676 2029 Epo
696 1931 789 2001 euim
810 1953 887 2006 sum
906 1923 1068 2021 Rupdoel
1085 1949 1175 1997 unm

122 2068 164 2115 ec
188 2056 317 2141 septmu
347 2045 478 2142 aupelis
507 2049 635 2119 sanctis
665 2049 727 2143 qui
756 2046 949 2118 assistimus
978 2055 1010 2116 et
1038 2067 1176 2116 conver·

84 2186 238 2243 issumur
255 2172 336 2235 unte
351 2160 541 2235 claritatem
559 2162 641 2235 Dei.

169 2280 261 2353 VII.
291 2279 395 2352 Hanc
425 2281 651 2353 tolerantiam
675 2283 765 2376 justi
795 2304 935 2374 semper
962 2280 1173 2361 habuerunt,

122 2396 209 2469 hanc
244 2397 397 2491 apostoli
432 2398 654 2492 disciplinam
693 2400 738 2469 de
773 2396 920 2468 Domini
958 2396 1038 2490 lege
1071 2405 1175 2466 tenu·

121 2524 233 2596 erunt,
258 2536 333 2584 non
351 2515 539 2585 mussitare
560 2516 597 2584 in
623 2515 788 2597 adversis,
812 2514 873 2584 sed
897 2534 1115 2605 quaecunque
1137 2514 1175 2581 in

120 2629 250 2700 saeculo
275 2629 443 2699 accidunt
465 2631 605 2701 fortiter
626 2640 664 2703 et
685 2633 864 2724 patienter
883 2632 1064 2723 accipere3
1091 2652 1175 2700 cum

81 2742 328 2815 20Judaeorum
351 2744 503 2837 populus
524 2746 607 2817 hinc
629 2770 769 2840 semper
785 2746 971 2818 offenderit
995 2745 1089 2838 quod
1114 2747 1175 2819 ad·

120 2882 242 2932 versus
260 2858 379 2933 Deum
402 2862 622 2954 frequentius
644 2872 891 2946 murmuraret,
907 2864 1001 2934 sieut
1021 2870 1175 2933 testatur

120 2978 154 3047 in
180 2978 354 3049 Numeris
372 2978 547 3050 Dominus
566 2978 665 3050 Deus
683 2980 824 3052 dicens:
849 2979 999 3053 Desinat
1019 3002 1173 3050 murmu-
1182 3004 1258 3053 num.
1270 3021 1312 3054 n.

120 3096 209 3169 ratio
229 3118 346 3165 smum
368 3118 471 3177 unm,
488 3105 520 3167 et
536 3118 606 3168 nou
626 3097 828 3168 morientum
871 3097 1172 3167 Murmurandum

119 3235 188 3283 non
226 3221 284 3283 est
316 3214 355 3282 in
389 3212 553 3294 adversis,
591 3212 716 3285 fratres
753 3214 983 3294 dilectissimi,
1019 3214 1082 3283 sed
1111 3235 1173 3306 pa-

80 3330 252 3411 estienter
281 3339 320 3401 et
347 3330 487 3401 fortiter
517 3331 682 3421 quicquid
713 3332 881 3403 acciderit
914 3331 1171 3412 sustinendum,

119 3468 200 3517 oum
220 3448 402 3539 scriptum
433 3448 489 3529 sit,
514 3444 736 3539 Sacrificium
766 3445 844 3519 Deo
872 3446 1019 3541 spiritam
1044 3448 1245 3525 contri-1221,
1256 3477 1273 3525 1,

119 3558 262 3645 dubitus,
289 3586 350 3633 eor
373 3564 557 3634 connitum
588 3571 620 3633 et
648 3561 868 3634 humiliatum
893 3561 991 3634 Deus
1020 3586 1090 3635 non
1115 3562 1173 3634 de-

118 3679 231 3771 spicit.
275 3678 320 3747 In
339 3678 617 3751 Deuteronomio
635 3702 775 3773 quoque
795 3689 920 3750 monet
936 3703 1001 3773 per
1017 3679 1170 3773 Moysen

120 3792 274 3887 Spiritus
313 3794 464 3866 Sanetus
502 3803 540 3865 et
577 3796 683 3866 dicit:
740 3795 917 3868 Dominus
953 3794 1052 3868 Dein
1091 3805 1301 3868 tuusnauam.

76 3910 253 3994 30cceudit
284 3920 325 3994 te,
352 3921 384 3983 et
398 3908 534 4007 samam
560 3910 691 4004 injiciet
720 3912 792 3995 tibi,
823 3923 855 3984 et
885 3921 1102 4010 copuoseetur
1130 3914 1170 3983 iu

119 4026 301 4099 cordetuo
324 4028 357 4097 si
379 4025 459 4098 benc
481 4026 683 4099 custodieris
700 4038 877 4125 precepto
897 4028 978 4121 ejus,
995 4030 1066 4100 siue
1089 4052 1170 4101 nou.

121 4142 168 4214 Et
196 4146 353 4215 iterum:
396 4143 519 4215 Tentat
552 4168 610 4216 uos
644 4143 820 4218 Dominus
854 4143 953 4217 Deus
987 4137 1104 4229 cester,
1134 4157 1173 4218 ut
1181 4180 1255 4231 nm
1267 4200 1318 4233 ω,

119 4262 205 4333 scint
239 4262 273 4331 si
306 4258 454 4359 dilicitis
484 4259 676 4333 Dominum
707 4261 822 4335 Deum
853 4273 999 4335 uestium
1029 4288 1073 4334 ce
1104 4272 1172 4334 toto

586 4384 688 4451 002
