2867 4817
520 331 750 396 EPITOME.
1100 332 1166 399 867

117 517 241 578 erunt:
271 509 302 577 si
329 509 376 576 ad
405 506 527 589 malos,
554 507 641 579 vitia
668 507 842 577 dicentur.
895 507 953 578 Ira
981 508 1091 601 igitur
1118 508 1164 579 ad

115 625 367 694 eolircitionem
393 631 633 714 peccatorum,
655 623 693 693 id
716 631 781 705 est,
805 625 850 693 ad
873 623 1064 716 regendam
1082 624 1166 694 sub-

109 741 291 831 jectorum
317 737 549 831 disciplinam,
574 738 658 808 data
683 746 750 820 est,
775 747 817 809 ut
842 747 961 810 metus
983 738 1164 810 licentiam

116 856 329 947 comprimat
357 864 395 924 et
424 861 626 947 compescat
655 855 849 924 audaciam.
901 853 974 924 Sed
1004 855 1063 947 qui
1094 864 1165 925 ter·

115 972 233 1041 minos
259 971 337 1062 ejus
364 970 538 1063 ignorant,
563 970 763 1040 irascuntur
788 969 940 1062 paribus,
967 971 1164 1040 autetiam

116 1086 323 1180 potioribus.
374 1085 464 1156 lude
497 1085 543 1155 ad
576 1079 746 1156 immania
775 1087 931 1156 facinora
963 1085 1164 1179 prosilitur:

117 1201 202 1272 inde
217 1203 263 1272 ad
280 1201 403 1283 cades,
419 1201 504 1270 inde
526 1201 572 1272 ad
595 1201 690 1271 bella
705 1202 938 1296 consurgitur.
981 1203 1166 1295 Cupiditas

117 1339 259 1408 quoque
283 1318 329 1387 ad
355 1316 584 1387 desideranda
608 1325 646 1386 et
671 1319 910 1410 conquirenda
936 1320 1018 1388 vitae
1046 1339 1167 1390 neces·

117 1434 209 1503 saria
223 1433 359 1503 tributa
375 1441 440 1503 est.
492 1431 565 1503 Sed
589 1433 651 1524 qui
673 1433 837 1504 nesciunt
859 1433 947 1504 lines
971 1436 1057 1527 ejus,
1075 1435 1168 1504 insa·

118 1547 289 1620 tiabilitor
299 1571 386 1642 opes
398 1570 587 1641 congerere
604 1550 778 1620 nituntur.
814 1548 911 1619 Hinc
925 1571 1069 1634 venena,
1083 1549 1166 1620 hinc

118 1666 470 1758 circumscriptiones,
487 1663 570 1736 hinc
592 1661 925 1762 falsajtcstamonta,
948 1664 1030 1735 hinc
1048 1667 1168 1735 omnia

117 1782 283 1852 fraudum
306 1803 438 1875 genera
463 1803 620 1874 erupere.
673 1781 847 1852 Libidinis
871 1790 994 1852 autem
1018 1781 1166 1852 effectus

118 1900 163 1969 ad
193 1899 426 1990 procreandos
455 1897 585 1968 liberos
614 1898 740 1969 insitus
769 1905 807 1968 ct
836 1900 979 1968 innatus
1008 1907 1072 1981 est,
1103 1900 1164 1968 sed

118 2017 180 2106 qui
197 2014 329 2084 limites
350 2014 426 2106 ejus
448 2015 487 2084 in
507 2015 627 2084 animo
646 2039 718 2085 non
740 2023 875 2097 tenent,
893 2023 1044 2085 utrmtur
1060 2037 1103 2085 eo
1119 2015 1165 2086 ad

118 2129 230 2202 solam
254 2128 486 2223 voluptatem.
538 2131 628 2202 lude
648 2131 763 2201 illiciti
787 2153 934 2214 amores,
956 2131 1040 2200 inde
1065 2128 1167 2201 adul·

117 2248 210 2328 teria
239 2256 277 2316 et
309 2256 440 2339 stupra,
473 2248 557 2318 inde
591 2269 714 2318 omnes
747 2246 954 2338 corruptelae
993 2247 1164 2317 oriuntur.

120 2363 318 2455 Redigendi
341 2372 426 2431 sunt
441 2386 526 2456 ergo
548 2365 608 2433 isti
630 2363 779 2434 affectus
800 2365 893 2432 iutra
912 2363 1001 2432 fines
1017 2385 1108 2444 suos,
1126 2369 1164 2432 et

115 2480 157 2548 in
173 2479 267 2548 viam
292 2485 426 2548 rectam
443 2479 637 2573 dirigendi3
661 2482 700 2550 in
717 2503 787 2573 que
807 2480 948 2550 etiarnsi
970 2480 1041 2550 sint
1059 2477 1165 2549 vehe-

116 2601 267 2676 mentes,
284 2593 425 2686 culpam
442 2603 565 2666 tamen
580 2595 710 2667 habere
727 2619 799 2666 non
816 2603 973 2690 possunt.

508 2810 620 2883 GAP.
645 2810 770 2882 LXII.

169 2940 377 3013 cohibenda
398 2951 454 3014 est
474 2947 536 3028 ira,
559 2967 670 3038 quum
691 2945 848 3038 patimur
864 2945 1039 3036 injuriam,
1061 2953 1104 3014 ut
1125 2952 1164 3016 et

115 3058 252 3128 malum
279 3061 541 3152 comprimatur,
562 3062 657 3154 quod
680 3083 729 3130 ex
750 3061 945 3131 certamino
969 3061 1163 3152 impendet,

116 3182 158 3244 et
186 3184 228 3244 ut
258 3175 344 3246 duas
378 3176 552 3246 maximas
578 3178 728 3247 virtutes
757 3176 994 3246 innocentiam
1027 3177 1165 3268 patien-

116 3293 277 3382 tiamque
299 3300 494 3362 teneamus.
537 3292 699 3363 Avaritia
721 3293 912 3387 frangatur,
929 3315 1039 3385 quum
1056 3290 1164 3364 habe·

117 3429 211 3490 mus,
233 3407 330 3499 quod
359 3411 445 3479 satis
468 3418 534 3481 est.
585 3409 675 3492 Quis
701 3411 799 3481 enim
824 3410 922 3479 furor
946 3417 1013 3491 est,
1042 3410 1080 3478 in
1108 3408 1164 3480 his

116 3527 366 3596 coacervandis
391 3525 559 3608 laborare,
582 3549 660 3619 quae
683 3536 749 3597 aut
777 3527 970 3609 latrocinio,
995 3541 1058 3596 aut
1085 3547 1164 3619 pro-

116 3642 319 3733 scriptione,
335 3650 400 3711 aut
414 3650 531 3712 morte
552 3642 598 3712 ad
620 3643 708 3713 alies
725 3665 867 3713 necesse
890 3644 937 3713 sit
955 3642 1163 3734 perveniret

118 3755 250 3832 ubido
278 3771 381 3834 extra
408 3757 610 3850 legitimum
638 3767 758 3831 torum
786 3781 859 3830 non
890 3767 1070 3852 evagetur,
1101 3757 1163 3827 sed

117 3878 279 3950 creandis
295 3878 415 3949 liberis
431 3880 571 3949 serviat.
613 3878 835 3971 Appetentia
854 3877 950 3947 enim
972 3876 1082 3945 nimia
1102 3895 1164 3944 vo-

116 3995 267 4087 luptatis
288 4001 327 4065 et
349 3993 543 4088 perieulum
569 3994 661 4087 parit
685 4004 724 4064 ct
745 3994 926 4063 infamiam
942 3998 1101 4087 generat,
1123 3999 1165 4063 et

118 4109 236 4202 (quod
273 4119 328 4180 est
365 4111 523 4181 maxime
562 4109 779 4200 cavendum)
818 4116 972 4179 mortem
1011 4108 1165 4200 adquirit

119 4235 298 4296 aeternam.
352 4225 454 4296 Nihil
476 4236 531 4296 est
554 4235 629 4296 tam
654 4227 806 4296 invisum
824 4223 913 4308 Deo,
936 4248 1042 4317 quam
1065 4245 1165 4296 mens
