2867 4817
266 297 333 366 892
531 296 670 360 NOVAE
695 297 967 362 LECTIONES
993 298 1044 361 IN

424 466 476 530 Ee
490 464 587 532 Lem
599 467 724 532 Diem
737 467 944 532 Romanorum
957 467 1151 555 Pontificem

310 595 349 660 P.
360 610 435 680 501.
450 593 471 656 l.
485 612 497 656 ι
502 611 534 678 3.
548 593 706 657 Additum
714 601 764 658 est
774 599 848 678 post
858 611 1019 658 semesum
1030 595 1111 678 (for.
1123 597 1321 678 excessum).

266 681 287 744 l.
304 683 353 744 18.
380 679 539 743 Additum
563 685 614 743 est
641 685 716 762 post
745 679 959 763 permittimus
988 679 1069 764 (sor.
1096 679 1321 765 percipimus).

269 768 307 830 P.
319 783 393 852 503.
407 767 429 829 l.
444 765 503 830 ult.
520 763 674 828 vivaciter
688 765 771 848 (sor.
789 765 971 847 veraciter).
1032 767 1070 828 P.
1080 767 1156 850 508.
1173 765 1195 829 l.
1206 785 1240 850 3.
1257 766 1320 830 De

268 854 367 918 letum
382 859 444 927 est,
462 853 542 936 (sor.
558 849 771 934 sequipedes).

530 1017 582 1080 in
595 1015 735 1099 masas
748 1014 1047 1101 Aetnensem.

538 1191 546 1204 .
567 1143 728 1207 Additum
750 1151 799 1208 est
820 1151 895 1229 post
910 1143 983 1208 Non
1002 1143 1045 1208 sit
1066 1145 1150 1229 (sor.
1166 1144 1244 1210 Non
1258 1143 1317 1220 ἧος

269 1229 331 1294 vid.
343 1231 477 1311 notam).
513 1157 558 1290 P.
569 1229 947 1316 525.l.4abimnpeg.
982 1229 1168 1306 Herennia,
1187 1235 1246 1310 (se.
1263 1253 1319 1294 nes

268 1313 464 1400 corporaliter
500 1314 554 1378 sed
588 1315 808 1398 spiritualiter)
838 1325 924 1394 ente,
959 1315 992 1378 in
1023 1317 1318 1402 re—spiritueli,

310 1402 373 1464 site
395 1406 455 1464 est.
516 1401 552 1462 P.
593 1403 644 1466 26.
666 1401 687 1464 l.
705 1419 755 1483 27.
779 1401 929 1466 Deletum
954 1409 1013 1480 est,
1041 1401 1185 1484 (videtur
1208 1405 1320 1466 deesse

268 1422 356 1571 ittet
371 1505 486 1570 corpus
500 1414 613 1570 ejusl).

459 1671 503 1738 In
517 1675 670 1759 Synodion
682 1674 826 1760 Ept'elote
842 1675 972 1741 Ummidii
985 1677 1119 1742 Nicoeni.

314 1803 354 1866 P.
367 1818 442 1949 542.
464 1801 485 1864 l.
503 1821 551 1880 14.
572 1801 633 1865 κοτ’
654 1801 772 1901 ἐκεῖνον
790 1824 850 1900 prp
873 1801 934 1910 καῖ’
952 1801 1078 1882 ἐκείνου,
1098 1811 1132 1867 et
1154 1805 1198 1867 ad
1221 1803 1320 1868 imam

271 1909 344 1974 pag.
395 1885 624 1952 tuTheodoret
634 1891 669 1950 et
683 1885 894 1972 Epiphanius,
910 1891 1024 1952 εκείνου
1033 1890 1192 1954 Socrates.
1235 1890 1319 1952 ibid.

314 1144 348 1208 P.
363 1159 438 1228 520.
460 1143 506 1205 l.1

270 1983 345 2122 post
361 1973 483 2037 socrat.
497 1971 644 2036 additum
658 1978 718 2049 est,
734 1979 827 2036 ταῦτα
840 1973 939 2038 πάντα
955 1971 1147 2039 Theodoret.
1196 1975 1230 2037 Ρ.
1243 1995 1320 2058 343.

302 2075 334 2145 5.
349 2057 507 2124 Additum
530 2066 580 2122 est
601 2064 675 2142 post
696 2057 774 2136 ἡμᾶς
795 2059 876 2141 (sor.
890 2061 989 2158 ὑμάς),
1011 2067 1045 2124 et
1066 2062 1108 2124 nd
1129 2061 1230 2124 imam
1245 2080 1320 2146 pag.

272 2145 407 2209 Habent
420 2145 475 2222 τὴν
489 2143 647 2225 Αἴγυπτον
666 2142 856 2208 Theodoret.
878 2144 1085 2230 Epiphanius,
1106 2145 1320 2230 Nicephorus,

272 2231 480 2312 Gelasiusque
505 2229 685 2313 Cyzicenus.
746 2228 784 2290 P.
796 2243 871 2314 545.
886 2229 907 2291 l.
924 2251 970 2293 ιο.
991 2227 1044 2294 ἅτε
1068 2233 1177 2316 ὄὴροο
1197 2231 1252 2294 ἅτε
1275 2234 1319 2303 n,

271 2318 359 2381 etad
370 2316 466 2379 imam
477 2336 552 2400 psg.
583 2313 637 2377 Ite
648 2314 840 2378 Theodorei.
857 2321 890 2378 et
906 2315 1038 2400 Niceph.
1050 2315 1103 2380 ἅτε
1114 2321 1147 2380 δὲ
1157 2317 1320 2380 Socrates.

273 2405 312 2465 P.
327 2405 401 2488 546.
426 2401 468 2464 ed
491 2400 588 2463 imnm
612 2422 684 2484 pag.
710 2407 785 2483 post
810 2400 1001 2466 'theodoret
1027 2403 1173 2466 additum
1197 2409 1258 2474 est,
1286 2410 1321 2465 et

273 2487 406 2572 Niceph.
421 2507 480 2570 pro
494 2486 537 2561 τὸ,
553 2485 768 2549 consentiente
784 2483 913 2549 Gelasio
928 2486 1030 2572 Oyzic.
1069 2490 1120 2552 De
1134 2490 1225 2552 Actis
1241 2491 1321 2552 Coe

272 2573 322 2636 cil.
336 2571 457 2636 Nicen.
471 2571 497 2633 I.
513 2589 583 2633 111.
598 2593 626 2632 c.
638 2591 692 2656 33.
703 2571 833 2654 perinde
844 2579 941 2656 etque
953 2573 985 2635 in
997 2573 1120 2637 caeteris
1130 2573 1323 2637 lect-ionibus

273 2679 369 2743 supra
382 2655 527 2741 receptis,
544 2657 629 2742 quod
640 2656 756 2720 collato
770 2663 844 2741 post
859 2657 988 2722 Gelasio
1003 2657 1152 2723 intellexi.

477 2821 534 2885 'In
547 2821 667 2906 Βορνῖο
678 2820 774 2885 Fidei
787 2823 875 2906 apud
888 2823 922 2887 S.
933 2823 1096 2889 Irenceum.

319 2957 357 3020 P.
369 2959 442 3042 690.
456 2954 478 3019 l.
488 2978 519 3041 9.
541 2955 700 3020 Additum
722 2963 771 3020 est
792 2963 867 3042 post
888 2958 1047 3038 ποιήσηται
1067 2961 1148 3044 (ser.
1164 2962 1321 3042 ποίησος).

275 3043 313 3106 Ρ.
323 3043 396 3128 692.
412 3037 433 3104 l.
447 3055 477 3124 7.
492 3041 710 3105 Substitutum
725 3049 775 3105 est
789 3051 863 3126 post
878 3043 1075 3123 ἀρκουμένους
1089 3048 1219 3120 τούτους,
1234 3048 1321 3129 (sor.

273 3126 455 3210 ἀρκουμένου
469 3128 587 3209 τούτου)
603 3148 662 3211 pro
679 3129 761 3210 (fer.
777 3130 870 3212 τούτῳ
885 3128 1023 3210 Billius).

495 3319 539 3381 Ιο
553 3319 587 3383 S.
596 3317 765 3382 Athanasii
778 3317 974 3404 Repositione
988 3321 1092 3385 Fidei.

317 3456 354 3518 P.
369 3471 441 3537 701.
463 3454 505 3518 sd
530 3453 636 3517 imam.
657 3475 730 3539 pag.
754 3461 827 3538 post
849 3475 950 3518 voees.
977 3455 1065 3518 Edit.
1086 3455 1242 3520 Boudia.
1263 3457 1318 3520 sd·

272 3541 376 3604 ditum
390 3547 440 3603 est
461 3539 558 3604 istud.
603 3539 696 3619 Quod
715 3539 779 3602 isto
794 3541 810 3601 ὁ
834 3540 978 3620 liuprande
999 3541 1153 3620 ἅνθρωπος
1175 3541 1202 3604 si
1269 3551 1321 3606 ret

273 3626 472 3690 Athanasius
500 3626 673 3688 humanam
702 3621 821 3688 Christi
850 3631 1008 3700 naturum,
1034 3623 1067 3687 id
1093 3625 1173 3689 setis
1220 3629 1319 3690 πνοή

272 3719 381 3775 censet
403 3709 452 3772 vir
472 3709 628 3786 eruditus,
649 3709 770 3773 amicus
790 3731 888 3788 meus,
905 3731 943 3773 eo
965 3710 1050 3793 quod
1069 3711 1120 3775 ille
1146 3711 1232 3774 inter
1254 3713 1320 3776 ulis

273 3797 333 3859 hoc
344 3796 486 3879 posuerit
496 3796 529 3858 iu
540 3818 573 3879 p.
586 3813 658 3874 700.
689 3794 806 3857 Filium
817 3795 880 3858 Dei
892 3795 943 3857 τὸν
958 3795 1101 3876 ἡμέτερον
1108 3798 1320 3880 assumpsisse

272 3879 565 3960 ἀνθρωπον,--ε’ν
576 3878 599 3965 ᾧ
610 3882 765 3963 ἀνθρώπῳ,
774 3900 909 3964 pergens
921 3881 1067 3958 seribere,
1080 3885 1261 3962 στουρωθεὶς
1271 3885 1321 3946 καὶ

272 3966 442 4042 ἀποθονεὶς,
457 3967 531 4045 ὑπὲρ
549 3967 632 4044 ἡμῶν
653 3965 765 4043 ἀνέστη
781 3967 814 4028 ἐκ
837 3964 957 4046 νέκρων.
1018 3965 1054 4028 Ρ.
1069 3985 1141 4050 703.
1165 3967 1185 4029 l.
1203 3987 1232 4033 α.
1250 3969 1319 4032 Ad-

272 4050 376 4114 ditum
391 4056 441 4114 est
451 4050 504 4113 τὸν
516 4059 593 4114 ante
603 4055 655 4112 τοῦ
666 4055 759 4113 Θεοῦ.
805 4049 843 4112 Ρ.
857 4057 928 4130 700.
945 4050 965 4112 l.
978 4070 1005 4112 1.
1021 4050 1038 4112 t
1054 4051 1199 4132 ἐγεννήθη
1211 4075 1272 4136 pro
1287 4053 1321 4120 ὃς

270 4135 318 4216 ἐγ.
329 4133 382 4196 ubi
398 4136 441 4197 sd
455 4134 553 4197 imum
567 4155 639 4219 pag.
655 4140 846 4198 annotatum
861 4143 926 4208 est;
951 4135 1157 4220 Designatus
1174 4146 1211 4200 ut
1223 4148 1319 4223 prtet

270 4241 310 4331 ex
336 4218 551 4301 sequentibus,
578 4225 695 4283 nature
721 4219 840 4283 Christi
866 4220 1016 4296 humane,
1043 4242 1099 4306 per
1126 4244 1224 4305 quam
1250 4225 1320 4288 haec
