2867 4817
290 310 333 377 74
651 308 683 370 S.
704 306 975 371 HIPPOLYTI

291 478 535 585 ονργοῖσαντος
553 480 720 583 ἐμπειρον
736 481 797 559 καὶ
823 477 1076 581 ἆνεκδιηργιον
1096 481 1237 585 τέχνην,
1254 489 1333 561 αλλ

290 605 442 709 ἢμόνον
467 609 606 711 ὁρῶντα
631 614 724 687 νοεῖν
751 608 810 687 καὶ
830 604 1023 705 πιστεύειν,
1040 606 1097 688 ὅτι
1120 610 1228 713 ἔργον
1245 615 1345 691 θεοῦ

291 737 491 841 ἅνθραντος.
525 739 614 841 Περὶ
632 734 670 815 δέ
689 732 813 836 Λόγον
831 733 973 835 γε’νεσιν
986 734 1108 838 ζητεῖς,
1123 734 1233 841 ὅνπερ
1249 744 1340 832 βου-

292 868 413 966 ληθεὶς
438 865 458 943 ὁ
486 859 579 947 Θεὸς
602 862 732 967 Πατὴρ
752 864 941 965 ἐγεῖινησεν
969 866 1018 947 ὡς
1042 861 1250 963 ἦθέλησεν;
1283 866 1344 944 Ori

292 989 364 1097 γὰρ
393 990 563 1095 αὔταρκές
590 1024 653 1071 σοι
679 993 780 1071 ἐστὶν
806 994 933 1089 μαθεῖν
953 988 1009 1071 ὅτι
1037 987 1178 1091 κόσμον
1203 993 1225 1071 ὁ
1249 989 1372 1099 Θεῦς5

292 1122 471 1220 ἐποίησεν·
511 1118 611 1199 ἀλλὰ
634 1122 694 1199 καὶ
715 1116 827 1199 πόθεν
851 1118 1030 1218 ἐποίησεν,
1051 1124 1190 1225 τολμᾷς
1220 1117 1345 1222 ἐπιζη-

293 1256 391 1347 τεῖν;
413 1248 436 1349 ἢ
456 1249 519 1329 οῦκ
536 1245 707 1351 αὔταρκές
725 1279 788 1327 σοι
806 1247 906 1327 ἐστὶν
923 1251 1060 1346 μαθεῖν,
1071 1245 1126 1327 ὅτι
1139 1245 1228 1333 Υῖῖις
1246 1253 1350 1328 θεοῦ

293 1410 355 1457 σοι
386 1375 593 1483 ἐφανερώθη
623 1379 671 1458 εἰς
695 1375 893 1478 σωτηρίαν,
921 1372 983 1454 ἐὰν
1002 1374 1215 1481 noreio-99,
1242 1375 1350 1457 ἀλλὰ

294 1506 351 1585 καὶ
382 1509 460 1588 πῶς
489 1500 658 1606 ἐγεννήθη
694 1500 788 1581 κατὰ
812 1505 971 1603 Πνεῦμα,
998 1510 1347 1605 πολοπρογμονεῖς;

296 1636 368 1713 Καὶ
385 1630 452 1731 τὴν
469 1628 535 1729 μέν
552 1627 643 1711 κατὰ
665 1626 787 1732 σάρκα
809 1627 978 1731 γε’νιογσιν
996 1630 1105 1711 αῦτοῦ
1122 1638 1165 1712 οῦ
1182 1633 1352 1718 πλείονες
1365 1682 1400 1720 ιο

293 1758 560 1858 ἐπιστεύθησαν
578 1753 824 1858 διηγήσασθαι
840 1756 940 1857 πλὴν
959 1756 1035 1839 δύο.
1090 1762 1164 1840 Καὶ
1184 1757 1234 1840 σῦ
1251 1774 1348 1843 τολ-

294 1891 366 1993 μᾷς
395 1884 565 1988 ἐπιζητεῖν
589 1882 655 1983 τὴν
681 1881 773 1963 κατὰ
799 1890 949 1985 Πνεῦμα
983 1884 1161 1988 διήγησιν,
1186 1884 1233 1987 ἣν
1258 1891 1350 1995 παρ’

295 2016 408 2121 ἐαυτῷ
433 2008 608 2120 φυλάττει
634 2009 775 2115 Πατὴρ,
799 2015 1065 2095 ἀποκολύιπειν
1088 2013 1240 2114 με’λλων
1263 2017 1354 2098 τότε

296 2139 377 2249 (for.
395 2142 508 2248 ποτε)
526 2145 601 2223 τοῖς
628 2139 743 2241 ἁγίοις
770 2142 830 2219 καὶ
851 2140 965 2247 ἀξίοις
983 2146 1068 2223 ἰδεῖν
1086 2139 1129 2223 τὸ
1146 2140 1355 2247 πρόσωπον

295 2270 403 2349 αὐτοῦ
420 2300 431 2365 ;
460 2264 639 2368 Αῦτοιρκές
657 2298 720 2345 σοι
736 2265 811 2366 ἤτω
830 2265 872 2347 τὸ
889 2269 1070 2373 εἰρημένον
1084 2268 1154 2351 tri
1172 2280 1237 2351 τοῦ
1254 2276 1404 2380 xpc-15

295 2404 399 2478 στοῦ·
414 2391 504 2475 Ὅτι
520 2390 563 2473 τὸ
580 2393 834 2495 γεγεννημεῖνον
850 2398 890 2477 ἐκ
907 2405 972 2478 τοῦ
990 2396 1211 2499 Πνεῦματος,
1223 2406 1353 2483 Πνεῦ-

294 2523 348 2627 μά
365 2527 475 2604 ἐστιν.
536 2520 667 2605 Καθὼς
691 2519 751 2601 διὰ
767 2531 831 2604 τοῦ
848 2523 1038 2631 προφήτου
1055 2525 1122 2626 τὴν
1140 2534 1205 2607 τοῦ
1223 2527 1357 2632 Λόγου

295 2653 464 2757 γε’ννησιν
487 2650 673 2752 σημαίνων
697 2648 753 2730 ὅτι
783 2651 1000 2753 γεγεῦιηται,
1027 2650 1070 2734 τῦ
1097 2652 1136 2735 δέ
1164 2662 1243 2741 πιῦς
1271 2662 1353 2764 φυ·

297 2908 362 2949 cere
376 2897 467 2946 artem
483 2886 547 2963 ejus
567 2884 617 2963 qui
636 2884 753 2953 creavit,
769 2883 799 2940 in
841 2887 968 2946 cundum
992 2886 1146 2965 Spiritum,
1166 2892 1280 2952 curiose
1304 2896 1357 2954 in.

296 2968 477 3049 experientia
497 2977 527 3025 et
542 2984 598 3025 usu
619 2964 754 3044 positam.
769 2975 800 3022 et
841 2968 950 3047 degan?
973 2967 1068 3047 Atqui
1082 2974 1303 3049 generationem
1320 2998 1357 3037 e.

297 3070 357 3109 non
384 3046 592 3117 enarrabilem;
625 3044 677 3103 ced
705 3044 798 3103 colum
837 3048 888 3125 jus
902 3048 1062 3108 secundnm
1077 3072 1194 3110 carnem
1213 3074 1358 3118 enarrare

253 3182 255 3189 .
296 3128 423 3189 ridendo
444 3126 607 3204 intelligere
632 3136 663 3184 et
682 3123 801 3185 credere
841 3150 900 3187 noo
909 3129 1358 3209 pluribusquomduobuscon-

296 3209 376 3289 qnod
390 3228 464 3287 opus
479 3208 536 3265 Dei
556 3206 710 3265 esthemo.
752 3206 800 3264 De
842 3208 985 3268 creditum
1000 3223 1055 3277 eet.
1065 3222 1138 3272 ettu
1154 3214 1244 3275 eudes
1257 3237 1358 3295 gene.

298 3289 391 3351 Verbi
412 3298 510 3347 entem
538 3287 734 3366 generationis
757 3306 801 3344 ro·
841 3291 983 3349 rationem
1011 3293 1173 3353 secundnm
1203 3294 1357 3375 Spiritum

297 3373 378 3433 tione
396 3369 511 3449 queris,
532 3388 590 3447 quo
612 3366 694 3425 Deus
712 3367 802 3426 Pater
841 3372 974 3440 scrutari,
997 3392 1085 3451 quam
1106 3375 1185 3455 opud
1205 3397 1236 3436 se
1257 3376 1360 3441 Pater

296 3470 434 3531 generare
455 3449 550 3508 voluit
560 3471 569 3519 ;
591 3448 740 3527 generavit
761 3449 801 3506 si·
842 3463 948 3519 servet,
973 3452 1155 3515 revelaturus
1172 3469 1244 3518 tunc
1265 3480 1360 3522 οοοσ-

297 3545 348 3593 cut
362 3530 466 3589 voluit.
508 3529 579 3587 Non
600 3529 671 3589 satis
687 3528 800 3589 esttibi
842 3533 891 3603 tis,
906 3534 957 3613 qui
978 3546 1012 3593 ut
1026 3534 1130 3596 faciem
1151 3538 1215 3615 ejus
1228 3540 1361 3604 videant

297 3614 370 3673 coire
385 3610 464 3689 quod
479 3610 561 3670 Deus
576 3608 717 3668 mundum
733 3630 801 3669 con·
842 3612 923 3692 digni
944 3620 1052 3677 erunt?
1076 3618 1156 3678 Satio
1176 3620 1250 3681 habe
1290 3624 1361 3685 uod

297 3694 383 3761 didit,
412 3692 467 3751 nisi
503 3689 610 3751 audeas
646 3690 801 3768 inquirere,
843 3695 1000 3754 oChrieto
1024 3698 1135 3757 dietum
1158 3711 1220 3760 eet:
1243 3642 1362 3769 ’θοαί

297 3772 444 3854 quomodo
457 3772 610 3831 condidit?
636 3770 707 3828 Non
722 3773 801 3831 euffi-
844 3784 1029 3836 notumeetec
1036 3779 1359 3860 Spiritu,Spiritueest‚

298 3858 338 3915 cit
351 3855 406 3914 tibi
421 3873 603 3933 cognoscere,
616 3852 694 3931 quod
707 3852 803 3913 Filius
843 3857 920 3916 cient
939 3877 992 3937 per
1013 3861 1184 3940 prophetam
1204 3860 1361 3943 significat

298 3937 356 3997 Dei
377 3936 432 3995 tibi
454 3934 589 4015 apperuit
611 3932 647 3993 cd
669 3933 803 4005 salutem,
845 3936 937 3997 Verbi
958 3942 1175 4017 generationem
1196 3945 1277 4023 qnod
1299 3968 1359 4027 ge-

298 4018 322 4077 ei
348 4028 446 4078 temen
474 4016 504 4074 id
533 4014 626 4075 credis
638 4037 647 4086 ;
679 4014 731 4073 sed
756 4016 802 4073 in·
844 4018 925 4078 nitor
945 4031 1012 4079 eet:
1035 4023 1182 4100 quomodo
1203 4046 1285 4094 vero,
1304 4048 1361 4089 re·

298 4118 385 4179 nuper
403 4094 548 4177 quomodo
562 4098 680 4174 genitus
699 4107 744 4155 est
758 4116 803 4156 ce·
844 4111 940 4159 servet
954 4101 1032 4181 opud
1053 4123 1085 4163 se
1105 4103 1135 4161 in
1150 4115 1268 4187 tempos
1286 4128 1362 4175 cer..

739 4296 754 4326 ι
764 4286 824 4337 Joh.
835 4288 868 4337 iii.
873 4288 904 4339 h.
