2867 4817
548 342 781 408 EPITOME.
1125 349 1190 415 373

134 526 308 610 tyrannus
331 517 468 608 eripiat,
484 519 547 588 sed
570 520 672 589 nobis
695 521 739 590 ad
761 529 929 590 aeternam
956 521 1187 615 opulentiam,

134 631 221 701 Deo
237 633 394 715 custode,
411 643 582 704 servetur.

522 849 635 922 CAP.
663 850 805 923 LXVI.

192 982 297 1054 Fides
312 1005 454 1076 quoque
475 1007 606 1078 magna
623 985 773 1076 justitiae
795 1007 875 1078 pars
892 993 966 1055 est:
993 1007 1071 1078 quae
1088 1007 1187 1056 max·

134 1099 213 1170 ime
237 1123 259 1170 a
283 1101 394 1183 nobis,
411 1101 472 1192 qui
497 1123 628 1172 nomen
652 1102 735 1172 fidei
760 1103 925 1196 gerimus,
949 1103 1187 1174 conservanda

134 1225 206 1298 est,
230 1219 404 1310 praecipue
433 1218 471 1286 in
500 1217 679 1312 religione,
704 1220 789 1310 quia
818 1218 917 1290 Deus
942 1221 1037 1312 prior
1063 1227 1118 1290 ast
1147 1228 1186 1289 et

134 1335 258 1426 potior
273 1358 380 1426 quam
396 1332 513 1404 homo.
557 1334 607 1404 Et
629 1337 659 1405 si
683 1345 738 1406 est
754 1335 946 1430 gloriosum
968 1337 1184 1428 proamicis,

134 1471 205 1542 pro
226 1449 441 1542 parentibus,
457 1473 522 1541 pro
544 1449 674 1534 liberis,
691 1453 728 1522 id
752 1461 816 1534 est,
832 1474 896 1543 pro
907 1451 1062 1522 'homine
1079 1453 1186 1522 susci-

135 1587 225 1657 pere
248 1573 411 1648 mortem,
429 1575 467 1636 et
489 1567 550 1657 qui
575 1566 643 1636 boo
666 1565 801 1650 fecerit,
826 1567 1029 1637 diuturnam
1051 1567 1187 1638 mc'mo-

134 1682 229 1750 riam
262 1680 475 1774 laudemquc
514 1684 759 1773 consequitur3
803 1690 936 1773 quanto
969 1684 1082 1775 magis
1121 1707 1185 1776 pro
1254 1779 1259 1790 ¹

135 1795 232 1879 Deo,
249 1799 310 1888 qui
326 1806 445 1890 potest
467 1807 634 1868 aternam
651 1798 761 1867 vitam
782 1821 846 1890 pro
866 1798 1052 1892 temporali
1069 1808 1184 1869 morte

135 1913 327 2004 praestaret
346 1913 473 2005 Itaque
489 1936 600 2005 quum
617 1915 780 1984 inciderit
797 1915 968 2006 ejusmodi
982 1915 1182 1996 necessitas,

134 2037 182 2098 ut
205 2028 397 2100 desciscere
421 2053 444 2099 a
468 2029 558 2112 Deo,
576 2039 684 2122 atque
708 2030 753 2100 ad
771 2031 860 2100 ritus
885 2031 1047 2124 gentium
1072 2039 1184 2101 trans-

134 2146 192 2214 ire
219 2167 396 2239 cogamur,
427 2145 546 2216 nullus
579 2169 644 2216 nos
676 2155 806 2229 metus,
836 2144 956 2215 nullus
985 2153 1099 2216 terror
1131 2148 1184 2216 in-

135 2259 270 2345 flectat,
286 2286 355 2353 quo
372 2263 491 2331 minus
507 2264 673 2333 traditam
690 2263 792 2332 nobis
809 2262 916 2332 fidem
934 2262 1183 2334 custodiamus.

138 2377 240 2449 Deus
268 2381 315 2449 sit
348 2388 432 2450 ante
466 2379 596 2461 oculos,
625 2380 672 2449 sit
701 2381 739 2448 in
768 2379 884 2460 corde,
914 2378 1014 2470 cujus
1044 2379 1183 2449 interno

133 2492 269 2564 auxilio
300 2495 457 2565 dolorem
484 2496 667 2577 viscerum,
694 2505 732 2565 et
749 2495 917 2565 adhibita
946 2495 1081 2586 corpori
1106 2504 1184 2565 tor-

133 2617 259 2678 menta
293 2633 508 2704 superemus.
573 2610 677 2681 Nihil
710 2621 798 2683 tunc
831 2609 928 2681 aliud
962 2633 1068 2703 quam
1101 2612 1183 2682 vitae
1298 2653 1302 2658 ·

134 2726 345 2796 immortalis
361 2729 505 2820 praemia
526 2728 734 2820 cogitemus.
786 2727 845 2797 Ita
860 2725 975 2809 facile,
993 2727 1059 2796 etsi
1084 2727 1183 2798 dissi·

133 2842 243 2933 pandi
279 2851 376 2912 artus
404 2842 547 2925 fuerint,
576 2841 806 2913 tolerabimus
835 2844 1008 2924 universa,
1039 2865 1115 2934 quae
1145 2845 1182 2912 in

133 2965 203 3027 nos'
223 2959 413 3051 tyrannica
435 2959 653 3030 crudelitatis
675 2960 832 3030 amantia
853 2958 1029 3029 molietur.
1080 2959 1183 3030 Post·

136 3095 235 3143 remo
260 3075 373 3166 ipsam
401 3084 553 3145 mortem
577 3098 649 3145 non
677 3075 790 3158 inriti,
814 3084 878 3145 aut
901 3075 1028 3156 timidi,
1042 3077 1115 3146 sad
1141 3075 1199 3145 li·-

133 3187 273 3270 bcntes,
286 3198 324 3257 et
342 3189 491 3258 interriti
509 3189 626 3259 subire
643 3190 808 3272 nitamur,
822 3211 904 3259 cum
922 3189 1073 3258 sciamus
1086 3189 1180 3281 quali

133 3305 229 3396 apud
266 3303 384 3374 Deum
409 3304 529 3398 -gloria
558 3306 667 3374 simus
695 3305 851 3375 functuri
868 3301 938 3394 ¹(ul.
973 3305 1085 3374 futuri
1102 3303 1179 3398 sor..

133 3420 278 3489 finituri
309 3416 472 3513 Ducis.);
515 3420 736 3513 triumphato
770 3419 897 3490 saeculo
931 3422 976 3491 ad
1010 3421 1181 3514 promissa

134 3526 328 3618 venientes,
355 3536 482 3627 quibus
511 3536 621 3619 bonis,
641 3545 785 3630 quanta
814 3537 1035 3607 beatitudine
1061 3538 1181 3610 brevia

132 3653 212 3723 baec
227 3675 410 3744 poenarum
430 3651 525 3722 mala
544 3662 582 3722 et
603 3653 709 3745 hujus
726 3655 807 3724 vitoe
831 3654 961 3724 damna
982 3675 1179 3744 pensemus

134 3767 242 3850 Quod
268 3768 297 3836 si
322 3766 472 3837 facultas
497 3767 602 3858 hujus
626 3767 746 3861 gloriae
771 3768 893 3848 deerit,
923 3766 1068 3837 habebit
1093 3766 1180 3839 fides

133 3883 245 3952 etiam
262 3883 299 3950 in
322 3905 409 3975 pace
432 3883 644 3956 mercedem.
694 3881 873 3952 Teneatur
897 3906 981 3977 ergo
1005 3885 1043 3952 in
1068 3883 1180 3952 omni-

133 3999 203 4068 bus
240 3999 321 4068 vitae
348 3997 501 4081 officiis3
543 4007 709 4068 teneatur
745 4000 783 4068 in
820 4000 1065 4069 matrimonio:
1101 4021 1181 4072 ,non

133 4114 232 4184 enim
257 4116 342 4185 satis
367 4124 434 4198 est,
450 4116 488 4186 si
513 4125 577 4186 aut
598 4114 714 4186 alieno
738 4123 827 4200 toro,
842 4123 913 4185 aut
938 4114 1095 4207 lupanari
1115 4116 1182 4185 ab·

134 4230 278 4300 stineao.
330 4228 402 4314 Qui
425 4231 534 4302 babet
560 4231 758 4325 conjugem,
781 4230 867 4302 nihil
894 4239 1026 4322 quierat
1049 4231 1183 4302 extrin-

621 4365 711 4428 3¹⁸²
