2867 4817
297 308 363 375 378
715 302 935 368 CANONES
970 351 975 361 .

297 476 412 582 τοίζειν
438 476 505 578 τὴν
530 478 740 583 προαίρεσιν
767 480 827 555 καὶ
858 474 901 555 τὸ
933 470 1023 560 εἶδος
1053 479 1118 575 τῆς
1143 477 1346 576 μετανοίας.

297 607 380 687 ὅσοι
402 606 468 707 μὲν
485 604 557 708 γὰρ
575 608 632 685 καὶ
652 602 760 713 φόβῳ
778 605 838 683 καὶ
856 601 1009 707 δάκρυσι
1027 606 1086 683 καὶ
1104 605 1266 707 ὡτομονῇ
1287 606 1349 683 καὶ

296 734 554 837 ἀγαθοεργίαις,
572 731 639 833 τὴν
664 729 890 838 ἐπιστροφὴν
913 731 1007 839 ἔργῳ
1033 734 1093 812 καὶ
1118 732 1161 809 οὗ
1184 729 1349 837 σχήματι

294 864 555 959 ἐπιδείκνυνται,
588 860 686 940 οὗτοι
721 858 982 963 πληρώσαντες
1013 857 1077 939 τὸν
1114 857 1247 963 χρόνον
1280 854 1348 937 τὸν

294 988 494 1093 ὡρισμένον
511 992 574 1088 τῆς
601 986 817 1091 ἀκροάσεως,
835 984 977 1069 εἰκότως
995 992 1068 1067 τῶν
1085 986 1198 1090 εὐχῶν
1215 1019 1342 1065 κοινω-
1356 1019 1376 1078 5

294 1113 459 1217 νήσουσι,
477 1114 567 1215 μετὰ
591 1124 655 1196 τοῦ
680 1115 809 1221 ἐξεῖναι
840 1117 892 1218 τῷ
917 1110 1103 1220 ε’πισκόπῳ
1126 1118 1186 1191 καὶ
1206 1117 1343 1218 φιλαν-

293 1242 518 1348 θρωιτότερόν
550 1278 585 1323 τι
616 1245 698 1347 περὶ
730 1242 846 1322 αὐτῶν
877 1239 1164 1337 βουλεύσασθαι,
1194 1238 1276 1319 ὅσοι
1305 1237 1346 1319 δὲ

291 1369 496 1477 ἀδιαφόρως
523 1371 686 1474 ἤνεγκαν,
714 1364 773 1449 καὶ
801 1364 844 1447 τὸ
871 1371 1000 1473 σχῆμα
1025 1375 1090 1447 τοῦ
1123 1366 1268 1447 εἰσιέναι
1295 1373 1345 1451 είς

291 1498 358 1601 τὴν
390 1499 584 1598 ἐκκλησίαν
615 1500 734 1601 ἀρκεῖν
770 1498 905 1579 ἑαυτοῖς
938 1494 1124 1597 ἡγήσαντο
1155 1492 1245 1599 πρὸς
1276 1492 1345 1593 τὴν

292 1626 553 1731 ε’πιοτρὲφειαν,
571 1625 616 1733 ἐξ
631 1622 788 1707 ίίιταντος
804 1622 1070 1726 πληροιίτωσαν
1089 1620 1153 1702 τὸν
1173 1621 1314 1731 χρόνον.
1357 1653 1404 1693 10

671 1866 872 1942 KANth
904 1867 965 1943 ΙΓ.

347 2010 441 2112 Περὶ
468 2005 506 2087 δὲ
533 2012 605 2085 τῶν
634 2004 880 2111 ἐξοδευόντων,
911 2009 933 2086 ὁ
957 2003 1113 2090 παλαιὸς
1142 2009 1202 2085 καὶ
1231 2038 1342 2085 κανο·

290 2134 386 2219 νικὸς
400 2134 509 2235 νόμος
523 2131 801 2241 φυλαχθήσεται
813 2138 873 2215 καὶ
886 2142 959 2231 νῦν,
970 2130 1067 2214 ὥστε
1079 2132 1165 2218 είτις
1177 2130 1345 2239 ἐξοδείοι,

289 2270 354 2343 τοῦ
378 2263 580 2342 τελευταίου
609 2262 667 2341 καὶ
691 2260 974 2364 ἀναγκαιοτάτου
997 2262 1141 2370 ε’φοδίου
1169 2258 1220 2361 μὴ
1245 2262 1342 2339 ἀπο·

287 2395 507 2493 στερεῖσθαι.
541 2392 571 2468 εὶ
599 2386 637 2468 δὲ
664 2390 912 2491 ἀπογνωσθεὶς
937 2391 998 2469 καὶ
1022 2389 1204 2472 κοινωνίας
1228 2385 1345 2468 πάλιν
1358 2425 1370 2465 1
1379 2424 1399 2483 5

287 2513 416 2621 τυχὼν,
434 2514 547 2596 πάλιν
564 2518 602 2595 ἐν
620 2522 693 2599 τοῖς
717 2515 829 2618 ζῶσιν
852 2516 1041 2624 ἐξστοσθῇ,
1059 2515 1150 2617 μετὰ
1171 2522 1244 2597 τῶν
1262 2548 1341 2627 κοιρ

292 2644 499 2725 νονοιίντων
525 2648 589 2744 τῆς
616 2644 722 2748 εὐχῆς
748 2640 859 2742 μόνης
890 2644 998 2724 ἔστω.
1030 2641 1190 2725 καθόλου
1218 2640 1257 2723 δὲ
1282 2647 1346 2723 καὶ

288 2774 370 2874 περὶ
387 2770 523 2856 παντὸς
541 2772 751 2851 οὑτινοσοῦν
770 2769 995 2876 ἐξοδεύοντος
1015 2777 1200 2856 αἰτοῦντος
1217 2768 1256 2850 δὲ
1271 2804 1338 2870 με·

289 3031 413 3112 speciem
445 3032 626 3112 poenitentiis
656 3032 793 3091 oonvenit
835 3030 930 3092 modis
945 3034 1080 3093 omnibus
1098 3043 1215 3112 tempus
1234 3032 1340 3113 imple-

288 3112 450 3192 explorsre,
460 3123 605 3192 quotquot
620 3113 697 3171 enim
711 3123 793 3171 metu
835 3122 896 3173 snt.

289 3204 320 3253 et
343 3192 508 3288 lachrymis,
531 3205 620 3270 atque
640 3192 794 3273 potientis,
953 3193 1106 3253 CANON
1126 3193 1219 3253 XIII.

289 3273 337 3333 vel
364 3274 447 3332 bonis
472 3274 609 3353 operibus
636 3275 723 3333 rebus
750 3274 793 3353 ip·
877 3274 924 3334 De
938 3274 993 3345 his,
1007 3276 1059 3353 qni
1078 3275 1115 3333 td
1129 3274 1242 3333 exitum
1255 3276 1340 3333 veni.

289 3354 329 3413 sis
363 3354 578 3413 oonvsrsionem
607 3373 699 3422 susm,
732 3374 793 3413 non
834 3365 899 3426 unt,
928 3355 1016 3414 etism
1043 3375 1121 3414 nuno
1144 3354 1194 3414 lex
1218 3356 1341 3434 antiqua

289 3432 504 3494 simulationem
521 3434 739 3494 demonstrant:
761 3436 793 3494 hi
834 3434 1032 3515 regularisque
1046 3436 1218 3506 terrebitur,
1235 3437 1287 3503 its,
1303 3449 1341 3496 ut

289 3514 444 3573 delinitum
482 3526 598 3594 tempus
635 3515 794 3575 auditionis
834 3516 925 3595 siquis
937 3516 1087 3595 egreditur
1106 3537 1123 3576 e
1143 3536 1272 3595 oorpore,
1291 3517 1341 3575 ul·

290 3594 456 3674 implentes,
477 3605 542 3653 tum
560 3594 678 3654 demum
699 3596 794 3655 fideli·
835 3598 908 3656 timo
927 3608 957 3657 et
976 3598 1136 3657 necessario
1156 3596 1263 3656 viatico
1282 3598 1342 3656 mi-

290 3676 346 3735 bus
368 3676 398 3734 in
417 3676 548 3735 oratione
568 3678 793 3744 eommunioent,
835 3678 913 3736 nime
928 3677 1067 3758 privetur.
1095 3676 1220 3751 Quodsi
1234 3677 1341 3757 despe.

290 3756 476 3835 postmodum
505 3776 575 3816 vero
606 3756 704 3816 lioebit
732 3758 795 3837 epi·
834 3769 925 3829 ratus,
940 3769 970 3818 et
984 3772 1156 3819 oonsecntus
1175 3760 1341 3817 eommuni-

291 3856 379 3931 soopo
392 3836 429 3897 de
445 3838 490 3897 his
509 3836 619 3915 aliquid
638 3837 794 3898 humanius
834 3858 919 3898 onem
948 3838 1160 3918 oblationisque
1190 3838 1342 3918 particeps

290 3928 426 3997 cogitare.
461 3918 638 3995 Quicunque
657 3938 728 3977 vero
746 3918 792 3977 in·
833 3918 938 3988 fectus,
953 3920 1060 3978 iterum
1075 3918 1273 3979 oonvnluerit:
1297 3921 1340 3980 sit

288 3997 457 4059 differenter
472 3998 614 4065 tulerunt,
629 4009 660 4058 st
679 3998 792 4058 aditum
833 3999 911 4059 inter
937 4021 996 4069 eos,
1023 4001 1075 4078 qui
1101 4000 1340 4059 eommunionom

288 4078 456 4138 introeundi
476 4078 625 4139 ecclesiam
642 4078 698 4138 sibi
716 4080 792 4139 srbi-
833 4080 972 4140 orntionis
1000 4080 1204 4141 tantummodo
1234 4100 1341 4140 eonse-

287 4158 357 4217 trsti
394 4170 463 4219 sunt
501 4159 538 4218 ad
573 4160 790 4219 eonversionem
832 4160 1339 4240 quantunGenersliterautemom·

287 4258 370 4317 posse
403 4241 543 4309 suffioertt
572 4240 602 4299 hi
635 4240 790 4301 definitum
831 4242 1111 4303 uieuilibetinexitu
1120 4238 1340 4323 posito,etfpos·
