<?xml version="1.0" encoding="UTF-8"?>
<!DOCTYPE html PUBLIC "-//W3C//DTD XHTML 1.0 Transitional//EN"
    "http://www.w3.org/TR/xhtml1/DTD/xhtml1-transitional.dtd">
<html xmlns="http://www.w3.org/1999/xhtml" xml:lang="en" lang="en">
 <head>
  <title>
</title>
<meta http-equiv="Content-Type" content="text/html;charset=utf-8" />
  <meta name='ocr-system' content='tesseract 3.04.00' />
  <meta name='ocr-capabilities' content='ocr_page ocr_carea ocr_par ocr_line ocrx_word'/>
</head>
<body>
  <div class='ocr_page' id='page_1' title='image "./scriptorumeccle03routgoog_0411.png"; bbox 0 0 2867 4817; ppageno 0'>
   <div class='ocr_carea' id='block_1_1' title="bbox 200 353 1151 427">
    <p class='ocr_par' dir='ltr' id='par_1_1' title="bbox 200 353 1151 427">
     <span class='ocr_line' id='line_1_1' title="bbox 200 353 1151 427; baseline 0.008 -9"><span class='ocrx_word' id='word_1_1' title='bbox 200 353 419 419; x_wconf 89' lang='lat' dir='ltr'>CONCILII</span> <span class='ocrx_word' id='word_1_2' title='bbox 445 353 1049 420; x_wconf 81' lang='lat' dir='ltr'>CONs&#39;rANTlNOPOL.UN1v.</span> <span class='ocrx_word' id='word_1_3' title='bbox 1086 357 1151 427; x_wconf 76' lang='grc'>395</span> 
     </span>
    </p>
   </div>
   <div class='ocr_carea' id='block_1_2' title="bbox 46 526 1148 2904">
    <p class='ocr_par' dir='ltr' id='par_1_2' title="bbox 46 526 1148 2904">
     <span class='ocr_line' id='line_1_2' title="bbox 89 526 1148 632; baseline 0.002 -26"><span class='ocrx_word' id='word_1_4' title='bbox 89 529 254 631; x_wconf 88' lang='grc' dir='ltr'>ηγορίας,</span> <span class='ocrx_word' id='word_1_5' title='bbox 277 531 337 607; x_wconf 84' lang='grc' dir='ltr'>καὶ</span> <span class='ocrx_word' id='word_1_6' title='bbox 363 530 417 608; x_wconf 84' lang='grc' dir='ltr'>ἐπ’</span> <span class='ocrx_word' id='word_1_7' title='bbox 444 527 561 608; x_wconf 80' lang='grc' dir='ltr'>αὐτῶν</span> <span class='ocrx_word' id='word_1_8' title='bbox 586 527 746 632; x_wconf 78' lang='grc' dir='ltr'>ἐλέγχειν</span> <span class='ocrx_word' id='word_1_9' title='bbox 770 526 817 606; x_wconf 81' lang='grc' dir='ltr'>τὰ</span> <span class='ocrx_word' id='word_1_10' title='bbox 845 527 1055 631; x_wconf 80' lang='grc' dir='ltr'>ἐγκλήματα</span> <span class='ocrx_word' id='word_1_11' title='bbox 1083 537 1148 608; x_wconf 83' lang='grc' dir='ltr'>τοῦ</span> 
     </span>
     <span class='ocr_line' id='line_1_3' title="bbox 90 651 1141 756; baseline 0.001 -21"><span class='ocrx_word' id='word_1_12' title='bbox 90 658 132 736; x_wconf 90' lang='grc' dir='ltr'>ἐν</span> <span class='ocrx_word' id='word_1_13' title='bbox 155 657 282 741; x_wconf 77' lang='grc' dir='ltr'>αἰτίαις</span> <span class='ocrx_word' id='word_1_14' title='bbox 306 658 404 736; x_wconf 85' lang='grc' dir='ltr'>τισὶν</span> <span class='ocrx_word' id='word_1_15' title='bbox 427 651 637 735; x_wconf 85' lang='grc' dir='ltr'>ἐπισκόπου.</span> <span class='ocrx_word' id='word_1_16' title='bbox 668 652 756 733; x_wconf 80' lang='grc' dir='ltr'>εἰδὲ</span> <span class='ocrx_word' id='word_1_17' title='bbox 779 656 944 756; x_wconf 75' lang='grc' dir='ltr'>συμδαίη</span> <span class='ocrx_word' id='word_1_18' title='bbox 966 658 1141 756; x_wconf 85' lang='grc' dir='ltr'>άδυνατη-</span> 
     </span>
     <span class='ocr_line' id='line_1_4' title="bbox 88 780 1142 890; baseline -0.001 -27"><span class='ocrx_word' id='word_1_19' title='bbox 88 817 160 864; x_wconf 90' lang='grc' dir='ltr'>σαι</span> <span class='ocrx_word' id='word_1_20' title='bbox 184 781 267 868; x_wconf 74' lang='grc' dir='ltr'>τοὺς</span> <span class='ocrx_word' id='word_1_21' title='bbox 291 781 512 887; x_wconf 83' lang='grc' dir='ltr'>ἐπαρχιιίτας</span> <span class='ocrx_word' id='word_1_22' title='bbox 533 781 625 886; x_wconf 82' lang='grc' dir='ltr'>πρὸς</span> <span class='ocrx_word' id='word_1_23' title='bbox 651 780 844 886; x_wconf 85' lang='grc' dir='ltr'>διόρθωσιν</span> <span class='ocrx_word' id='word_1_24' title='bbox 871 789 946 862; x_wconf 75' lang='grc' dir='ltr'>τῶν</span> <span class='ocrx_word' id='word_1_25' title='bbox 971 786 1142 890; x_wconf 78' lang='grc' dir='ltr'>ἐπιφερο·</span> 
     </span>
     <span class='ocr_line' id='line_1_5' title="bbox 88 907 1142 1017; baseline 0 -27"><span class='ocrx_word' id='word_1_26' title='bbox 88 911 211 1008; x_wconf 82' lang='grc' dir='ltr'>μένων</span> <span class='ocrx_word' id='word_1_27' title='bbox 228 907 464 1012; x_wconf 82' lang='grc' dir='ltr'>ἐγκλημάτων</span> <span class='ocrx_word' id='word_1_28' title='bbox 481 913 533 1016; x_wconf 74' lang='grc' dir='ltr'>τῷ</span> <span class='ocrx_word' id='word_1_29' title='bbox 555 907 752 1017; x_wconf 76' lang='grc' dir='ltr'>ἐπισκότῳ·</span> <span class='ocrx_word' id='word_1_30' title='bbox 777 908 859 990; x_wconf 87' lang='grc' dir='ltr'>τότε</span> <span class='ocrx_word' id='word_1_31' title='bbox 877 909 1005 994; x_wconf 74' lang='grc' dir='ltr'>αὐτοὺς</span> <span class='ocrx_word' id='word_1_32' title='bbox 1020 943 1142 1014; x_wconf 85' lang='grc' dir='ltr'>προσ-</span> 
     </span>
     <span class='ocr_line' id='line_1_6' title="bbox 61 1033 1139 1144; baseline -0.006 -22"><span class='ocrx_word' id='word_1_33' title='bbox 61 1036 182 1122; x_wconf 75' lang='grc' dir='ltr'>5ιε’ναι</span> <span class='ocrx_word' id='word_1_34' title='bbox 199 1036 328 1140; x_wconf 78' lang='grc' dir='ltr'>μείζονι</span> <span class='ocrx_word' id='word_1_35' title='bbox 345 1033 489 1144; x_wconf 79' lang='grc' dir='ltr'>συνόδῳ</span> <span class='ocrx_word' id='word_1_36' title='bbox 514 1043 587 1116; x_wconf 84' lang='grc' dir='ltr'>τῶν</span> <span class='ocrx_word' id='word_1_37' title='bbox 605 1039 669 1136; x_wconf 77' lang='grc' dir='ltr'>τῆς</span> <span class='ocrx_word' id='word_1_38' title='bbox 688 1036 896 1136; x_wconf 77' lang='grc' dir='ltr'>διουεήσεως</span> <span class='ocrx_word' id='word_1_39' title='bbox 913 1039 1044 1138; x_wconf 76' lang='grc' dir='ltr'>ἐκείνης</span> <span class='ocrx_word' id='word_1_40' title='bbox 1062 1040 1139 1118; x_wconf 82' lang='grc' dir='ltr'>ἐπι-</span> 
     </span>
     <span class='ocr_line' id='line_1_7' title="bbox 88 1161 1144 1268; baseline 0 -24"><span class='ocrx_word' id='word_1_41' title='bbox 88 1161 256 1264; x_wconf 83' lang='grc' dir='ltr'>σκόπων,</span> <span class='ocrx_word' id='word_1_42' title='bbox 275 1163 362 1268; x_wconf 76' lang='grc' dir='ltr'>ὑπὲρ</span> <span class='ocrx_word' id='word_1_43' title='bbox 380 1169 443 1264; x_wconf 82' lang='grc' dir='ltr'>τῆς</span> <span class='ocrx_word' id='word_1_44' title='bbox 461 1165 574 1249; x_wconf 70' lang='lat' dir='ltr'>atrias·</span> <span class='ocrx_word' id='word_1_45' title='bbox 599 1165 731 1264; x_wconf 85' lang='grc' dir='ltr'>ταύτης</span> <span class='ocrx_word' id='word_1_46' title='bbox 752 1165 1066 1266; x_wconf 81' lang='grc' dir='ltr'>συγκαλουμένων,</span> <span class='ocrx_word' id='word_1_47' title='bbox 1084 1168 1144 1244; x_wconf 87' lang='grc' dir='ltr'>καὶ</span> 
     </span>
     <span class='ocr_line' id='line_1_8' title="bbox 88 1289 1140 1398; baseline 0.001 -25"><span class='ocrx_word' id='word_1_48' title='bbox 88 1291 142 1394; x_wconf 82' lang='grc' dir='ltr'>μὴ</span> <span class='ocrx_word' id='word_1_49' title='bbox 162 1291 339 1398; x_wconf 88' lang='grc' dir='ltr'>πρότερον</span> <span class='ocrx_word' id='word_1_50' title='bbox 362 1294 575 1373; x_wconf 85' lang='grc' dir='ltr'>ἐνίστασθαι</span> <span class='ocrx_word' id='word_1_51' title='bbox 593 1289 659 1392; x_wconf 87' lang='grc' dir='ltr'>τὴν</span> <span class='ocrx_word' id='word_1_52' title='bbox 683 1293 909 1396; x_wconf 86' lang='grc' dir='ltr'>κατηγορίαν,</span> <span class='ocrx_word' id='word_1_53' title='bbox 927 1298 1013 1397; x_wconf 76' lang='grc' dir='ltr'>πρὶν</span> <span class='ocrx_word' id='word_1_54' title='bbox 1034 1292 1058 1394; x_wconf 81' lang='grc' dir='ltr'>ἢ</span> <span class='ocrx_word' id='word_1_55' title='bbox 1078 1296 1140 1396; x_wconf 89' lang='grc' dir='ltr'>ἐγ·</span> 
     </span>
     <span class='ocr_line' id='line_1_9' title="bbox 88 1419 1145 1528; baseline -0.001 -28"><span class='ocrx_word' id='word_1_56' title='bbox 88 1421 246 1528; x_wconf 80' lang='grc' dir='ltr'>γράφως</span> <span class='ocrx_word' id='word_1_57' title='bbox 264 1419 390 1505; x_wconf 73' lang='grc' dir='ltr'>αὐτοὺς</span> <span class='ocrx_word' id='word_1_58' title='bbox 408 1420 471 1502; x_wconf 81' lang='grc' dir='ltr'>τὸν</span> <span class='ocrx_word' id='word_1_59' title='bbox 489 1419 572 1501; x_wconf 83' lang='grc' dir='ltr'>’ίσον</span> <span class='ocrx_word' id='word_1_60' title='bbox 591 1421 709 1502; x_wconf 82' lang='grc' dir='ltr'>αὐτοῖς</span> <span class='ocrx_word' id='word_1_61' title='bbox 729 1423 800 1520; x_wconf 79' lang='lat' dir='ltr'>(for.</span> <span class='ocrx_word' id='word_1_62' title='bbox 820 1424 952 1523; x_wconf 81' lang='grc' dir='ltr'>αὑτοῖς)</span> <span class='ocrx_word' id='word_1_63' title='bbox 973 1419 1145 1521; x_wconf 69' lang='grc' dir='ltr'>ὑποτιμή-</span> 
     </span>
     <span class='ocr_line' id='line_1_10' title="bbox 89 1548 1146 1656; baseline -0.001 -26"><span class='ocrx_word' id='word_1_64' title='bbox 89 1556 236 1632; x_wconf 88' lang='grc' dir='ltr'>σασθαι</span> <span class='ocrx_word' id='word_1_65' title='bbox 254 1551 426 1648; x_wconf 88' lang='grc' dir='ltr'>κίνδυνον,</span> <span class='ocrx_word' id='word_1_66' title='bbox 440 1548 538 1653; x_wconf 81' lang='grc' dir='ltr'>εἴπερ</span> <span class='ocrx_word' id='word_1_67' title='bbox 551 1550 589 1628; x_wconf 88' lang='grc' dir='ltr'>ἐν</span> <span class='ocrx_word' id='word_1_68' title='bbox 601 1554 647 1654; x_wconf 78' lang='grc' dir='ltr'>τῇ</span> <span class='ocrx_word' id='word_1_69' title='bbox 661 1555 735 1628; x_wconf 80' lang='grc' dir='ltr'>τῶν</span> <span class='ocrx_word' id='word_1_70' title='bbox 747 1548 971 1653; x_wconf 64' lang='grc' dir='ltr'>πραγμάτων</span> <span class='ocrx_word' id='word_1_71' title='bbox 984 1548 1146 1656; x_wconf 77' lang='grc' dir='ltr'>ἐξετάσει</span> 
     </span>
     <span class='ocr_line' id='line_1_11' title="bbox 46 1675 1146 1784; baseline 0.005 -33"><span class='ocrx_word' id='word_1_72' title='bbox 46 1713 81 1752; x_wconf 87' lang='lat'>10</span> <span class='ocrx_word' id='word_1_73' title='bbox 89 1685 404 1784; x_wconf 85' lang='grc' dir='ltr'>συκοφαντοῦντες</span> <span class='ocrx_word' id='word_1_74' title='bbox 422 1675 486 1756; x_wconf 84' lang='grc' dir='ltr'>τὸν</span> <span class='ocrx_word' id='word_1_75' title='bbox 503 1676 810 1780; x_wconf 79' lang='grc' dir='ltr'>κατηγορούμενον</span> <span class='ocrx_word' id='word_1_76' title='bbox 827 1679 1025 1758; x_wconf 88' lang='grc' dir='ltr'>ἐπίσκοπον</span> <span class='ocrx_word' id='word_1_77' title='bbox 1043 1681 1146 1781; x_wconf 84' lang='grc' dir='ltr'>ἐλεγ-</span> 
     </span>
     <span class='ocr_line' id='line_1_12' title="bbox 90 1801 1143 1911; baseline 0.002 -27"><span class='ocrx_word' id='word_1_78' title='bbox 90 1811 223 1909; x_wconf 82' lang='grc' dir='ltr'>χθεῐεν.</span> <span class='ocrx_word' id='word_1_79' title='bbox 254 1810 284 1883; x_wconf 79' lang='grc' dir='ltr'>εἰ</span> <span class='ocrx_word' id='word_1_80' title='bbox 303 1803 344 1884; x_wconf 83' lang='grc' dir='ltr'>δέ</span> <span class='ocrx_word' id='word_1_81' title='bbox 357 1837 411 1888; x_wconf 90' lang='grc' dir='ltr'>τις</span> <span class='ocrx_word' id='word_1_82' title='bbox 432 1801 711 1911; x_wconf 77' lang='grc' dir='ltr'>καταφρονήσας</span> <span class='ocrx_word' id='word_1_83' title='bbox 736 1811 809 1885; x_wconf 83' lang='grc' dir='ltr'>τῶν</span> <span class='ocrx_word' id='word_1_84' title='bbox 826 1803 918 1885; x_wconf 78' lang='grc' dir='ltr'>κατὰ</span> <span class='ocrx_word' id='word_1_85' title='bbox 941 1803 988 1884; x_wconf 77' lang='grc' dir='ltr'>τά</span> <span class='ocrx_word' id='word_1_86' title='bbox 1004 1811 1143 1909; x_wconf 88' lang='grc' dir='ltr'>προδη-</span> 
     </span>
     <span class='ocr_line' id='line_1_13' title="bbox 91 1929 1146 2040; baseline 0.003 -28"><span class='ocrx_word' id='word_1_87' title='bbox 91 1931 259 2012; x_wconf 85' lang='grc' dir='ltr'>λωθέντο</span> <span class='ocrx_word' id='word_1_88' title='bbox 272 1931 502 2034; x_wconf 74' lang='grc' dir='ltr'>δεδογμένων,</span> <span class='ocrx_word' id='word_1_89' title='bbox 516 1930 732 2031; x_wconf 82' lang='grc' dir='ltr'>τολμήσειεν</span> <span class='ocrx_word' id='word_1_90' title='bbox 745 1929 976 2030; x_wconf 75' lang='grc' dir='ltr'>ἢβασιλικᾶς</span> <span class='ocrx_word' id='word_1_91' title='bbox 987 1937 1146 2040; x_wconf 80' lang='grc' dir='ltr'>ἐνοχλεῖν</span> 
     </span>
     <span class='ocr_line' id='line_1_14' title="bbox 91 2056 1142 2164; baseline 0.003 -25"><span class='ocrx_word' id='word_1_92' title='bbox 91 2057 215 2157; x_wconf 77' lang='grc' dir='ltr'>ἀκοὰς,</span> <span class='ocrx_word' id='word_1_93' title='bbox 244 2056 267 2160; x_wconf 80' lang='grc' dir='ltr'>ἢ</span> <span class='ocrx_word' id='word_1_94' title='bbox 299 2066 481 2158; x_wconf 81' lang='grc' dir='ltr'>κοσμικῶν</span> <span class='ocrx_word' id='word_1_95' title='bbox 512 2057 698 2164; x_wconf 80' lang='grc' dir='ltr'>ἀρχόντων</span> <span class='ocrx_word' id='word_1_96' title='bbox 726 2058 948 2164; x_wconf 79' lang='grc' dir='ltr'>δικαστήρια,</span> <span class='ocrx_word' id='word_1_97' title='bbox 976 2059 1000 2162; x_wconf 83' lang='grc' dir='ltr'>ἢ</span> <span class='ocrx_word' id='word_1_98' title='bbox 1024 2069 1142 2142; x_wconf 79' lang='grc' dir='ltr'>οἰκου-</span> 
     </span>
     <span class='ocr_line' id='line_1_15' title="bbox 91 2184 1145 2292; baseline 0.008 -26"><span class='ocrx_word' id='word_1_99' title='bbox 91 2185 240 2286; x_wconf 72' lang='grc' dir='ltr'>μενυκὴν</span> <span class='ocrx_word' id='word_1_100' title='bbox 252 2185 406 2266; x_wconf 76' lang='grc' dir='ltr'>σύνοδον</span> <span class='ocrx_word' id='word_1_101' title='bbox 418 2184 627 2292; x_wconf 83' lang='grc' dir='ltr'>ταράσσειν,</span> <span class='ocrx_word' id='word_1_102' title='bbox 641 2185 780 2270; x_wconf 85' lang='grc' dir='ltr'>πάντας</span> <span class='ocrx_word' id='word_1_103' title='bbox 794 2186 973 2285; x_wconf 81' lang='grc' dir='ltr'>ἀτιμάσας</span> <span class='ocrx_word' id='word_1_104' title='bbox 986 2188 1069 2273; x_wconf 75' lang='grc' dir='ltr'>τοὺς</span> <span class='ocrx_word' id='word_1_105' title='bbox 1080 2195 1145 2290; x_wconf 75' lang='grc' dir='ltr'>τῆς</span> 
     </span>
     <span class='ocr_line' id='line_1_16' title="bbox 50 2313 1145 2436; baseline 0.005 -40"><span class='ocrx_word' id='word_1_106' title='bbox 50 2377 81 2436; x_wconf 83' lang='lat'>¹5</span> <span class='ocrx_word' id='word_1_107' title='bbox 92 2313 302 2415; x_wconf 79' lang='grc' dir='ltr'>διουκήσεως</span> <span class='ocrx_word' id='word_1_108' title='bbox 324 2314 553 2399; x_wconf 82' lang='grc' dir='ltr'>ἐπισκόπους·</span> <span class='ocrx_word' id='word_1_109' title='bbox 580 2313 645 2394; x_wconf 82' lang='grc' dir='ltr'>τὸν</span> <span class='ocrx_word' id='word_1_110' title='bbox 665 2315 886 2396; x_wconf 77' lang='grc' dir='ltr'>τοιοῦτοντὸ</span> <span class='ocrx_word' id='word_1_111' title='bbox 907 2315 1079 2420; x_wconf 85' lang='grc' dir='ltr'>παράπαν</span> <span class='ocrx_word' id='word_1_112' title='bbox 1097 2325 1145 2403; x_wconf 81' lang='grc' dir='ltr'>είς</span> 
     </span>
     <span class='ocr_line' id='line_1_17' title="bbox 92 2438 1144 2547; baseline 0.006 -25"><span class='ocrx_word' id='word_1_113' title='bbox 92 2442 311 2546; x_wconf 82' lang='grc' dir='ltr'>κατηγορίαν</span> <span class='ocrx_word' id='word_1_114' title='bbox 335 2440 385 2543; x_wconf 81' lang='grc' dir='ltr'>μὴ</span> <span class='ocrx_word' id='word_1_115' title='bbox 409 2438 496 2522; x_wconf 77' lang='grc' dir='ltr'>εἶναι</span> <span class='ocrx_word' id='word_1_116' title='bbox 520 2440 655 2540; x_wconf 79' lang='grc' dir='ltr'>δεκτόν,</span> <span class='ocrx_word' id='word_1_117' title='bbox 685 2446 734 2527; x_wconf 84' lang='grc' dir='ltr'>ὡς</span> <span class='ocrx_word' id='word_1_118' title='bbox 761 2446 1033 2547; x_wconf 86' lang='grc' dir='ltr'>καθυβρίσαντα</span> <span class='ocrx_word' id='word_1_119' title='bbox 1062 2441 1144 2528; x_wconf 73' lang='grc' dir='ltr'>τοὺς</span> 
     </span>
     <span class='ocr_line' id='line_1_18' title="bbox 92 2567 1142 2676; baseline 0.001 -29"><span class='ocrx_word' id='word_1_120' title='bbox 92 2567 257 2668; x_wconf 89' lang='grc' dir='ltr'>κανόνας,</span> <span class='ocrx_word' id='word_1_121' title='bbox 285 2574 343 2650; x_wconf 85' lang='grc' dir='ltr'>καὶ</span> <span class='ocrx_word' id='word_1_122' title='bbox 371 2568 437 2669; x_wconf 75' lang='grc' dir='ltr'>τὴν</span> <span class='ocrx_word' id='word_1_123' title='bbox 469 2568 774 2670; x_wconf 84' lang='grc' dir='ltr'>ἐκκλησιαστικὴν</span> <span class='ocrx_word' id='word_1_124' title='bbox 805 2569 1055 2676; x_wconf 79' lang='grc' dir='ltr'>λυμηνάμενον</span> <span class='ocrx_word' id='word_1_125' title='bbox 1082 2572 1142 2648; x_wconf 81' lang='grc' dir='ltr'>εό-</span> 
     </span>
     <span class='ocr_line' id='line_1_19' title="bbox 92 2695 233 2804; baseline 0 -29"><span class='ocrx_word' id='word_1_126' title='bbox 92 2695 233 2804; x_wconf 81' lang='grc' dir='ltr'>ταξίαν.</span> 
     </span>
     <span class='ocr_line' id='line_1_20' title="bbox 478 2827 762 2904; baseline 0.011 -3"><span class='ocrx_word' id='word_1_127' title='bbox 478 2827 683 2904; x_wconf 85' lang='grc' dir='ltr'>ΚΑΝΩΝ</span> <span class='ocrx_word' id='word_1_128' title='bbox 718 2830 762 2904; x_wconf 91' lang='grc' dir='ltr'>Ζ.</span> 
     </span>
    </p>
   </div>
   <div class='ocr_carea' id='block_1_3' title="bbox 49 2975 1144 3088">
    <p class='ocr_par' dir='ltr' id='par_1_3' title="bbox 49 2975 1144 3088">
     <span class='ocr_line' id='line_1_21' title="bbox 49 2975 1144 3088; baseline -0.004 -26"><span class='ocrx_word' id='word_1_129' title='bbox 49 3021 84 3062; x_wconf 87' lang='lat'>20</span> <span class='ocrx_word' id='word_1_130' title='bbox 154 2975 269 3088; x_wconf 79' lang='grc' dir='ltr'>[Τοὺς</span> <span class='ocrx_word' id='word_1_131' title='bbox 285 2976 585 3080; x_wconf 75' lang='grc' dir='ltr'>προστιθεμένους</span> <span class='ocrx_word' id='word_1_132' title='bbox 608 2978 865 3087; x_wconf 72' lang='grc' dir='ltr'>τῇόρθοδοξίᾳ</span> <span class='ocrx_word' id='word_1_133' title='bbox 887 2981 946 3058; x_wconf 79' lang='grc' dir='ltr'>καὶ</span> <span class='ocrx_word' id='word_1_134' title='bbox 966 2985 1012 3085; x_wconf 79' lang='grc' dir='ltr'>τῇ</span> <span class='ocrx_word' id='word_1_135' title='bbox 1030 2980 1144 3083; x_wconf 88' lang='grc' dir='ltr'>μερίδι</span> 
     </span>
    </p>
   </div>
   <div class='ocr_carea' id='block_1_4' title="bbox 93 3185 1145 4400">
    <p class='ocr_par' dir='ltr' id='par_1_4' title="bbox 93 3185 1145 4074">
     <span class='ocr_line' id='line_1_22' title="bbox 93 3185 1144 3270; baseline 0 -22"><span class='ocrx_word' id='word_1_136' title='bbox 93 3187 494 3270; x_wconf 80' lang='lat' dir='ltr'>criminaepiecopoobjecte.</span> <span class='ocrx_word' id='word_1_137' title='bbox 509 3185 598 3259; x_wconf 87' lang='lat' dir='ltr'>Quod</span> <span class='ocrx_word' id='word_1_138' title='bbox 640 3193 697 3263; x_wconf 81' lang='lat' dir='ltr'>eet)</span> <span class='ocrx_word' id='word_1_139' title='bbox 719 3188 836 3248; x_wconf 84' lang='lat' dir='ltr'>decreta</span> <span class='ocrx_word' id='word_1_140' title='bbox 852 3189 974 3248; x_wconf 86' lang='lat' dir='ltr'>fuerunt</span> <span class='ocrx_word' id='word_1_141' title='bbox 994 3201 1144 3269; x_wconf 86' lang='lat' dir='ltr'>contemp-</span> 
     </span>
     <span class='ocr_line' id='line_1_23' title="bbox 93 3268 1144 3351; baseline 0.002 -23"><span class='ocrx_word' id='word_1_142' title='bbox 93 3270 118 3328; x_wconf 83' lang='lat' dir='ltr'>si</span> <span class='ocrx_word' id='word_1_143' title='bbox 133 3271 274 3337; x_wconf 79' lang='lat' dir='ltr'>evenerit,</span> <span class='ocrx_word' id='word_1_144' title='bbox 286 3281 321 3328; x_wconf 92' lang='lat' dir='ltr'>ut</span> <span class='ocrx_word' id='word_1_145' title='bbox 335 3268 526 3349; x_wconf 81' lang='lat' dir='ltr'><strong>provinciales</strong></span> <span class='ocrx_word' id='word_1_146' title='bbox 536 3269 597 3347; x_wconf 91' lang='lat' dir='ltr'>epi·</span> <span class='ocrx_word' id='word_1_147' title='bbox 640 3271 687 3336; x_wconf 86' lang='lat' dir='ltr'>tis,</span> <span class='ocrx_word' id='word_1_148' title='bbox 702 3290 790 3330; x_wconf 79' lang='lat' dir='ltr'>cneus</span> <span class='ocrx_word' id='word_1_149' title='bbox 803 3270 894 3330; x_wconf 84' lang='lat' dir='ltr'>fuerit</span> <span class='ocrx_word' id='word_1_150' title='bbox 906 3269 951 3328; x_wconf 90' lang='lat' dir='ltr'>vel</span> <span class='ocrx_word' id='word_1_151' title='bbox 962 3270 1144 3351; x_wconf 79' lang='lat' dir='ltr'>imperatorio</span> 
     </span>
     <span class='ocr_line' id='line_1_24' title="bbox 94 3349 1143 3430; baseline 0 -20"><span class='ocrx_word' id='word_1_152' title='bbox 94 3352 175 3430; x_wconf 83' lang='lat' dir='ltr'>eoopi</span> <span class='ocrx_word' id='word_1_153' title='bbox 206 3351 335 3418; x_wconf 83' lang='lat' dir='ltr'>crimino,</span> <span class='ocrx_word' id='word_1_154' title='bbox 367 3369 432 3427; x_wconf 73' lang='lat' dir='ltr'>quie</span> <span class='ocrx_word' id='word_1_155' title='bbox 463 3349 599 3428; x_wconf 79' lang='lat' dir='ltr'>episcopo</span> <span class='ocrx_word' id='word_1_156' title='bbox 640 3371 724 3410; x_wconf 72' lang='lat' dir='ltr'>aures</span> <span class='ocrx_word' id='word_1_157' title='bbox 738 3351 871 3411; x_wconf 75' lang='lat' dir='ltr'>molestia</span> <span class='ocrx_word' id='word_1_158' title='bbox 889 3351 1010 3420; x_wconf 88' lang='lat' dir='ltr'>efficere,</span> <span class='ocrx_word' id='word_1_159' title='bbox 1026 3353 1072 3412; x_wconf 84' lang='lat' dir='ltr'>vel</span> <span class='ocrx_word' id='word_1_160' title='bbox 1091 3372 1143 3411; x_wconf 78' lang='lat' dir='ltr'>sce·</span> 
     </span>
     <span class='ocr_line' id='line_1_25' title="bbox 94 3429 1143 3512; baseline 0 -22"><span class='ocrx_word' id='word_1_161' title='bbox 94 3432 240 3490; x_wconf 77' lang='lat' dir='ltr'>intentata</span> <span class='ocrx_word' id='word_1_162' title='bbox 263 3442 342 3500; x_wconf 82' lang='lat' dir='ltr'>eunt,</span> <span class='ocrx_word' id='word_1_163' title='bbox 370 3429 512 3508; x_wconf 79' lang='lat' dir='ltr'>corrigere</span> <span class='ocrx_word' id='word_1_164' title='bbox 540 3450 598 3488; x_wconf 89' lang='lat' dir='ltr'>non</span> <span class='ocrx_word' id='word_1_165' title='bbox 640 3431 781 3492; x_wconf 80' lang='lat' dir='ltr'>cularium</span> <span class='ocrx_word' id='word_1_166' title='bbox 819 3433 984 3512; x_wconf 86' lang='lat' dir='ltr'>principum</span> <span class='ocrx_word' id='word_1_167' title='bbox 1023 3433 1143 3511; x_wconf 85' lang='lat' dir='ltr'>judicio,</span> 
     </span>
     <span class='ocr_line' id='line_1_26' title="bbox 94 3511 1144 3594; baseline 0 -23"><span class='ocrx_word' id='word_1_168' title='bbox 94 3512 227 3592; x_wconf 58' lang='lat' dir='ltr'>poseium</span> <span class='ocrx_word' id='word_1_169' title='bbox 259 3523 331 3570; x_wconf 89' lang='lat' dir='ltr'>tunc</span> <span class='ocrx_word' id='word_1_170' title='bbox 357 3511 436 3591; x_wconf 76' lang='lat' dir='ltr'>ipone</span> <span class='ocrx_word' id='word_1_171' title='bbox 463 3511 599 3570; x_wconf 81' lang='lat' dir='ltr'>accedere</span> <span class='ocrx_word' id='word_1_172' title='bbox 639 3513 685 3572; x_wconf 84' lang='lat' dir='ltr'>vel</span> <span class='ocrx_word' id='word_1_173' title='bbox 700 3514 893 3572; x_wconf 72' lang='lat' dir='ltr'>universalem</span> <span class='ocrx_word' id='word_1_174' title='bbox 913 3515 1056 3594; x_wconf 81' lang='lat' dir='ltr'><strong>synodum</strong></span> <span class='ocrx_word' id='word_1_175' title='bbox 1077 3533 1144 3594; x_wconf 87' lang='lat' dir='ltr'>per.</span> 
     </span>
     <span class='ocr_line' id='line_1_27' title="bbox 94 3589 1144 3673; baseline 0.001 -23"><span class='ocrx_word' id='word_1_176' title='bbox 94 3593 131 3652; x_wconf 82' lang='lat' dir='ltr'>ed</span> <span class='ocrx_word' id='word_1_177' title='bbox 152 3593 290 3670; x_wconf 78' lang='lat' dir='ltr'>majorem</span> <span class='ocrx_word' id='word_1_178' title='bbox 311 3589 453 3671; x_wconf 81' lang='lat' dir='ltr'><strong>synodum</strong></span> <span class='ocrx_word' id='word_1_179' title='bbox 469 3591 600 3649; x_wconf 78' lang='lat' dir='ltr'>dioecesis</span> <span class='ocrx_word' id='word_1_180' title='bbox 639 3595 766 3662; x_wconf 82' lang='lat' dir='ltr'>turbere.</span> <span class='ocrx_word' id='word_1_181' title='bbox 782 3594 922 3673; x_wconf 80' lang='lat' dir='ltr'>neglectis</span> <span class='ocrx_word' id='word_1_182' title='bbox 936 3595 1068 3654; x_wconf 87' lang='lat' dir='ltr'>dioecesis</span> <span class='ocrx_word' id='word_1_183' title='bbox 1082 3594 1144 3673; x_wconf 90' lang='lat' dir='ltr'>epi.</span> 
     </span>
     <span class='ocr_line' id='line_1_28' title="bbox 95 3672 1145 3754; baseline 0.004 -24"><span class='ocrx_word' id='word_1_184' title='bbox 95 3673 176 3732; x_wconf 81' lang='lat' dir='ltr'>illius</span> <span class='ocrx_word' id='word_1_185' title='bbox 207 3673 419 3752; x_wconf 75' lang='lat' dir='ltr'>episcoporum,</span> <span class='ocrx_word' id='word_1_186' title='bbox 459 3692 511 3752; x_wconf 85' lang='lat' dir='ltr'>pro</span> <span class='ocrx_word' id='word_1_187' title='bbox 546 3672 600 3729; x_wconf 80' lang='lat' dir='ltr'>hac</span> <span class='ocrx_word' id='word_1_188' title='bbox 639 3676 752 3754; x_wconf 80' lang='lat' dir='ltr'>scopie;</span> <span class='ocrx_word' id='word_1_189' title='bbox 778 3696 845 3735; x_wconf 89' lang='lat' dir='ltr'>eum</span> <span class='ocrx_word' id='word_1_190' title='bbox 865 3675 948 3733; x_wconf 84' lang='lat' dir='ltr'>nullo</span> <span class='ocrx_word' id='word_1_191' title='bbox 971 3674 1058 3735; x_wconf 93' lang='lat' dir='ltr'>modo</span> <span class='ocrx_word' id='word_1_192' title='bbox 1082 3695 1145 3734; x_wconf 77' lang='lat' dir='ltr'>esse</span> 
     </span>
     <span class='ocr_line' id='line_1_29' title="bbox 95 3756 1143 3826; baseline 0.002 -14"><span class='ocrx_word' id='word_1_193' title='bbox 95 3773 182 3812; x_wconf 81' lang='lat' dir='ltr'>censa</span> <span class='ocrx_word' id='word_1_194' title='bbox 202 3765 444 3824; x_wconf 66' lang='lat' dir='ltr'>convocatorum</span> <span class='ocrx_word' id='word_1_195' title='bbox 467 3763 498 3812; x_wconf 94' lang='lat' dir='ltr'>et</span> <span class='ocrx_word' id='word_1_196' title='bbox 518 3771 600 3810; x_wconf 81' lang='lat' dir='ltr'>necu-</span> <span class='ocrx_word' id='word_1_197' title='bbox 640 3757 675 3814; x_wconf 84' lang='lat' dir='ltr'>ad</span> <span class='ocrx_word' id='word_1_198' title='bbox 687 3757 899 3816; x_wconf 80' lang='lat' dir='ltr'>accusationem</span> <span class='ocrx_word' id='word_1_199' title='bbox 910 3756 1143 3826; x_wconf 66' lang='lat' dir='ltr'>admittendum</span> 
     </span>
     <span class='ocr_line' id='line_1_30' title="bbox 96 3833 1143 3916; baseline 0.003 -23"><span class='ocrx_word' id='word_1_200' title='bbox 96 3835 237 3893; x_wconf 78' lang='lat' dir='ltr'>sotionem</span> <span class='ocrx_word' id='word_1_201' title='bbox 256 3855 315 3894; x_wconf 91' lang='lat' dir='ltr'>non</span> <span class='ocrx_word' id='word_1_202' title='bbox 336 3835 418 3914; x_wconf 84' lang='lat' dir='ltr'>prius</span> <span class='ocrx_word' id='word_1_203' title='bbox 437 3833 598 3900; x_wconf 83' lang='lat' dir='ltr'>intendere.</span> <span class='ocrx_word' id='word_1_204' title='bbox 641 3848 675 3896; x_wconf 90' lang='lat' dir='ltr'>ut</span> <span class='ocrx_word' id='word_1_205' title='bbox 686 3838 736 3916; x_wconf 91' lang='lat' dir='ltr'>qui</span> <span class='ocrx_word' id='word_1_206' title='bbox 748 3837 906 3897; x_wconf 77' lang='lat' dir='ltr'>canonibus</span> <span class='ocrx_word' id='word_1_207' title='bbox 920 3838 1055 3916; x_wconf 81' lang='lat' dir='ltr'>injuriam</span> <span class='ocrx_word' id='word_1_208' title='bbox 1068 3838 1143 3896; x_wconf 82' lang='lat' dir='ltr'>fece·</span> 
     </span>
     <span class='ocr_line' id='line_1_31' title="bbox 95 3913 1143 3996; baseline 0.002 -22"><span class='ocrx_word' id='word_1_209' title='bbox 95 3935 182 3994; x_wconf 78' lang='lat' dir='ltr'>qnam</span> <span class='ocrx_word' id='word_1_210' title='bbox 208 3915 238 3974; x_wconf 95' lang='lat' dir='ltr'>in</span> <span class='ocrx_word' id='word_1_211' title='bbox 259 3915 375 3996; x_wconf 76' lang='lat' dir='ltr'>scriptis</span> <span class='ocrx_word' id='word_1_212' title='bbox 395 3913 505 3992; x_wconf 81' lang='lat' dir='ltr'>oequule</span> <span class='ocrx_word' id='word_1_213' title='bbox 523 3914 600 3992; x_wconf 87' lang='lat' dir='ltr'>peri·</span> <span class='ocrx_word' id='word_1_214' title='bbox 640 3919 689 3988; x_wconf 84' lang='lat' dir='ltr'>rit,</span> <span class='ocrx_word' id='word_1_215' title='bbox 711 3930 741 3978; x_wconf 86' lang='lat' dir='ltr'>et</span> <span class='ocrx_word' id='word_1_216' title='bbox 761 3918 988 3979; x_wconf 81' lang='lat' dir='ltr'>ecclesiasticum</span> <span class='ocrx_word' id='word_1_217' title='bbox 1012 3918 1143 3978; x_wconf 87' lang='lat' dir='ltr'>ordinem</span> 
     </span>
     <span class='ocr_line' id='line_1_32' title="bbox 96 3995 789 4074; baseline 0.009 -20"><span class='ocrx_word' id='word_1_218' title='bbox 96 3995 193 4055; x_wconf 89' lang='lat' dir='ltr'>culum</span> <span class='ocrx_word' id='word_1_219' title='bbox 212 3997 266 4056; x_wconf 82' lang='lat' dir='ltr'>eibi</span> <span class='ocrx_word' id='word_1_220' title='bbox 285 4007 424 4063; x_wconf 74' lang='lat' dir='ltr'>statuent,</span> <span class='ocrx_word' id='word_1_221' title='bbox 440 3997 463 4055; x_wconf 82' lang='lat' dir='ltr'>si</span> <span class='ocrx_word' id='word_1_222' title='bbox 482 3995 598 4074; x_wconf 86' lang='lat' dir='ltr'>quidem</span> <span class='ocrx_word' id='word_1_223' title='bbox 640 4001 789 4060; x_wconf 86' lang='lat' dir='ltr'>everterit.</span> 
     </span>
    </p>

    <p class='ocr_par' dir='ltr' id='par_1_5' title="bbox 97 4077 598 4137">
     <span class='ocr_line' id='line_1_33' title="bbox 97 4077 598 4137; baseline 0 -3"><span class='ocrx_word' id='word_1_224' title='bbox 97 4077 127 4135; x_wconf 90' lang='lat' dir='ltr'>in</span> <span class='ocrx_word' id='word_1_225' title='bbox 148 4079 235 4137; x_wconf 80' lang='lat' dir='ltr'>rebus</span> <span class='ocrx_word' id='word_1_226' title='bbox 258 4077 457 4136; x_wconf 79' lang='lat' dir='ltr'>examinandis</span> <span class='ocrx_word' id='word_1_227' title='bbox 485 4097 598 4135; x_wconf 81' lang='lat' dir='ltr'>accusa·</span> 
     </span>
    </p>

    <p class='ocr_par' dir='ltr' id='par_1_6' title="bbox 96 4129 1144 4400">
     <span class='ocr_line' id='line_1_34' title="bbox 96 4129 1015 4239; baseline -0.001 -23"><span class='ocrx_word' id='word_1_228' title='bbox 96 4167 159 4217; x_wconf 88' lang='lat' dir='ltr'>tum</span> <span class='ocrx_word' id='word_1_229' title='bbox 172 4159 338 4239; x_wconf 77' lang='lat' dir='ltr'>episcopum</span> <span class='ocrx_word' id='word_1_230' title='bbox 350 4158 519 4217; x_wconf 78' lang='lat' dir='ltr'>calumniari</span> <span class='ocrx_word' id='word_1_231' title='bbox 531 4177 600 4216; x_wconf 89' lang='lat' dir='ltr'>con·</span> <span class='ocrx_word' id='word_1_232' title='bbox 767 4129 920 4189; x_wconf 65' lang='lat' dir='ltr'>CANON</span> <span class='ocrx_word' id='word_1_233' title='bbox 941 4129 1015 4189; x_wconf 76' lang='lat' dir='ltr'>VH·</span> 
     </span>
     <span class='ocr_line' id='line_1_35' title="bbox 97 4234 1143 4316; baseline -0.002 -21"><span class='ocrx_word' id='word_1_234' title='bbox 97 4239 166 4299; x_wconf 83' lang='lat' dir='ltr'>victi</span> <span class='ocrx_word' id='word_1_235' title='bbox 189 4239 309 4299; x_wconf 82' lang='lat' dir='ltr'>fuerint.</span> <span class='ocrx_word' id='word_1_236' title='bbox 352 4239 385 4296; x_wconf 82' lang='lat' dir='ltr'>Si</span> <span class='ocrx_word' id='word_1_237' title='bbox 410 4239 476 4316; x_wconf 85' lang='lat' dir='ltr'>quis</span> <span class='ocrx_word' id='word_1_238' title='bbox 500 4248 597 4297; x_wconf 83' lang='lat' dir='ltr'>eutem</span> <span class='ocrx_word' id='word_1_239' title='bbox 681 4235 743 4294; x_wconf 81' lang='lat' dir='ltr'>Eos</span> <span class='ocrx_word' id='word_1_240' title='bbox 756 4234 807 4313; x_wconf 89' lang='lat' dir='ltr'>qui</span> <span class='ocrx_word' id='word_1_241' title='bbox 820 4246 906 4294; x_wconf 84' lang='lat' dir='ltr'>reetae</span> <span class='ocrx_word' id='word_1_242' title='bbox 921 4235 987 4294; x_wconf 85' lang='lat' dir='ltr'>fidei</span> <span class='ocrx_word' id='word_1_243' title='bbox 998 4256 1029 4295; x_wconf 79' lang='lat' dir='ltr'>se</span> <span class='ocrx_word' id='word_1_244' title='bbox 1040 4235 1143 4313; x_wconf 83' lang='lat' dir='ltr'>adjun-</span> 
     </span>
     <span class='ocr_line' id='line_1_36' title="bbox 97 4317 1144 4400; baseline -0.002 -23"><span class='ocrx_word' id='word_1_245' title='bbox 97 4321 141 4390; x_wconf 72' lang='lat' dir='ltr'>iis,</span> <span class='ocrx_word' id='word_1_246' title='bbox 163 4340 229 4399; x_wconf 75' lang='grc' dir='ltr'>ηοω</span> <span class='ocrx_word' id='word_1_247' title='bbox 248 4326 294 4392; x_wconf 88' lang='lat' dir='ltr'>(ut</span> <span class='ocrx_word' id='word_1_248' title='bbox 317 4319 397 4400; x_wconf 88' lang='lat' dir='ltr'>prius</span> <span class='ocrx_word' id='word_1_249' title='bbox 421 4319 597 4379; x_wconf 78' lang='lat' dir='ltr'>declaratum</span> <span class='ocrx_word' id='word_1_250' title='bbox 638 4327 723 4396; x_wconf 79' lang='lat' dir='ltr'>gunt,</span> <span class='ocrx_word' id='word_1_251' title='bbox 748 4326 779 4375; x_wconf 89' lang='lat' dir='ltr'>et</span> <span class='ocrx_word' id='word_1_252' title='bbox 804 4317 880 4395; x_wconf 82' lang='lat' dir='ltr'>parti</span> <span class='ocrx_word' id='word_1_253' title='bbox 908 4337 1007 4376; x_wconf 87' lang='lat' dir='ltr'>eorum</span> <span class='ocrx_word' id='word_1_254' title='bbox 1035 4319 1144 4395; x_wconf 86' lang='lat' dir='ltr'>quiex</span> 
     </span>
    </p>
   </div>
   <div class='ocr_carea' id='block_1_5' title="bbox 677 4421 781 4485">
    <p class='ocr_par' dir='ltr' id='par_1_7' title="bbox 677 4421 781 4485">
     <span class='ocr_line' id='line_1_37' title="bbox 677 4421 781 4485; baseline 0 0"><span class='ocrx_word' id='word_1_255' title='bbox 677 4421 781 4485; x_wconf 68' lang='lat'>322</span> 
     </span>
    </p>
   </div>
   <div class='ocr_carea' id='block_1_6' title="bbox 0 0 1443 4817">
    <p class='ocr_par' dir='ltr' id='par_1_8' title="bbox 0 0 1443 4817">
     <span class='ocr_line' id='line_1_38' title="bbox 0 0 1443 4817; baseline 0 0"><span class='ocrx_word' id='word_1_256' title='bbox 0 0 1443 4817; x_wconf 95' lang='lat' dir='ltr'> </span> 
     </span>
    </p>
   </div>
  </div>
 </body>
</html>
