2867 4817
514 332 745 400 EPITOME.
1092 336 1158 405 827

114 518 160 581 ut
191 511 324 582 bonum
354 511 430 583 sino
459 510 553 583 rnalo
581 534 658 583 esse
688 534 760 584 non
789 512 909 606 possit.
956 508 1061 585 Vidit
1088 512 1156 585 hoa

116 627 342 722 Chrysippus,
368 627 421 698 vir
445 628 533 699 auris
555 629 696 722 ingenii,
727 630 773 700 de
798 628 1023 701 Providentia
1049 631 1156 701 disse-

114 766 207 827 rens,
225 767 354 837 eosque
379 744 537 815 stultitiae
560 746 749 839 redarguit,
772 746 833 838 qui
856 746 990 817 bonum
1012 748 1154 840 quidem

115 882 139 931 a
157 859 236 931 Deo
252 860 385 932 facturn
401 870 539 953 putant,
556 860 689 932 malurn
711 868 833 930 autem
852 868 993 954 negant.
1037 859 1155 953 Hujus

115 978 330 1048 sententiam
359 978 608 1072 interpretatus
633 986 687 1049 est
712 976 876 1072 Agellius
903 978 941 1046 in
969 975 1066 1048 libris
1092 1002 1155 1048 no-

115 1094 229 1163 ctium
258 1092 471 1176 Atticarum,
494 1094 578 1182 (VI.
598 1097 646 1189 1.)
672 1094 723 1165 sio
751 1094 892 1165 dicens:
929 1090 1059 1183 Quibus
1084 1117 1154 1167 non

114 1207 252 1281 videtur
284 1210 432 1281 mundae
463 1208 536 1282 Dei
563 1220 595 1282 et
627 1208 803 1281 lominum
836 1231 940 1281 causa
968 1209 1153 1293 institutus,

115 1350 223 1421 neque
263 1351 319 1398 res
358 1326 517 1400 humanae
554 1327 777 1424 providentio
815 1326 1012 1424 nabataei,
1051 1326 1154 1426 yrooi

114 1466 153 1515 se
176 1454 375 1541 aryumeato
403 1446 454 1516 ati
476 1454 611 1541 potunt,
638 1453 713 1517 oum
743 1446 794 1517 ito
823 1444 963 1517 dieunt.-
996 1444 1042 1519 Si
1070 1455 1155 1517 eard

109 1560 342 1656 providentio,
372 1560 468 1633 nulla
494 1571 601 1633 essent
627 1560 727 1633 molo.
788 1559 893 1633 Nihil
919 1563 1010 1633 enim
1038 1564 1154 1635 minua

115 1676 216 1748 uiuat
245 1676 469 1772 providentia
503 1702 696 1777 coemere,
730 1700 832 1773 quom
872 1678 911 1749 ia
943 1702 983 1749 eo
1015 1677 1151 1761 mando,

114 1816 215 1889 qaam
243 1804 389 1890 propter
416 1793 568 1868 homines
587 1795 718 1892 seciae
746 1795 1050 1879 dicotar,'tontom
1082 1796 1152 1867 υὲηι

114 1933 187 1982 esse
215 1934 448 1983 arumnorum
482 1911 721 1985 etmalorum.
770 1910 834 1983 Ad
866 1936 907 1984 eo
937 1910 1152 2008 &lysippus

114 2050 193 2098 oum
209 2027 248 2097 ia
269 2025 356 2100 libro
373 2027 447 2123 περὶ
465 2029 618 2125 προνοίας
640 2038 761 2125 quarto
784 2029 986 2101 duruerat:
1014 2014 1151 2100 “Nihil

113 2152 136 2183 “
152 2168 300 2237 prorsus,
327 2146 449 2241 inquit,
474 2148 549 2217 istis
573 2147 748 2227 insulsius,
765 2148 825 2239 qui
849 2146 1036 2239 opinantur
1057 2146 1151 2218 bona

114 2268 136 2300 “
153 2283 229 2331 esse
253 2262 419 2354 potuisse,
445 2264 472 2333 si
498 2286 567 2333 non
593 2272 711 2334 essent
739 2262 871 2333 ibidem
899 2262 1020 2371 mala..
1053 2262 1150 2334 Nam

113 2384 137 2417 “
155 2400 236 2448 oum
265 2379 359 2450 bona
387 2379 489 2449 malis
518 2381 691 2450 contraria
720 2382 801 2461 sint,
830 2388 979 2473 utraque
1009 2402 1150 2451 neeesse

114 2502 136 2535 ‘⁴
154 2504 208 2565 est
233 2498 394 2590 opposita
418 2518 493 2567 esse
519 2496 611 2567 inter
635 2518 682 2579 se,
701 2506 738 2567 et
761 2499 858 2590 quasi
880 2506 1005 2567 mutuo
1029 2496 1151 2567 adver-

114 2620 136 2651 “
154 2634 261 2703 soque
277 2610 369 2682 fulta
383 2614 463 2682 nisu
479 2612 678 2684 consistere.
731 2614 882 2684 Nullum
905 2613 993 2684 adeo
1015 2599 1168 2683 contra

114 2728 244 2797 “rium
267 2729 418 2798 estsine
441 2730 613 2799 contrario
640 2728 762 2801 altero.
814 2730 894 2815 Quo
923 2732 1018 2801 enim
1047 2738 1151 2822 paoto

114 2854 136 2884 ‘⁴
147 2845 295 2937 justitiae
325 2868 446 2916 sensus
480 2868 557 2916 asso
586 2857 713 2939 posset,
743 2848 810 2919 nisi
839 2857 956 2918 essent
988 2847 1150 2938 injuriae?

114 2970 136 3001 “
153 2972 215 3032 aut
245 2962 330 3054 quid
359 2962 454 3032 aliud
478 2963 618 3053 justitia
647 2972 711 3046 est,
741 2986 846 3055 quam
875 2962 1054 3056 injustitia
1081 2962 1147 3054 pn'·

114 3086 136 3117 ‘⁴
154 3077 273 3147 vatio?
306 3077 400 3161 Quid
426 3080 514 3149 item
539 3079 717 3163 fortitudo,
743 3103 816 3150 non
844 3078 994 3171 intelligi
1022 3084 1151 3170 potest,

114 3202 136 3232 “
153 3194 220 3263 nisi
254 3216 299 3264 ex
315 3218 316 3225 ¹
333 3196 479 3289 ignaviae
513 3194 753 3288 adpositione;
801 3192 884 3285 quid
925 3192 1150 3273 continentia,

114 3309 282 3381 “nisiex
300 3312 587 3404 intemperantia.
638 3311 719 3395 Quo
739 3310 825 3380 item
843 3308 949 3379 modo
965 3306 1152 3400 prudentia

115 3434 136 3465 “
153 3435 256 3509 esset,
289 3428 355 3497 nisi
383 3428 473 3497 foret
498 3428 671 3499 contraria
698 3424 957 3519 imprudentia?
988 3421 1151 3504 Proinde,

114 3550 136 3581 “
154 3540 277 3635 inquit,
304 3541 464 3613 homines
493 3543 592 3614 stulti
627 3567 690 3614 our
718 3564 790 3613 non
823 3541 891 3612 hoo
920 3540 1029 3610 etiam
1062 3538 1152 3609 desi-

114 3664 136 3695 “
153 3656 287 3741 derant,
317 3666 358 3729 ut
392 3660 520 3730 veritas
553 3658 607 3742 sit,
645 3673 680 3730 et
712 3682 782 3729 non
818 3659 864 3729 sit
905 3653 1151 3726 mendacium?

114 3781 135 3812 “
155 3772 320 3866 Namque
336 3776 460 3845 itidem
478 3785 559 3846 sunt
576 3776 668 3846 bona
685 3785 723 3846 et
744 3773 848 3859 mala,
864 3773 1013 3844 felicitas
1030 3780 1067 3843 et
1086 3773 1153 3843 irn-

114 3895 137 3929 “
153 3892 360 3982 portunitas,
386 3890 547 3985 voluptas
572 3898 609 3961 et
634 3891 744 3963 dolor.
794 3890 962 3962 Alterum
985 3890 1079 3959 enim
1103 3911 1151 3959 ex

114 4014 135 4045 “
152 4005 276 4091 altero,
293 4008 386 4078 siout
403 4007 506 4078 Plato
523 4009 583 4091 ait,
602 4007 791 4078 verticibus
806 4008 900 4078 inter
915 4028 954 4077 se
970 4006 1152 4079 contrariis

114 4128 135 4161 ‘⁴
152 4120 367 4216 deligatum
393 4124 421 4193 si
438 4122 561 4195 tuleris
585 4145 707 4206 unum,
726 4122 911 4194 abstuleris
934 4124 1152 4214 utrumque.”

115 4237 227 4310 Vides
253 4260 336 4333 argo
364 4240 410 4324 id,
439 4239 532 4333 quod
559 4262 662 4335 sapei
679 4241 763 4323 dixi,
791 4240 923 4312 bonum
951 4250 990 4312 et
1017 4239 1152 4311 malum
