2867 4817
288 274 333 337 34
454 270 675 337 DIONYSII
699 271 881 337 EXIGUI
905 270 1178 335 PRAEEATIO.

290 451 375 501 textu
397 439 465 499 fidei
486 439 636 520 perfidiam
657 441 805 500 insinnare
825 460 885 498 non
905 438 1023 507 desinit,
1042 449 1073 499 et
1092 439 1194 498 furore
1213 436 1341 497 Judaieo

290 538 399 621 puriter
409 549 439 597 et
453 557 550 597 errore
561 535 803 616 tranquillitatem
816 537 965 596 catholice
978 535 1106 596 ecclesie
1119 545 1184 594 toto
1197 545 1342 594 terrarum

290 638 360 696 orbe
374 635 487 694 diffuse
505 635 624 694 turbare
642 634 802 694 contendit.
844 636 883 693 Et
904 633 974 693 licet
987 633 1099 713 optime
1114 633 1245 691 noverim
1262 631 1344 710 quod

290 743 435 815 precepta
454 731 581 791 salubria
598 730 769 811 nequissimi
790 731 923 790 homines
943 729 1090 790 hostiliter
1111 729 1239 789 audeant
1263 727 1344 807 (sor.

291 828 422 901 adeant),
434 847 544 906 suaque
553 826 718 907 dependere
727 827 846 887 consilis
856 848 945 908 prava
954 827 1131 906 persistant;
1145 836 1244 885 tamen
1255 826 1345 884 omit·

291 924 381 986 tenda
391 945 451 984 non
465 934 509 983 est
521 921 703 1001 quantalibet
715 923 880 992 instructio,
894 934 1014 1003 propter
1027 923 1138 1001 eosqui
1152 943 1212 981 non
1222 932 1346 982 conten-

290 1022 380 1082 tionis
390 1039 496 1091 amore,
507 1019 557 1080 sed
566 1019 691 1098 quadam
700 1020 886 1101 simplicitate
894 1019 1049 1087 falluntur,
1058 1019 1127 1098 quie
1134 1038 1210 1098 sepe
1219 1017 1347 1096 contigit

290 1129 326 1177 nt
334 1116 500 1197 adspirante
509 1116 575 1175 Deo
584 1115 700 1175 veritati
709 1115 895 1176 eommodent
902 1114 1044 1186 studium,
1048 1115 1101 1192 qui
1110 1113 1263 1175 mendacio
1269 1134 1347 1194 prur-

291 1216 381 1274 buere
396 1233 578 1273 consensum.
608 1213 767 1273 Memorati
778 1233 847 1292 ergo
860 1213 938 1272 beati
953 1212 1058 1292 Cyrilli
1071 1213 1179 1292 scripta
1191 1211 1348 1293 presentia

292 1311 426 1371 eumdem
445 1310 619 1370 Nestorium
639 1321 834 1378 commonent,
849 1320 883 1368 ut
905 1309 1089 1388 unigenitum
1103 1309 1164 1369 Dei
1182 1307 1294 1367 Filium
1307 1306 1347 1366 de

294 1407 383 1468 Patre
405 1418 507 1467 netum
527 1418 596 1466 ante
616 1406 713 1467 omnia
734 1406 849 1476 secula
870 1406 1069 1485 ejusdemque,
1084 1406 1168 1484 cnjus
1181 1417 1226 1466 est
1245 1406 1346 1476 Pater,

294 1505 435 1574 msentioe,
447 1505 497 1582 qui
508 1515 628 1585 propter
638 1516 767 1564 nostram
778 1504 902 1563 salutem
913 1503 1073 1573 descendit,
1082 1515 1113 1563 et
1124 1504 1291 1563 incarnatus
1300 1513 1348 1562 est

295 1602 332 1662 de
343 1602 454 1682 Spiritu
464 1613 575 1671 saneto,
586 1621 623 1660 ex
636 1599 733 1660 Maria
746 1602 869 1680 virgine,
884 1621 942 1659 non
953 1600 1061 1660 audeat
1070 1601 1103 1660 in
1111 1599 1185 1660 duos
1196 1599 1346 1668 dividere3

295 1721 349 1760 nec
365 1699 451 1760 solita
471 1699 630 1759 calliditate
643 1699 879 1777 conjunctionem
893 1699 1038 1778 quandam
1056 1710 1088 1759 et
1103 1699 1272 1759 societatem
1288 1698 1351 1758 Dei

297 1811 327 1858 et
344 1797 471 1857 hominis
488 1796 657 1856 adseverare
671 1797 802 1855 nitatur:
824 1817 890 1877 que
903 1797 1044 1856 vocabula
1056 1795 1138 1856 nulla
1158 1795 1237 1876 (for.
1251 1795 1349 1855 nnlla-

295 1905 395 1971 tenua)
415 1895 569 1972 utriusque
589 1904 701 1953 nature
721 1893 942 1974 inseparabilem
956 1894 1110 1963 unitatem.
1124 1915 1179 1955 nec
1192 1892 1349 1973 singulari-

296 2004 387 2054 tatem
407 2011 547 2072 persone,
566 1990 613 2050 vel
634 2001 712 2050 certe
734 1990 930 2050 subsistentioe
951 1991 1022 2050 Filii
1043 1991 1111 2060 Dei,
1126 1991 1163 2051 ab
1179 2011 1215 2050 eo
1234 1990 1351 2070 prolata

296 2089 472 2169 significant,
486 2087 537 2147 aed
546 2086 605 2146 duo
615 2086 757 2166 quedam,
767 2087 814 2147 vel
825 2086 909 2167 plura
917 2089 1026 2169 potius.
1036 2089 1153 2149 subhac
1163 2089 1287 2148 istorum
1297 2107 1352 2146 no·

296 2187 409 2245 minum
418 2184 567 2245 occasione
576 2184 790 2258 demonstrant3
803 2183 1030 2265 sceleratamque
1039 2185 1287 2256 divisionem,tam
1295 2204 1350 2244 ne·

296 2283 363 2343 farii
377 2281 520 2362 dogmatis
541 2281 683 2350 conditor,
698 2301 786 2359 quam
803 2281 868 2360 ejus
888 2283 1052 2362 impiissimi
1070 2293 1237 2352 sectatores,
1251 2281 1351 2361 digni.

298 2389 360 2439 tate
373 2377 497 2458 quadum
512 2389 542 2437 et
564 2379 748 2448 auctoritate,
762 2398 876 2437 necnon
889 2388 921 2437 et
940 2378 1092 2450 relatione,
1106 2380 1184 2439 sicut
1201 2379 1258 2459 ipsi
1272 2378 1351 2440 desi·

299 2475 396 2557 piunt,
410 2486 582 2535 connectere
599 2474 772 2535 moliuntur.
816 2474 875 2534 Sed
890 2474 952 2552 jam
972 2475 1077 2535 melius
1098 2476 1155 2536 ista
1177 2496 1255 2557 steps
1277 2475 1352 2536 dicti

300 2573 391 2655 patris
396 2571 560 2633 adsertione
571 2571 746 2653 pendantur.
757 2569 1352 2652 Beatitudinia(for.Beatitudini)veatre

299 2670 448 2732 catholice
461 2689 560 2749 pacem
575 2669 773 2748 redintegrare
786 2668 941 2748 propitius,
956 2689 1067 2748 nosque
1080 2669 1112 2729 in
1130 2669 1267 2729 membris
1285 2669 1353 2747 ejus

300 2768 404 2829 vestris
418 2769 551 2847 precibus
565 2766 722 2837 custodire,
736 2766 874 2845 dignetur
889 2765 969 2845 (for.
983 2767 1067 2827 Deus
1079 2766 1243 2846 dignetur).

739 3006 907 3051 Exrtlctr.
