2867 4817
276 303 345 371 168
532 300 603 367 EX
626 297 838 365 mLchl
862 293 1071 361 ABBATlS

277 480 421 551 noviter
459 476 717 549 sanctificatum
757 480 904 567 propter
943 468 1191 541 necessitatem
1234 463 1335 535 infir-

281 614 432 676 morum,
449 616 496 667 ne
512 591 588 664 sine
604 591 734 663 viutioo
751 596 882 659 exeunt
898 586 1028 659 dehoc
1045 582 1176 655 seculo.
1211 580 1335 651 Chris-

279 720 342 781 tus
358 710 464 781 lesus
487 705 526 779 in
552 707 611 779 die
634 728 709 778 suae
733 712 866 777 senctae
893 724 1000 775 caenae
1020 702 1158 793 occepit
1178 720 1331 791 panem:

279 826 475 909 benedixit,
504 847 548 896 oc
576 822 705 917 fregit:
740 820 839 891 dedit
868 816 1048 911 discipulis
1077 816 1149 889 suis
1183 813 1333 895 dioens3

282 931 460 1034 Accipite,
476 949 514 1012 ct
529 936 731 1011 comedite:
761 932 843 1006 Hoc
861 944 915 1006 est
937 936 1034 1005 enim
1051 954 1176 1025 corpus
1193 952 1356 1009 meums

282 1057 457 1130 Similiter
480 1064 518 1129 et
542 1055 689 1126 culicem
713 1052 890 1145 accipiens
911 1051 1042 1145 gratias
1065 1049 1148 1143 egit,
1169 1054 1208 1117 et
1231 1046 1333 1117 dedit

282 1172 352 1245 illis
368 1174 509 1256 dioens;
534 1171 656 1242 Bibite
678 1192 724 1243 ex
745 1168 813 1255 hoc
837 1188 971 1240 omncs.
1013 1164 1085 1237 Hic
1108 1172 1163 1235 est
1187 1164 1334 1257 sanguis

282 1310 384 1359 meus
407 1288 490 1358 novi
515 1288 731 1369 testamenti,
755 1284 816 1378 qui
836 1307 901 1377 pro
924 1282 1047 1353 multis
1070 1278 1275 1351 effimdetur
1295 1280 1332 1349 in

281 1404 522 1475 remissionem
551 1410 788 1495 peccatorum.
850 1397 1046 1491 Intelligite
1080 1396 1186 1469 modo
1216 1417 1333 1466 secer-

285 1521 396 1602 dotes,
413 1521 507 1611 quod
530 1518 592 1591 ille
612 1518 789 1589 Dominus
812 1516 872 1609 qui
895 1524 979 1588 ente
1006 1515 1203 1609 passionem
1230 1534 1333 1583 stram
1348 1554 1380 1591 ,ο

284 1638 403 1730 potuit
431 1643 636 1707 convertere
666 1634 768 1705 illum
794 1656 933 1728 penem,
960 1640 998 1702 et
1023 1630 1112 1699 illud
1137 1630 1262 1699 vinum
1291 1628 1337 1703 ad

284 1774 387 1824 suum
415 1774 541 1845 corpus
556 1760 596 1823 et
612 1752 841 1847 sanguinem:
862 1750 958 1843 quod
974 1748 1049 1841 ipse
1066 1748 1224 1841 quotidie
1237 1767 1340 1817 sanc-

285 1868 399 1941 tificet
431 1891 499 1961 per
527 1890 655 1939 manus
692 1868 917 1939 secerdotum
950 1889 1093 1937 suorum
1126 1886 1256 1959 penem
1292 1864 1338 1933 sd

286 2006 392 2065 suum
420 2008 547 2077 corpus
576 1983 813 2078 spiritualiter,
844 1992 881 2054 et
906 1983 1028 2055 vinum
1054 1984 1099 2053 ad
1126 2006 1231 2053 suum
1257 2004 1340 2053 san-

286 2102 443 2197 guinem.
496 2100 583 2171 Non
602 2102 649 2173 sit
666 2098 763 2196 (for.
785 2101 836 2171 fit.
859 2102 940 2172 vide
962 2102 1111 2194 notem.)
1129 2108 1251 2171 tomen
1268 2098 1387 2203 hoc1⁵

287 2218 497 2289 sucrificium
514 2239 640 2310 corpus
663 2216 739 2310 ejus
761 2217 885 2309 inquo
907 2238 1030 2309 possus
1047 2225 1102 2286 est
1124 2238 1188 2308 pro
1212 2214 1338 2287 nobis:

288 2356 405 2427 neque
422 2334 563 2429 sanguis
580 2334 666 2427 ejus,
682 2356 790 2425 quem
811 2357 875 2427 pro
897 2333 999 2414 nobis
1015 2331 1161 2403 effudit:
1187 2332 1251 2403 sed
1268 2334 1341 2425 spi-

288 2449 466 2521 ritualiter
481 2472 606 2542 corpus
619 2450 694 2543 ejus
708 2448 860 2520 efficitur
872 2458 910 2521 et
930 2450 1085 2543 sanguis:
1103 2451 1196 2521 siout
1207 2472 1342 2521 manne

290 2566 386 2659 quod
414 2566 459 2636 de
485 2565 575 2637 coelo
599 2565 703 2658 pluit,
727 2574 766 2637 et
792 2588 884 2659 sque
910 2588 989 2657 quae
1018 2567 1063 2637 de
1091 2574 1194 2659 petru
1221 2565 1341 2637 lluxit.

293 2681 396 2778 Sicut
413 2680 548 2753 Paulus
561 2681 741 2775 apostolus
764 2682 834 2752 ait:
867 2680 964 2753 Nolo
980 2682 1076 2753 enim
1099 2704 1161 2753 vos
1178 2683 1342 2776 ignorare
1354 2725 1391 2765 20

292 2797 428 2881 fratres,
445 2799 613 2889 quonism
640 2806 757 2892 putres
780 2800 890 2871 nostri
913 2822 1035 2871 omnes
1056 2800 1123 2871 sub
1144 2799 1242 2871 nube
1264 2800 1344 2871 lire-

293 2921 397 2985 runt:
415 2921 453 2983 et
470 2935 593 2985 omnes
608 2937 706 2991 mure
723 2916 937 2987 transiemnt
948 2940 958 2987 :w
975 2924 1013 2986 et
1025 2939 1147 2988 omncs
1163 2919 1202 2987 in
1221 2917 1343 3013 Moysi

294 3028 465 3121 baptizoti
482 3038 566 3100 sunt
582 3032 620 3101 in
636 3032 732 3103 nube
749 3042 787 3103 et
804 3034 841 3102 in
857 3033 955 3103 meri.
991 3033 1040 3105 Et
1052 3056 1175 3105 omnes
1188 3036 1342 3111 eandem

293 3166 411 3215 escam
436 3146 656 3239 spiritualem
681 3150 1004 3222 manducaverunt:
1038 3160 1076 3221 et
1103 3131 1226 3222 omnes
1255 3174 1345 3221 eun-

294 3262 376 3354 dem
401 3268 526 3355 potum
549 3262 767 3354 spiritualem
789 3263 966 3335 biberunt.
1018 3264 1196 3337 Bibebant
1218 3276 1342 3338 autem
1355 3300 1392 3358 25

294 3376 341 3447 de
364 3376 537 3469 spirituali
561 3382 793 3471 consequenti
822 3404 883 3453 eos
915 3390 1025 3475 petra.
1078 3381 1186 3455 Petra
1218 3392 1343 3455 entem

293 3500 371 3563 eret
388 3490 560 3565 Christus
612 3493 720 3568 Unde
745 3496 832 3567 dicit
858 3497 1068 3585 Psalmiste;
1099 3500 1234 3571 Panem
1259 3498 1343 3569 ooeli

294 3608 394 3678 dedit
429 3609 500 3679 eis:
548 3608 682 3683 Panem
715 3612 921 3707 augelorum
955 3616 1183 3687 manducavit
1221 3616 1343 3687 homo.

296 3723 375 3794 Nos
392 3747 534 3818 qnoque
553 3727 785 3819 proculdubio
808 3732 1061 3803 manducemus
1082 3754 1210 3825 penem
1234 3755 1343 3826 enge-

294 3837 432 3913 lorum:
472 3852 510 3912 et
543 3841 697 3915 bibimus
726 3847 771 3916 de
804 3844 866 3918 ille
901 3856 1012 3942 petre,
1047 3872 1124 3945 quse
1158 3848 1341 3919 Christum
1352 3877 1391 3934 30

292 3955 532 4049 significabat:
549 3961 727 4052 ¹quotiens
756 3962 909 4035 fideliter
933 3968 1134 4037 accedimus
1161 3966 1207 4039 ed
1237 3968 1343 4039 sacri-

293 4071 414 4142 ficium
431 4076 583 4166 corporis
600 4086 639 4146 et
655 4079 834 4171 sanguinis
852 4080 993 4152 Christi.
1028 4082 1120 4163 Apud
1140 4084 1341 4145 Testimonium

295 4180 495 4261 Antiquitatie
509 4185 605 4244 Lond.
626 4192 709 4265 1567.
725 4190 777 4249 fol.
791 4206 840 4267 54.
857 4192 885 4250 b.
