2867 4817
289 314 332 375 22
645 314 1025 380 ANNOTATIONES

288 492 485 550 memoratur
495 487 564 551 laus
576 486 836 587 Philippensium,
848 486 925 572 ipsis
939 486 1038 552 initiis
1048 508 1127 552 evan
1167 486 1201 551 lii
1214 508 1344 553 annun-

289 571 383 649 oiata,
394 594 433 636 ea
444 572 507 636 sita
517 579 566 637 est
577 573 610 636 in
621 573 757 658 epistola
766 572 903 638 Paulina
915 574 959 637 sd
969 574 1096 637 eosdem
1106 574 1134 637 P
1159 573 1167 588 '
1181 574 1341 659 'ppenses

289 680 361 721 oum
376 658 408 721 in
423 658 576 744 principio
591 659 668 744 ejus,
684 666 754 723 tum
769 660 874 745 eapite
888 659 920 723 ii.
936 681 1048 723 eomm.
1065 676 1114 745 15.
1153 659 1265 726 Habet
1279 662 1341 725 ali-

289 743 365 830 quid
379 752 536 830 praeterea
549 745 611 809 huo
625 745 788 831 pertinens
802 746 907 810 media
921 746 1056 831 epistola
1071 745 1152 831 Poly
1229 768 1275 812 us.

334 829 416 895 Ibid.
431 830 451 896 l.
468 832 499 895 6.
525 834 579 899 Εἷς
604 830 639 895 δν
665 832 717 895 ούκ
744 832 867 917 ἰδόντες]
896 833 1078 897 Clausulam
1102 833 1203 897 rodun
1225 841 1340 899 antem

222 957 227 967 ·
288 915 387 981 habet
403 916 565 1003 Interpres
580 916 655 982 Vet.
672 918 763 1002 quasi
777 925 852 1003 post
866 916 940 1002 ᾅδου
954 942 994 984 ex
1009 939 1021 981 1
1039 918 1111 982 Pet.
1127 918 1148 982 i.
1159 920 1190 983 8.
1205 919 1339 1007 legisset

290 1002 326 1067 δν
340 1003 393 1067 οὐκ
409 1005 518 1071 εἰδότες
533 1004 678 1083 ἀγαπᾶτε.
702 1003 727 1067 J
728 1026 903 1069 soossouus.

333 1089 413 1152 Ibid.
429 1089 448 1153 l.
465 1106 495 1170 7.
513 1091 703 1157 πιστεύοντες
717 1094 751 1154 δὲ
765 1090 969 1175 ἀγαλλιᾶσθε]
984 1090 1057 1155 Has
1072 1113 1165 1155 voees
1180 1091 1337 1157 omittunt

288 1175 380 1239 codd.
398 1174 492 1239 Laur.
510 1178 581 1261 (seu
604 1175 763 1258 Florent.)
781 1175 859 1241 Vat.
876 1177 952 1241 Par.
976 1176 1097 1262 interp.
1115 1177 1192 1242 Vet.
1207 1178 1337 1263 legebat

288 1260 526 1343 δγαλλιύσεσθε.
548 1260 572 1325 J
573 1284 713 1325 sceneos.
759 1262 842 1327 Sunt
856 1269 965 1327 autem
984 1263 1017 1326 hi
1040 1264 1164 1328 cedices
1177 1286 1199 1329 a
1212 1264 1279 1328 viro
1294 1264 1336 1328 ol.

288 1348 331 1411 ad
345 1369 421 1411 usus
435 1369 509 1411 suos
523 1347 667 1425 adhibiti,
685 1347 863 1429 Vatieanus
885 1348 1000 1413 saeoulo
1013 1350 1136 1413 deoimo
1158 1350 1256 1414 tertio
1276 1350 1337 1414 sd·

288 1434 434 1519 scriptus,
448 1433 652 1499 Florentinus
667 1456 739 1499 saeo.
750 1435 871 1499 deeimo
885 1434 1006 1519 quinto,
1021 1436 1184 1500 Parisinus
1198 1436 1337 1521 denique

287 1542 358 1585 suso.
375 1520 497 1585 deoimo
512 1527 603 1585 sexto
618 1522 803 1586 attributus.

332 1607 414 1671 Ibid.
431 1606 451 1670 l.
468 1626 515 1671 12.
532 1612 584 1673 τδς
605 1610 726 1689 ὀσφύας
742 1607 838 1695 ὑμῶν]
861 1607 1042 1671 Pronomen
1063 1629 1103 1671 ex
1125 1608 1218 1671 oodd.
1237 1607 1335 1671 Laut.

287 1714 342 1757 seu
366 1694 560 1769 Florentino,
578 1692 655 1758 Vnt.
673 1694 748 1757 Par.
772 1701 869 1777 atque
892 1692 1012 1778 Interp.
1029 1692 1104 1757 Vet.
1124 1716 1208 1758 nuno
1229 1695 1336 1779 reaepi

287 1786 361 1865 post
368 1778 392 1843 J
393 1779 587 1844 aoobsonum
596 1780 629 1845 S.
643 1779 733 1843 Petri
743 1780 807 1865 Ep.
808 1781 930 1865 priores
945 1779 972 1842 1.
988 1800 1036 1865 13.
1048 1779 1268 1857 addueentem,
1279 1785 1338 1847 τδς

287 1868 407 1948 ὀσφύας
421 1870 472 1944 τῆς
487 1867 618 1934 διανοίας
631 1868 723 1946 ὑμῶν.

332 1952 369 2016 Ρ.
384 1970 433 2015 11.
450 1952 471 2015 l.
484 1955 511 2017 8.
528 1949 546 2032 ἢ
560 1953 689 2035 γρόνθον
705 1952 771 2017 trrl
785 1952 926 2035 γρύνθαν]
941 1950 1131 2015 Eustathius
1145 1951 1179 2015 ln
1191 1950 1282 2015 Iliad.
1294 1956 1335 2015 Ψ.

288 2040 483 2105 Πτύσσοντες
497 2039 565 2105 τοὺς
579 2043 631 2117 τῆς
644 2038 746 2121 χειρὸς
759 2040 931 2113 δακτύλους,
944 2039 993 2101 καὶ
1007 2040 1098 2105 οὕτως
1113 2043 1338 2120 στρυφναῢντες

288 2126 330 2192 εἰς
343 2126 495 2189 πύκνωσιν
509 2127 538 2187 ol
551 2124 712 2207 πυγμάχοι,
729 2124 884 2200 ἀθλοῦσιν,
901 2126 943 2190 εἰς
955 2125 1085 2204 γρόνθον
1097 2123 1334 2206 συστρέψαντες·

287 2212 361 2292 ὅπερ
372 2212 517 2274 κόνδυλόν
533 2220 629 2293 φασιν
643 2212 672 2273 ol
686 2212 790 2291 σόφοι.
837 2208 971 2274 Suidas:
996 2207 1115 2292 Πυγμή,
1141 2210 1233 2289 πάλη.
1256 2212 1336 2292 σύγ-

287 2304 401 2363 κλεισις
421 2298 582 2374 δακτύλων,
599 2298 736 2378 γρόνθος.
783 2295 836 2359 Ita
858 2295 890 2358 in
910 2294 1028 2359 Lexioo
1043 2294 1196 2381 Hesyohil
1218 2297 1337 2361 Graeoo

285 2382 386 2465 πυγμὴ
400 2389 449 2447 est
463 2385 599 2463 γρόνθος,
615 2382 648 2445 in
663 2380 770 2466 Oyrilli
785 2381 1029 2446 Graeeo-Latino
1050 2384 1185 2464 γρόνθος,
1286 2404 1335 2461 us,

285 2475 321 2533 et
338 2468 372 2530 in
395 2468 560 2532 Philoxeni
584 2468 827 2532 LatinoGraeeo
842 2488 975 2553 papum,
990 2469 1125 2550 γμύνύος.
1151 2468 1188 2531 Ρ.
1224 2490 1332 2533 nurus.

286 2554 392 2619 Vetus
402 2554 565 2639 Interpres
575 2554 761 2627 habetoont
827 2553 969 2639 liampru
977 2554 1165 2619 memus.
1189 2554 1336 2640 Subjeoit

287 2639 522 2705 Henrsterhusii
541 2640 782 2705 adnotationem
796 2641 839 2704 ad
863 2639 992 2704 Lucian.
1010 2639 1035 2702 Ι.
1048 2662 1078 2724 p.
1090 2660 1143 2723 49.
1160 2640 1197 2704 ol.
1213 2640 1336 2705 Jaoob-

285 2748 382 2792 sonus
410 2726 444 2790 in
472 2726 549 2791 edit.
574 2748 633 2791 sua
655 2728 791 2790 Patnom
814 2725 1077 2811 spontem,-
1104 2726 1181 2812 quin
1208 2734 1242 2791 et
1263 2726 1336 2812 ipse

285 2820 388 2891 notet,
404 2812 464 2877 heo
479 2834 563 2890 vooe,
579 2814 714 2895 γρύυθος,
730 2834 822 2877 usum
844 2834 914 2876 esse
928 2812 1081 2875 Photium
1096 2813 1138 2877 ad
1154 2814 1219 2892 Πδξ
1232 2813 1335 2898 expli-

285 2902 422 2965 candum
451 2900 484 2964 in
509 2900 630 2977 Leuieo,
680 2918 786 2983 .475.
811 2905 910 2983 atque
934 2898 1104 2962 videndum
1134 2897 1258 2964 Sullier.
1288 2900 1336 2963 ad

286 2988 426 3060 Moerim,
443 3008 475 3071 p.
493 3005 566 3070 295.
583 2986 634 3050 ed.
686 2986 756 3050 ooh.

330 3074 412 3137 lbid.
437 3072 458 3137 l.
477 3090 508 3156 9.
534 3072 793 3155 Μνημονεύοντες]
823 3071 904 3136 (lum
929 3092 988 3171 pro
1013 3068 1143 3155 vulgato
1167 3073 1335 3149 μνημονεύ-

285 3184 394 3227 σαντες
415 3180 455 3224 ex
474 3157 564 3221 codd.
581 3157 725 3221 Florent.
742 3157 848 3221 Vatie.
865 3158 969 3222 Pons.
984 3154 1177 3255 reposuisset
1190 3154 1276 3219 istud
1292 3157 1333 3221 el.

283 3246 494 3318 Jaoobsonus,
510 3264 583 3306 eum
604 3250 732 3307 secutus
753 3264 831 3307 sum.
871 3241 1009 3307 Addidit
1026 3241 1088 3321 ille,
1104 3241 1217 3327 legisse
1230 3242 1334 3307 videri

284 3338 347 3397 vet.
365 3331 438 3397 Inte
478 3380 484 3394 .
501 3329 549 3393 vel
563 3331 798 3410 μνημονεύσατε,
814 3329 863 3394 vel
876 3330 1084 3410 μνημονεύετε.

328 3418 366 3482 P.
388 3438 437 3481 ιι.
472 3436 549 3502 ·¹3·
577 3419 606 3479 ol
630 3412 760 3501 πτωχοὶ]
785 3415 881 3480 Adde
909 3437 949 3480 ex
974 3413 1051 3478 Vet.
1082 3414 1204 3498 Interp.
1230 3420 1265 3478 et
1290 3436 1334 3479 ex

285 3504 458 3590 Evangelio
472 3502 585 3567 Maus.
603 3524 630 3565 v.
646 3520 676 3587 3.
692 3506 733 3587 τῷ
747 3504 902 3581 πνεύματι.
926 3502 1040 3566 Surru.
1084 3501 1202 3566 (lenset
1216 3500 1253 3564 el.
1268 3500 1335 3564 Ja-

283 3591 449 3668 oobsonns,
476 3588 508 3654 S.
523 3588 618 3653 Luooe
644 3588 748 3651 looum
771 3588 965 3673 parallelum,
990 3586 1029 3651 vi.
1047 3605 1099 3653 20.
1126 3587 1161 3650 in
1183 3606 1246 3672 quo
1268 3608 1335 3652 vox

283 3676 453 3754 omittitur,
468 3675 501 3738 in
516 3674 623 3740 unimo
637 3673 786 3738 habuisse
800 3675 1022 3759 Polycarpum.

328 3764 408 3828 Ibid.
425 3764 445 3827 l.
460 3764 509 3826 16.
525 3762 576 3825 οὐκ
592 3762 707 3845 ἐμαυτῷ
723 3757 902 3846 ἐπιτρέψας]
919 3758 1101 3845 Adseripsit
1114 3780 1181 3823 orte
1194 3758 1336 3844 exempli

282 3872 379 3937 penes
400 3872 451 3914 me
472 3847 620 3913 editionis
638 3845 854 3912 Aldriehisnae
878 3845 1099 3924 Marklandus,
1116 3853 1136 3881 “
1145 3843 1256 3923 Verte,
1271 3866 1336 3909 αυα

284 3946 303 3973 “
318 3936 396 4000 midi
409 3935 471 4021 ipsi
485 3934 567 3999 hano
581 3932 763 3997 libertatem
771 3934 959 4019 perstitero,
975 3931 1029 3996 sed
1043 3930 1120 3995 &ef
1157 3931 1336 3997 Commode

282 4022 431 4109 adposuit
444 4020 645 4085 Jacobsonus
668 4017 786 4104 Ignatii
807 4019 911 4084 locum
932 4019 965 4081 in
984 4018 1087 4103 Epist.
1109 4017 1155 4081 σύ
1173 4016 1333 4102 Ephesios

283 4110 354 4191 §.a
391 4108 438 4172 Ori
453 4107 650 4185 διατάσσομαι
664 4107 786 4182 ὖμΐνῶς
800 4108 839 4169 dv
853 4131 905 4173 τις.
935 4104 1096 4170 osteum
1109 4104 1178 4167 haee
1193 4103 1335 4169 seribere

282 4194 494 4279 Polyoarpum
515 4192 631 4256 statuit
646 4191 839 4257 Pearsonius
860 4192 893 4255 in
915 4212 1012 4255 eausa
1030 4188 1179 4255 Valentis
1200 4191 1334 4275 presby·
1427 4255 1428 4258 ,

281 4280 352 4359 teri,
368 4280 457 4364 eujus
477 4277 622 4342 meminit
636 4284 750 4343 auetor
766 4278 851 4343 infru
866 4280 897 4362 δ.
915 4296 964 4342 21.
988 4298 1085 4362 quam
1106 4276 1234 4361 quidem
1256 4298 1333 4341 oau-
1427 4279 1428 4302 i
