2867 4817
258 334 324 397 284
636 331 669 393 S.
694 327 932 394 CYPRIANI

153 514 230 565 axa
261 504 496 579 cordavestra
520 514 552 577 ct
577 528 621 576 oc
646 512 716 577 toto
741 503 860 575 animo
875 513 997 576 oestro.
1048 504 1110 577 Sic
1127 503 1310 575 Abraham

261 620 342 693 Deo
371 622 515 717 placuit,
552 624 623 715 qui,
657 631 700 693 ut
733 621 891 715 placeret
924 619 1014 704 Deo,
1048 644 1115 693 nec
1147 622 1313 691 amittere

260 738 373 809 filium
392 742 523 823 timuit,
541 762 608 810 neo
625 762 748 833 gerere
765 738 989 832 parricidium
1011 738 1198 809 recusavit.
1240 736 1313 820 Qui

262 856 374 927 filium
392 881 464 929 non
487 864 589 950 potes
612 856 692 949 lege
715 865 753 926 et
775 864 871 926 sorte
887 855 1115 927 mortalitatis
1137 855 1315 937 amittere,

262 973 347 1066 quid
365 974 497 1044 faceres
515 974 544 1043 si
560 971 674 1043 filium
686 972 861 1065 jubereris
879 972 1064 1044 occideret
1326 992 1344 1055 s

313 1088 424 1161 VIII.
442 1089 504 1161 Ad
530 1090 650 1160 omnia
670 1097 709 1159 te
732 1098 896 1182 paratum
921 1090 1037 1160 facere
1059 1091 1167 1159 timor
1184 1087 1254 1158 Dei
1276 1094 1317 1157 et

261 1204 350 1276 fides
376 1204 494 1276 debet.
547 1204 603 1276 Sit
629 1204 714 1275 licet
739 1206 791 1276 rei
816 1205 997 1276 familiaris
1022 1206 1173 1288 amissio,
1197 1205 1246 1274 sit
1270 1203 1318 1273 de

263 1321 513 1393 infestantibus
530 1322 662 1392 morbis
685 1322 827 1393 assidua
847 1322 1089 1393 membrorum
1109 1331 1148 1391 et
1169 1327 1320 1391 cruenta

264 1438 417 1521 vexatio,
448 1439 495 1508 sit
525 1439 570 1508 de
599 1460 722 1521 uxore,
753 1439 797 1509 de
827 1437 956 1521 liberis,
987 1438 1033 1508 de
1062 1437 1319 1509 excedentibus

265 1554 353 1626 caris
379 1554 537 1625 firnebris
563 1563 600 1625 et
626 1556 737 1626 tristis
761 1555 906 1639 avulsio,
932 1578 1005 1626 non
1030 1557 1102 1625 sint
1124 1555 1191 1626 tibi
1219 1576 1321 1624 scan-
1334 1582 1374 1622 ιο

265 1670 347 1747 dala
375 1672 453 1756 ista,
484 1670 545 1741 sed
575 1671 720 1764 proelia;
749 1695 817 1742 nec
844 1672 1033 1743 debilitent
1061 1681 1125 1742 aut
1154 1671 1322 1765 frangant

266 1788 505 1861 Christianam
529 1788 647 1872 iidem,
675 1790 737 1859 sed
762 1790 881 1882 potius
906 1788 1096 1861 ostendant
1121 1790 1158 1858 in
1187 1787 1323 1858 colluc-

265 1906 402 1977 tatione
420 1906 599 1989 virtutem,
617 1928 699 1976 cum
717 1905 980 1976 contemnenda
995 1907 1041 1977 sit
1058 1906 1173 1976 omnis
1192 1906 1324 1997 injuria

265 2021 440 2093 malorum
474 2024 700 2114 presentium
734 2022 865 2093 fiducia
896 2023 1097 2092 futurorum
1134 2020 1323 2091 bonorum.

268 2136 350 2208 Nisi
386 2140 605 2230 praecesserit
640 2162 770 2233 pugna,
804 2161 877 2209 non
905 2146 1027 2231 potest
1056 2160 1133 2208 esse
1162 2138 1324 2208 victoria
1339 2165 1376 2223 ¹5

268 2253 361 2326 (inm
391 2254 499 2325 fuerit
534 2255 571 2325 in
606 2278 735 2349 pugnae
770 2256 1016 2347 congressione
1046 2256 1203 2336 victoria,
1234 2263 1326 2325 tunc

269 2370 374 2440 datur
399 2371 622 2442 vincentibus
648 2380 686 2441 et
715 2393 856 2441 corona
906 2370 1135 2442 Gubernator
1163 2373 1201 2441 in
1230 2380 1328 2441 tem·

268 2494 407 2579 pestate
431 2487 635 2571 dinoscitur,
653 2488 691 2557 in
713 2488 791 2558 acie
806 2487 910 2558 miles
933 2486 1113 2580 probatur.
1157 2486 1328 2559 Delicata

262 2604 413 2695 jactatio
444 2611 500 2675 est
530 2626 612 2673 cum
642 2603 841 2697 periculum
870 2626 943 2674 non
976 2613 1043 2674 est.
1095 2602 1328 2674 Conflictatio

270 2720 308 2788 in
332 2718 487 2789 adversis
517 2718 679 2811 probatio
706 2728 762 2789 est
791 2719 943 2789 virtutis.
994 2717 1115 2790 Arbor
1143 2741 1222 2811 quae
1250 2718 1330 2790 alta
1340 2748 1381 2787 20

269 2833 388 2905 radice
413 2832 563 2905 fundata
584 2842 639 2905 est
661 2835 778 2905 ventis
799 2834 1087 2905 incumbentibus
1112 2857 1184 2905 non
1203 2858 1331 2907 more-

272 2958 351 3034 tur3
386 2957 424 3019 et
448 2951 548 3021 navis
573 2974 654 3043 quae
679 2950 764 3022 forti
789 2974 961 3046 compage
985 2950 1137 3022 solidata
1162 2961 1218 3021 est
1247 2949 1331 3044 pul·

273 3074 371 3137 satur
396 3066 573 3152 fluctibus,
598 3091 666 3139 nec
689 3068 846 3151 foratur3
879 3074 918 3137 et
939 3068 1080 3159 quando
1102 3090 1185 3138 area
1205 3066 1331 3161 surges

275 3182 369 3264 terit,
400 3190 524 3253 ventas
552 3206 661 3278 grana
696 3183 803 3254 fortia
830 3191 868 3253 et
901 3182 1046 3254 robusta
1080 3191 1330 3267 contemnunt,

275 3299 397 3369 inanes
420 3298 532 3390 paleae
555 3300 644 3371 flatu
664 3308 829 3393 portante
852 3300 1046 3392 rapiuntur.
1098 3299 1159 3371 Sic
1180 3307 1218 3370 et
1243 3322 1378 3392 apo-25

276 3412 388 3483 stolus
407 3413 539 3486 Paulus
555 3423 637 3509 post
653 3416 844 3508 naufragia,
862 3424 943 3508 post
955 3413 1104 3509 flagella,
1117 3425 1198 3508 post
1214 3416 1332 3485 carnis

115 3556 252 3608 acoexo.
278 3538 315 3600 et
345 3532 499 3623 corporis
528 3530 644 3603 multa
672 3540 710 3602 et
739 3532 860 3624 gravia
888 3538 1075 3613 tormenta,
1105 3552 1178 3601 non
1206 3532 1331 3601 vexari

277 3646 340 3718 sed
356 3646 536 3717 emendari
559 3670 598 3717 se
620 3646 708 3718 dicit
730 3647 894 3729 adversis,
911 3653 953 3716 ut
970 3647 1056 3717 dum
1080 3647 1221 3741 gravius
1241 3646 1333 3716 affli-

277 3762 383 3856 gitur,
420 3763 537 3832 verius
572 3762 791 3855 probaretur.
841 3761 958 3834 Datus
990 3772 1040 3834 cst
1068 3761 1167 3848 milri,
1201 3764 1331 3855 inquit,

278 3876 436 3950 stimulos
466 3879 583 3950 comis
613 3903 705 3963 mcoe,
735 3878 875 3977 ooqelua
903 3879 1047 3953 Sctoocc
1076 3881 1137 3975 qui
1162 3903 1216 3951 mc
1240 3878 1381 3972 calcz-30

273 3992 403 4090 plicet,
421 4003 459 4066 ut
480 4018 549 4067 non
571 3994 727 4068 extollor.
777 3994 931 4091 Propter
950 3996 1044 4092 quod
1063 4008 1115 4069 ter
1135 3995 1331 4069 Dominum

278 4112 398 4208 rocavi
434 4122 471 4183 ot
500 4111 686 4185 discederet
715 4136 738 4183 a
765 4138 826 4198 me,
857 4123 888 4185 et
918 4113 1012 4186 dicit
1041 4111 1153 4185 mibi:
1194 4112 1333 4209 Sufficit

279 4224 342 4297 riti
354 4228 472 4323 qratia
496 4253 592 4300 mea:
620 4252 699 4301 nom
724 4231 834 4303 virtus
858 4232 896 4302 io
920 4232 1120 4326 infirmitate
1136 4230 1332 4328 perficitur.
