2867 4817
277 338 520 403 EPISTOLA
545 338 612 401 AD
636 338 669 400 S.
693 338 1002 401 CYPRIANUM.
1101 338 1160 399 241

110 512 169 603 qui
197 535 220 581 a
247 510 393 581 Christo
416 512 544 579 missus
569 520 632 592 est,
656 518 693 580 et
715 511 846 580 frustra
868 509 919 579 iili
938 510 1095 581 venienti
1120 512 1164 579 ad

108 628 362 721 accipiendum
390 626 563 719 Spiritum
590 648 714 698 manus
740 630 960 721 imponitur:
996 630 1064 699 nisi
1090 631 1118 699 si
1143 652 1165 699 a

108 744 258 814 Christo
277 744 450 836 Spiritum
469 742 595 825 induit,
614 742 706 838 (sor.
725 768 795 814 non
813 745 922 827 ducit,
940 744 1008 816 vid.
1023 750 1163 837 notam)

108 872 148 929 ut
166 862 268 954 apud
287 860 471 931 haeretieos
488 862 535 931 sit
547 860 691 952 quidem
708 859 880 942 Christus,
891 884 962 930 non
979 864 1026 933 sit
1042 872 1164 933 autem

84 976 182 1060 5issie
201 976 362 1069 Spiritus
379 976 543 1047 Sanctus

160 1094 235 1164 lX.
266 1093 506 1165 Decurramus
529 1118 612 1165 vero
636 1094 793 1165 breviter
820 1105 858 1165 et
881 1104 1008 1166 caetera
1036 1118 1114 1187 quoe
1143 1112 1288 1190 ansteus

109 1212 211 1281 vobis
230 1211 375 1303 copiose
392 1219 430 1281 et
447 1209 649 1303 plenissime
673 1211 770 1281 dieta
788 1220 882 1295 sunt,
899 1213 1090 1283 festinante
1107 1176 1321 1319 velfflffi

109 1328 273 1396 maxime
290 1327 335 1396 ad
353 1349 416 1395 vos
433 1326 632 1420 Rogatiano
659 1326 807 1396 diacono
828 1328 1007 1398 carissimo
1032 1307 1299 1435 nostram?

110 1444 289 1536 Sequitur
314 1444 410 1512 enim
435 1442 534 1525 illud,
551 1445 645 1535 quod
668 1444 908 1538 interrogandi
926 1453 1010 1515 sunt
1026 1468 1048 1515 a
1064 1446 1289 1552 nobisffl*

66 1561 170 1651 ioqui
203 1560 392 1631 haereticos
421 1559 627 1642 defendunt,
655 1570 777 1629 utrum
804 1560 945 1631 carnale
970 1562 1017 1631 sit
1042 1584 1165 1631 eorum

107 1677 301 1769 baptisma,
328 1698 374 1745 an
403 1676 569 1768 spiritale.
622 1674 661 1746 Si
687 1678 783 1746 enim
808 1676 948 1747 carnale
974 1688 1050 1761 est3
1077 1678 1165 1747 nihii

109 1792 286 1862 differunt
303 1814 326 1860 a
342 1791 365 1861 J
368 1793 547 1862 udaeorum
564 1794 751 1885 baptismo,
768 1816 839 1884 quo
860 1794 910 1863 sie
932 1792 984 1862 illi
1004 1801 1165 1875 utuntur,

110 1918 150 1977 nt
174 1932 221 1979 eo
245 1918 416 1999 tanquam
443 1911 621 1979 communi
648 1918 686 1980 et
703 1908 839 2001 vulgari
865 1909 1004 1979 lavacro
1024 1918 1165 1979 tantum

110 2026 235 2095 sordes
254 2024 428 2095 laventur.
481 2024 544 2095 Sin
569 2036 689 2096 autem
713 2024 870 2117 spiritale
888 2034 963 2107 est·;
989 2025 1166 2115 quomodo

70 2170 79 2208 ι
85 2142 208 2234 5apud
227 2142 310 2211 illos
331 2164 407 2211 esse
430 2142 606 2233 baptisma
629 2140 787 2233 spiritale
811 2148 941 2233 potest,
959 2142 1052 2233 apud
1079 2163 1166 2233 quos

111 2258 272 2351 Spiritus
291 2256 443 2327 Sanetus
460 2281 531 2326 non
549 2257 627 2329 est?
654 2256 712 2327 As
738 2280 802 2349 per
817 2256 886 2326 hoe
903 2281 995 2349 aqua
1011 2280 1081 2349 qua
1098 2259 1168 2327 tiu·

109 2384 261 2468 guntur,
279 2373 457 2444 lavacrum
484 2382 538 2444 est
564 2373 633 2444 illis
658 2371 798 2444 carnale
816 2381 967 2455 tantum,
986 2396 1057 2442 non
1083 2374 1168 2465 bap-

111 2492 211 2561 tismi
230 2498 504 2561 sacramentum.
558 2490 663 2574 Quod
681 2491 710 2560 si
728 2490 905 2582 baptisma
920 2489 1168 2559 haereticorum

112 2606 249 2677 habere
276 2616 397 2699 potest
423 2608 728 2699 regenerationem
758 2606 921 2676 seeundae
950 2606 1168 2689 nativitatis3

67 2748 186 2794 ronan
222 2724 392 2805 haeretiei,
420 2724 482 2793 sed
516 2722 579 2792 iiiii
611 2721 680 2792 Dei
715 2722 945 2813 computandi
979 2732 1073 2803 sunt,
1107 2724 1167 2813 qui

112 2839 209 2933 apud
229 2838 312 2908 illos
328 2838 562 2931 baptizantur.
609 2836 774 2909 Secunda
791 2840 885 2908 enim
904 2840 1070 2909 nativitas
1087 2862 1168 2929 quae

113 2959 226 3028 estin
245 2956 433 3047 baptismo,
450 2955 541 3026 {ilios
559 2954 627 3025 Dei
645 2962 803 3047 generat.
847 2953 887 3023 Si
903 2964 1024 3024 autem
1042 2977 1170 3047 sponsa

114 3074 342 3144 Christiana
366 3082 430 3155 est,
448 3096 525 3163 quae
551 3080 606 3141 est
622 3070 773 3141 ecelesia
789 3070 986 3153 catholica3
1012 3071 1088 3162 ipsa
1113 3080 1168 3141 est

114 3214 198 3283 quae
217 3188 295 3259 sola
311 3197 457 3282 generat
471 3187 539 3257 Dei
557 3187 660 3259 iiiios.
692 3186 823 3278 Neque
836 3188 932 3255 enim
948 3186 1071 3256 multae
1084 3196 1167 3257 sunt

69 3328 257 3399 assponsae
275 3304 429 3387 Christi;
455 3327 537 3373 eum
563 3304 658 3373 dieat
677 3302 877 3395 apestolus:
905 3301 1087 3393 Despondi
1108 3316 1330 3374 voszcomia·

113 3423 175 3491 uni
208 3422 287 3489 viro
318 3422 488 3513 virffl'nem
524 3430 657 3489 castam
690 3420 868 3512 asngnare
902 3418 1054 3489 Christo.
1107 3420 1165 3504 Et,

114 3536 215 3608 Audi
242 3535 318 3607 filia
342 3544 380 3606 st
408 3535 497 3617 vide,
519 3543 557 3605 et
581 3535 712 3605 inclina
736 3557 857 3605 aurem
883 3542 993 3616 tuam,
1017 3543 1055 3604 et
1077 3536 1330 3605 obii-Padum

115 3655 251 3725 viscere
281 3651 404 3743 populi
430 3653 511 3735 tui3
547 3653 631 3743 quia
658 3651 869 3723 desideravit
899 3648 980 3719 Rex
1009 3651 1164 3741 speeiem

115 3778 229 3840 tumn.
284 3766 342 3849 Et,
378 3766 473 3838 Veni
507 3790 634 3863 sponsa
667 3768 712 3837 de
747 3766 894 3847 Libano,
928 3767 1094 3837 advenies
1128 3778 1328 3837 sternens.

68 3922 108 3978 30
117 3884 346 3979 pertransibis
379 3908 401 3954 a
433 3885 605 3977 principio
638 3882 732 3955 fidei.
784 3882 841 3964 Et,
873 3882 1058 3975 Ingressus
1086 3907 1164 3954 sum
1174 3896 1246 3949 esne
1259 3914 1282 3946 v.
1295 3912 1316 3950 ι.

117 4003 156 4069 in
188 4000 334 4069 hortum
368 4020 500 4081 meum,
530 4022 628 4070 soror
660 4021 750 4080 mea,
784 4021 923 4091 sponsa.
990 3999 1165 4072 Videmus

118 4138 227 4185 unam
252 4136 439 4207 personam
464 4115 597 4207 ubique
621 4115 779 4209 proponi,
797 4114 880 4205 quia
904 4125 942 4186 et
959 4138 1086 4209 sponsa
1111 4127 1165 4188 est

119 4254 201 4303 una
254 4230 341 4301 Nan
370 4241 425 4304 est
454 4241 575 4302 autem
604 4250 674 4301 uns
706 4230 890 4301 nobiseum
920 4231 1166 4302 haereticorum

627 4366 668 4415 11
