2867 4817
486 335 551 399 DE
575 335 837 400 ORATIONE.
1123 335 1188 402 ut

134 511 275 593 rideris,
293 511 446 602 nupsisti
469 513 567 583 enim
588 511 740 596 Christo,
757 510 810 582 iiii
833 531 975 582 curnem
1001 518 1100 582 tuam
1117 521 1188 582 tre·

134 627 268 697 didisti.
312 625 396 722 Age
424 650 491 721 pro
515 628 633 698 meriti
662 630 716 698 tui
746 626 940 721 disciplina
990 625 1029 698 si
1059 635 1188 721 nuptas

135 745 271 816 alienes
288 744 398 816 vetari
418 745 535 837 jubet,
551 767 631 815 suas
655 746 780 837 utique
804 744 921 815 multo
941 745 1063 837 magis.
1115 743 1188 815 Sed

136 885 210 932 non
227 870 334 955 putet
354 863 578 932 institutione
594 858 688 957 (sor.
710 861 986 955 institutionem)
1003 863 1189 954 unusquis-

110 1003 209 1071 sque
225 981 458 1050 antecessoris
476 977 778 1050 commovendam.
831 976 942 1048 Multi
963 978 1087 1048 aliene
1106 1001 1190 1048 con·

138 1095 322 1168 suetudini
339 1095 563 1189 prudentiam
587 1117 687 1165 suem
704 1095 797 1191 (sor.
816 1119 916 1168 susam
936 1098 1130 1192 addicunt),
1151 1105 1189 1168 et

138 1213 377 1282 constantiam
391 1213 467 1303 ejus
477 1211 646 1282 addicunt
655 1210 748 1307 (sor.
761 1213 968 1306 adducunt),
978 1235 1023 1284 nc
1036 1213 1191 1306 compel-

139 1327 261 1399 lantur
277 1326 372 1425 (sor.
390 1327 648 1421 compellantur
664 1329 832 1423 virgines)
850 1328 967 1400 veleri.
1006 1329 1113 1400 Certe
1130 1353 1191 1400 vo·

141 1445 313 1517 luntarins
329 1445 506 1538 prohiberi
519 1467 591 1515 non
603 1455 846 1539 oportetque
861 1469 900 1517 se
912 1448 1021 1518 etiam
1039 1447 1191 1541 virgines

97 1586 272 1658 ronegare
289 1585 363 1632 non
382 1571 539 1655 possunt,
556 1560 649 1659 (sor.
668 1586 800 1657 negare
821 1568 997 1658 poscunt)
1014 1573 1192 1635 contentae

141 1680 242 1752 abuti
258 1681 298 1750 in
314 1679 410 1751 fama
427 1677 519 1773 (sor.
536 1679 574 1748 in
590 1680 749 1774 infamia)
767 1703 839 1751 ssrae
859 1681 1081 1752 conscientiae
1097 1683 1191 1774 apud

143 1795 264 1868 Deum
289 1798 491 1868 securitate„
541 1794 600 1866 De
624 1796 694 1867 illis
718 1805 851 1880 minen,
876 1820 954 1889 quoe
977 1799 1114 1891 sponsis
1140 1799 1192 1868 di-

143 1923 279 1998 centur,
310 1922 515 1984 constanter
543 1933 647 2007 super
675 1936 798 1984 meum
827 1913 1012 1985 modulum
1038 1937 1192 2009 pronun·

143 2034 237 2104 ciere
254 2031 515 2122 contestarique
538 2052 690 2123 possum,
707 2030 875 2102 velandas
891 2055 938 2101 ex
961 2055 1004 2103 ea
1026 2035 1084 2105 die
1104 2057 1191 2119 esse,

101 2171 213 2242 usqua
229 2148 275 2219 ed
299 2149 454 2241 primum
475 2148 540 2218 viri
563 2171 689 2242 eorpus
712 2147 834 2219 osculo
856 2156 895 2218 et
918 2149 1066 2220 dextera
1084 2173 1192 2244 expa-

144 2267 270 2336 verint.
324 2263 457 2336 Omnin
481 2266 575 2336 enim
601 2266 639 2336 in
663 2266 719 2336 bis
743 2276 1018 2359 praenupserunt,
1044 2275 1082 2338 et
1109 2277 1193 2338 aetos

142 2403 207 2474 per
222 2382 479 2464 maturitatem,
497 2389 535 2452 et
555 2403 635 2452 caro
656 2405 721 2475 per
743 2390 895 2466 etatem,
912 2391 950 2454 et
972 2384 1115 2477 spiritus
1132 2405 1195 2476 per

143 2499 409 2582 conscientiam,
428 2507 466 2569 et
485 2498 600 2591 pudor
621 2521 685 2592 per
707 2499 819 2570 osculi
841 2502 1135 2592 experimontum,
1156 2506 1194 2569 et

143 2637 225 2709 spes
254 2637 319 2709 per
348 2617 644 2709 expectationem,
674 2623 712 2686 et
741 2638 842 2686 mens
870 2637 934 2708 per
961 2615 1194 2686 voluntatem.

99 2765 136 2804 ιο
144 2730 313 2824 Satisque
342 2732 444 2804 nobis
474 2731 639 2826 exemplo
669 2731 836 2804 Rebecca
864 2741 930 2815 est,
959 2755 1037 2825 que
1066 2754 1194 2826 sponso

143 2849 400 2932 demonstrato,
418 2857 559 2920 tantum
576 2849 705 2920 notitia
726 2850 803 2942 ejus
822 2849 989 2920 nubendo
1006 2849 1124 2921 velata
1139 2859 1195 2922 est

144 2965 254 3054 (Gen.
268 2967 367 3036 xxiv,
386 2963 472 3060 65.).

194 3081 254 3153 De
270 3105 367 3177 genu
384 3105 523 3176 quoque
539 3082 703 3176 ponendo
720 3083 928 3154 varietatem
941 3083 1194 3157 observationis
1239 3103 1323 3153 cnr.

141 3202 282 3295 potitur
311 3203 423 3271 oratio
454 3223 518 3294 per
546 3199 715 3294 pauculos
744 3201 925 3292 quosdam,
955 3203 1015 3294 qui
1048 3201 1194 3274 sabbato
1204 3169 1334 3299 nfflff'

96 3349 132 3410 25
143 3319 329 3390 abstinent
357 3318 516 3411 genibus.
569 3317 658 3400 Quae
692 3317 861 3388 dissensio
894 3341 1006 3410 quum
1039 3302 1322 3391 maxime¹³⁰¹²⁶⁸⁶⁰³

142 3435 240 3530 apud
271 3433 436 3506 eeclesias
466 3456 624 3506 eausam
651 3435 757 3517 dieat,
788 3433 964 3505 Dominus
994 3436 1094 3506 dabit
1119 3459 1198 3530 gra-

143 3554 234 3624 tiam
252 3569 365 3633 suam,
382 3559 424 3620 ut
446 3558 510 3621 aut
527 3549 665 3633 cedent,
683 3558 746 3620 eut
769 3552 846 3621 sine
865 3551 1015 3622 aliorum
1033 3552 1197 3624 seandalo

143 3670 326 3742 sententia
349 3689 412 3738 nm
436 3675 592 3738 utentur.
645 3665 724 3738 Nos
750 3689 844 3751 vero,
869 3669 961 3739 sicut
986 3671 1197 3763 accepimus,

144 3786 222 3858 solo
253 3787 313 3856 die
348 3783 538 3855 Dominico
568 3781 661 3878 (sor.
692 3783 907 3878 Dominicis)
934 3788 1198 3859 resurrectionis

94 3928 218 3997 3onon
243 3903 291 3974 ab
315 3905 386 3974 isto
412 3908 563 3983 tantum,
582 3902 644 3971 sed
670 3902 767 3972 omni
789 3903 980 3972 anxietatis
1003 3901 1139 3985 babitu,
1160 3911 1198 3973 et

146 4020 262 4092 officia
278 4017 374 4116 (sor.
393 4016 525 4112 officio)
539 4040 663 4088 cavere
680 4017 860 4101 debemus,
873 4017 1075 4090 differentes
1089 4021 1197 4090 etiam

148 4139 298 4235 negotiu,
325 4157 508 4230 nequem
534 4133 673 4204 diabulo
700 4134 819 4206 locum
845 4136 980 4207 demus.
1030 4135 1202 4206 Tantum·

150 4255 226 4328 dem
248 4267 286 4332 et
307 4255 430 4353 spatio
456 4260 690 4346 pentecostes,
712 4277 793 4346 quae
820 4253 945 4324 eadem
973 4251 1202 4324 exultationis
