2867 4817
275 304 340 375 290
446 301 648 366 ARNOBll
673 302 923 367 ADVERSUS
946 302 1135 366 GENTES

275 477 433 551 oxnnium
450 477 634 569 pervenire
648 486 839 570 potnerunt
857 486 960 571 geste
980 477 1145 571 gentibus
1161 478 1199 547 in
1216 479 1322 572 igne-

275 595 334 678 tis,
349 602 388 665 et
405 614 509 666 usum
535 592 771 666 nescientibus
795 592 994 665 literarum:
1022 602 1085 665 eut
1106 594 1208 686 sique
1233 605 1322 665 sunt

274 710 394 793 literis,
433 710 814 803 conscriptionibusque
852 711 1027 794 mendete,
1065 709 1321 783 malevolentia

275 828 485 909 demonum,
510 848 659 921 quorum
689 849 773 897 cure
802 834 842 896 et
868 826 1026 897 studium
1059 834 1115 899 est
1142 826 1237 899 benc
1265 829 1321 897 in-

275 943 448 1039 tercipere
475 942 671 1027 veritatem,
701 952 740 1014 et
768 942 1003 1015 consimilium
1031 943 1088 1015 his
1120 944 1319 1025 hominnm,

276 1061 486 1157 interpolate
502 1060 673 1154 quedem,
689 1070 728 1131 et
744 1061 874 1145 addite,
890 1063 1020 1154 pertim
1043 1071 1193 1145 mntete,
1210 1072 1319 1155 etque

276 1181 434 1253 1161111616
463 1179 588 1263 verbis,
618 1177 769 1273 syllabis,
798 1178 920 1262 literis,
949 1186 992 1249 111
1022 1188 1059 1248 61
1088 1180 1316 1271 pnrdentinm

275 1296 429 1373 tardaret
454 1294 572 1377 fidem,
595 1302 633 1364 et
656 1302 836 1387 gestorum
862 1302 1102 1387 corrumperet
1128 1292 1224 1389 (for.
1248 1305 1318 1368 161-

277 1412 715 1505 durent—corrumperent
738 1408 840 1483 Fulo.
867 1409 1031 1504 Ursinus)
1056 1413 1315 1483 encteritetem.

277 1527 349 1607 Sed
371 1550 551 1620 nunquem
567 1526 683 1609 fuerit,
706 1526 762 1599 bis
782 1526 873 1598 bene
888 1537 930 1599 111
947 1526 1110 1599 Christus
1125 1529 1187 1620 qui
1210 1529 1318 1599 fuerit

277 1644 456 1717 literarum
481 1643 693 1717 testimoniis
716 1642 920 1737 colligetur:
951 1646 1052 1738 cujus
1075 1646 1113 1715 in
1137 1645 1175 1717 id
1200 1644 1318 1715 solnm

277 1760 418 1835 dimisse
434 1768 516 1831 sunt
533 1782 657 1844 ceuse3
674 1768 716 1830 ut
732 1760 763 1831 si
779 1781 856 1831 esse
867 1760 1065 1831 constiterit
1077 1782 1121 1831 ee
1132 1782 1228 1843 1616,
1240 1785 1319 1854 que

277 1878 433 1959 dicimus,
447 1876 664 1949 confessione
681 1879 840 1949 omnium
854 1876 952 1947 Deus
968 1876 1076 1950 fuisse
1089 1886 1318 1949 monstretur.

327 1993 448 2067 LVII.
466 1993 553 2065 Non
575 1994 717 2065 creditis
739 1993 877 2086 scriptis
899 1995 1037 2076 nostris,
1054 2001 1092 2065 61
1108 2015 1173 2065 nos
1191 1997 1321 2067 vestris

276 2134 347 2186 non
376 2112 551 2183 oredimus
580 2110 728 2204 scriptis.
779 2109 884 2183 Felse
911 2112 956 2181 de
985 2108 1126 2183 01111616
1158 2113 1321 2204 compin-

275 2230 402 2323 gimus,
427 2238 465 2301 61
501 2250 562 2301 166
596 2228 642 2299 de
669 2228 736 2299 diis
764 2229 889 2301 vestris
917 2229 1036 2299 166616
1063 2237 1101 2299 61
1129 2228 1219 2299 feles
1241 2230 1321 2322 jec-

277 2346 370 2417 tetis.
433 2344 561 2439 Neque
586 2346 680 2415 enim
707 2343 798 2416 coelo
822 2344 922 2418 Deus
947 2343 1073 2436 aliquis
1100 2343 1219 2437 lcpsus
1250 2356 1319 2427 est,

277 2469 339 2533 cut
361 2463 432 2533 suis
456 2484 512 2535 res
537 2469 670 2533 vestros
695 2470 954 2534 oommentetos
978 2469 1034 2533 est
1055 2461 1229 2545 menibus,
1253 2471 1321 2533 ent

277 2576 413 2651 retione
437 2577 609 2651 consimili
639 2579 767 2649 nostris
795 2578 910 2660 rebus,
936 2585 975 2649 et
1002 2576 1230 2671 religionibus
1256 2577 1321 2649 de·

277 2694 425 2788 regerit.
477 2694 537 2765 Ab
570 2694 771 2766 hominibus
799 2693 874 2764 hsec
903 2694 1042 2787 scripte,
1071 2703 1110 2766 61
1137 2693 1201 2765 ille
1231 2704 1320 2767 sunt

277 2812 322 2885 eb
354 2810 555 2883 hominibus
587 2811 726 2903 scripte,
758 2810 966 2883 mortalibus
1000 2810 1206 2883 edissertate
1245 2835 1318 2884 ser-

276 2928 450 3012 monibus,
463 2936 501 2999 et
514 2927 680 3021 quicquid
693 2927 809 2999 dicere
825 2928 870 2998 de
882 2928 1011 2999 nostris
1022 2928 1321 3021 conscriptoribus

278 3045 507 3127 intenderitis,
524 3052 563 3115 et
587 3044 632 3115 ds
659 3044 784 3115 vestris
807 3043 883 3114 hoec
904 3044 1000 3115 dicte
1023 3045 1165 3136 peribus
1185 3046 1319 3115 sumite

276 3168 383 3254 etque
399 3157 567 3230 habetote
588 3159 787 3231 momentis
838 3156 961 3230 Vultis
976 3180 1059 3230 1616
1080 3178 1166 3244 eme,
1183 3182 1264 3251 qne
1278 3160 1317 3229 111

277 3275 400 3347 1661116
417 3250 667 3368 eomprehe'nse
689 3282 773 3345 sunt
794 3275 953 3367 seriptis:
978 3286 1017 3347 et
1032 3297 1110 3367 quse
1130 3276 1168 3347 16
1186 3277 1319 3348 nostris

277 3392 482 3487 consignate
506 3400 589 3461 sunt
610 3390 731 3475 literis,
748 3392 984 3463 confiteemini
1005 3414 1148 3467 neccsse
1163 3402 1220 3463 661
1238 3414 1317 3463 esse

278 3532 369 3580 vere
421 3506 599 3581 Falsitetis
614 3508 760 3602 arguitis
781 3530 839 3579 res
859 3518 1013 3579 nostres:
1043 3518 1082 3581 et
1103 3532 1169 3580 nes
1185 3523 1318 3581 vestrm

226 3710 228 3715 .
278 3626 455 3722 arguimus
471 3623 644 3697 felsitetis.
695 3623 768 3696 Sed
787 3626 984 3717 antiquiore
1004 3625 1179 3720 (inquitis)
1195 3635 1319 3699 666116

278 3750 370 3825 sunt,
387 3764 428 3815 ec
445 3764 508 3835 per
523 3741 591 3813 boc
607 3741 689 3814 fidei
706 3750 746 3813 et
764 3743 922 3813 1611111116
943 3740 1155 3835 plenissime
1204 3742 1318 3826 Qnesi

277 3882 360 3931 vero
389 3880 545 3931 errorum
572 3880 644 3929 non
672 3859 863 3951 antiquitus
887 3858 1090 3952 plenissime
1115 3866 1231 3931 meter
1258 3862 1317 3941 611,

278 3983 315 4045 61
340 3996 414 4049 1166
437 3973 514 4067 ipse
535 3976 710 4069 pepererit
734 3997 794 4047 res
814 3998 884 4058 ess,
908 3999 986 4069 quoe
1009 3975 1229 4067 turpissimas
1248 3976 1318 4049 diis

277 4100 379 4161 notes
402 4090 641 4183 ignominiosis
662 4093 960 4163 concinnaverunt
980 4093 1019 4163 in
1034 4091 1174 4163 fabulis.
1215 4090 1318 4165 Ante

276 4202 387 4276 millis
420 4206 514 4275 enim
545 4216 715 4277 annornm
747 4206 870 4279 decem
906 4232 977 4280 non
1005 4217 1200 4301 potuerunt
1228 4208 1320 4283 fele
