2867 4817
278 330 343 393 2oe
615 324 996 389 ANNOTATIONES

322 498 363 564 Ρ.
381 517 449 583 153.
465 498 487 561 1„
505 512 556 583 15.
572 495 746 561 neoessitaa
767 496 886 561 institit
928 496 1002 560 Hoe
1023 518 1064 560 ex
1081 494 1229 559 Rhenani
1248 496 1334 561 edit.

279 585 392 653 ultima
414 584 518 669 reeepi
540 590 574 647 et
590 582 693 647 Paris.
711 582 824 668 prima
946 583 1012 647 'bet
1026 582 1168 666 ejusdem
1182 581 1334 646 Rhenani

280 671 378 739 editio
400 671 546 755 prineeps
575 669 718 747 instituit,
741 690 838 754 quam
862 668 990 754 quidem
1015 668 1183 733 lectionem
1210 668 1335 733 ,Iunius

279 756 422 844 praetulit
436 756 479 820 illi
495 755 669 821 editionum
683 755 905 839 posteriorum,
920 777 967 819 eoa
979 755 1136 818 meeeeitea
1149 756 1248 838 meost.

324 843 406 907 lbid.
418 842 440 905 l.
456 862 507 926 19.
524 842 570 906 ita
585 849 618 906 et
630 842 736 926 nobis]
750 841 909 906 Additum
924 848 974 906 est
988 848 1062 926 post
1076 841 1145 905 haee
1156 863 1177 904 a
1187 840 1333 926 Rigaltio

279 938 308 995 a
327 952 350 994 a
371 927 463 1006 nott,
479 928 564 1012 qued
586 949 658 991 oum
682 926 773 1013 Lupo
798 935 897 1012 atque
919 926 1091 991 Thomasio
1113 927 1214 1005 omisi,
1230 927 1333 991 unde-

281 1014 688 1185 eurlrgffiugsadgggtffit
708 1100 768 1163 se'
793 1107 875 1164 turae
889 1099 957 1183 jam
979 1098 1053 1163 inde
1072 1100 1115 1164 ab
1138 1099 1229 1164 initio
1249 1100 1333 1181 suo]

282 1187 465 1271 Voeesjam
480 1186 551 1251 indo
565 1185 674 1251 addidi
688 1207 729 1249 ex
779 1186 856 1249 reini
876 1186 984 1249 oodiee
997 1185 1083 1270 apud
1100 1184 1332 1257 Wouwerium‚

282 1296 363 1359 quas
385 1274 512 1358 quidem
532 1272 672 1358 neglexit
687 1272 856 1357 Rigaltius.
903 1271 1038 1335 Habent
1051 1294 1161 1335 vooem
1173 1270 1255 1347 inde,
1271 1272 1334 1335 sed

281 1368 358 1424 ante
385 1360 547 1445 scripture
576 1358 724 1443 positam,
754 1358 825 1422 edd.
853 1357 999 1422 Rhenani
1027 1367 1062 1423 et
1088 1358 1189 1422 Paris
1213 1357 1331 1442 prima.

280 1448 363 1513 oum
387 1446 500 1510 aberat
521 1450 629 1509 autem
651 1466 712 1507 vox
735 1451 872 1529 utraque
893 1445 935 1509 ab
957 1443 1049 1509 editt.
1065 1444 1169 1508 Paris.
1189 1443 1273 1507 anda
1294 1450 1333 1508 et

283 1532 422 1597 Franek.
452 1530 541 1615 eujus
577 1537 627 1594 est
663 1536 773 1594 textus
809 1530 952 1608 Pamelii,
989 1530 1157 1615 legendum
1192 1529 1333 1615 oonjeeit

280 1618 305 1682 J
307 1618 408 1694 unius,
424 1616 504 1681 smda
517 1617 682 1701 emptam
695 1614 735 1680 ab
749 1615 839 1680 initio
852 1638 915 1680 rao.

326 1703 408 1767 Ibid.
429 1704 451 1767 Ι.
471 1705 523 1767 26.
547 1724 586 1767 ex
610 1701 672 1765 illis
697 1724 815 1779 sumus,
838 1710 1012 1787 antequam
1036 1702 1115 1766 nihil
1136 1700 1231 1767 aliter
1255 1702 1330 1779 fuit,

281 1810 378 1873 quam
393 1810 511 1853 summ.
556 1788 639 1869 Quid
654 1788 790 1873 denique
803 1788 876 1863 fuit,
889 1796 1063 1875 antequam
1077 1812 1099 1853 a
1119 1788 1210 1853 nobis
1231 1788 1332 1853 inter-

281 1874 482 1960 polarenturl
500 1874 552 1939 Sia
566 1874 659 1940 editt.
674 1882 752 1939 ante
766 1874 950 1974 Rigaltium,
966 1874 1026 1939 nisi
1045 1874 1132 1959 quod
1145 1874 1332 1959 praepositio

282 1982 303 2023 a
324 1968 401 2026 mite
422 1960 505 2025 mbr}
526 1960 559 2024 in
581 1961 654 2024 edd.
670 1960 817 2025 Rhenam
835 1967 869 2025 et
884 1961 987 2025 Paris.
1004 1962 1109 2045 prima
1129 1961 1228 2026 deeet.
1273 1961 1331 2024 Ad

281 2047 651 2219 tttdn'ttttt
664 2046 1334 2219 transnominaret

282 2218 371 2291 titt,
401 2219 488 2284 haud
517 2218 608 2283 male.
663 2218 822 2304 Rigaltius
850 2226 959 2283 autem
986 2240 1132 2283 maneam
1162 2218 1331 2284 tectionem

282 2312 510 2455 mnam
515 2326 561 2406 'ex
576 2304 766 2477 repetition&
780 2305 1186 2477 verbmyrttaw
1200 2313 1333 2456 unffi

382 2414 458 2467 ‚a
508 2411 695 2468 wewam
763 2412 836 2455 aem
970 2414 1026 2471 a,
1168 2414 1235 2457 ma

282 2476 547 2562 intopotsrmtar.

328 2564 366 2627 Ρ.
383 2580 453 2648 154.
468 2564 488 2627 l.
504 2582 530 2626 r.
545 2568 580 2626 et
593 2561 686 2647 primi
701 2569 786 2628 etex
801 2562 893 2649 ipsis]
906 2563 1002 2627 Hane
1016 2563 1164 2629 editionis
1178 2562 1331 2649 principis

283 2649 460 2727 leetionem,
476 2656 511 2714 et
525 2648 547 2711 J
550 2648 623 2713 unio
645 2650 824 2733 probatam,
840 2650 967 2734 praetuli
988 2650 1033 2713 illi
1054 2650 1230 2715 editionum
1244 2649 1331 2713 Rhe-

282 2736 453 2801 nanianam
474 2743 508 2801 et
523 2734 624 2799 Paris.
646 2735 783 2819 primam
801 2736 1070 2820 subsequentium,
1084 2759 1107 2799 a
1119 2736 1282 2821 principio
1302 2745 1332 2800 et

275 2823 388 2908 pra'nri.
432 2822 535 2887 Paulo
555 2826 631 2885 ante
653 2821 825 2907 seripserat
844 2830 967 2899 auetor,
989 2844 1027 2886 ee
1045 2822 1111 2887 tte
1133 2822 1328 2909 (seripturis)

281 2930 393 2973 mmm.

327 2994 445 3058 Ibidl.
466 3013 515 3074 14.
540 2993 620 3057 Haee
645 2999 722 3057 sunt
748 2991 756 3007 '
820 2994 886 3077 nia]
915 2993 969 3059 Ita
996 2994 1087 3059 editt.
1111 2994 1330 3080 Rigaltianam

282 3080 506 3165 praeeedentes,
531 3080 563 3144 in
592 3078 646 3143 illa
671 3014 908 3166 enimmiigaltii
931 3087 1025 3146 extat
1046 3082 1150 3145 Erant
1181 3103 1241 3166 pro
1265 3082 1331 3144 tm

281 3176 359 3229 eant.
404 3164 552 3266 dlteram
566 3187 640 3229 vero
661 3164 829 3230 lectionem
850 3188 923 3231 oum
938 3166 1030 3253 Lupo
1044 3176 1142 3254 atque
1157 3167 1330 3232 Thomasio

282 3274 445 3402 affini·
463 3356 514 3401 21.
531 3358 594 3421 quo
612 3336 686 3486 jusi(
708 3336 761 3401 Sio
782 3337 875 3403 editt.
897 3340 1053 3404 Rhenani.
1098 3338 1232 3404 Habent
1254 3340 1327 3407 edd.

283 3423 387 3488 Paris.
406 3424 490 3487 enda
508 3430 541 3488 et
558 3422 663 3486 Frane
689 3470 696 3483 .
712 3424 768 3499 vo,
784 3445 843 3508 pro
856 3447 913 3525 qao
919 3425 985 3509 joa.
1007 3425 1031 3489 J
1032 3426 1126 3489 unius
1138 3426 1207 3489 vult
1220 3426 1326 3525 legere

284 3510 392 3590 Quieta
555 3509 589 3587 ir,
605 3510 692 3594 quod
710 3509 838 3594 quidem
857 3534 927 3596 Jam
948 3518 1135 3597 reposuerat
1154 3511 1328 3593 Quintinae

282 3596 315 3659 in
330 3595 405 3661 edit.
421 3618 480 3661 sua
517 3595 588 3679 ujus
602 3602 763 3661 traetatus
776 3618 861 3661 anno
881 3600 958 3681 1561
975 3599 1062 3683 typis
1083 3599 1247 3671 mandata.
1265 3599 1328 3663 Pa·

281 3682 375 3747 melio
389 3690 473 3747 teste
488 3682 521 3747 in
535 3681 630 3745 notis.
655 3682 714 3747 Ait
729 3704 804 3747 vero
815 3683 1015 3749 Wouwerius
1029 3684 1170 3749 oodieem
1186 3685 1261 3750 MS.
1272 3685 1329 3749 ha·

281 3770 357 3833 bere
371 3769 591 3854 quoniamque
606 3768 837 3833 emendandum
851 3790 989 3847 sensere,
1001 3792 1064 3857 qao
1077 3771 1178 3845 aidau
1195 3773 1283 3857 quod
1294 3781 1329 3838 et

281 3855 314 3918 in
329 3855 380 3918 ed.
397 3855 500 3919 Paris.
521 3874 590 3917 rma
610 3854 755 3919 extitisse
777 3877 861 3919 nune
874 3856 976 3920 video.
1021 3857 1133 3921 Edidit
1154 3858 1238 3922 eides
1260 3858 1329 3923 sine

280 3962 342 4026 qua
357 3940 523 4042 Rigaltius
570 3939 651 4003 Mihi
667 3940 795 4025 quidem
806 3941 942 4020 videtur,
954 3964 1026 4007 eum
1040 3943 1141 4007 faeilis
1155 3944 1198 4009 sit
1212 3944 1328 4009 harum

280 4048 392 4091 voeum
407 4034 491 4091 mter
505 4048 539 4091 se
553 4026 700 4105 mutatio,
716 4049 792 4091 nam
806 4026 840 4091 in
853 4050 922 4113 eap.
940 4047 968 4095 a.
984 4030 1057 4094 libri
1071 4030 1121 4093 Do
1139 4032 1330 4115 Spectaculis

280 4112 364 4177 vides
378 4134 436 4199 pro
452 4113 498 4176 eia
517 4119 603 4177 reete
625 4114 799 4197 repositum
820 4122 880 4188 est,
897 4116 1063 4201 legendum
1079 4138 1148 4180 esse
1162 4138 1220 4201 qao
1232 4117 1328 4195 eides,

280 4206 318 4262 ut
332 4206 537 4263 construatur
550 4198 717 4263 relativum
731 4221 789 4284 qao
803 4220 875 4263 eum
888 4224 964 4266 voee
1082 4202 1096 4265 t
1147 4249 1155 4264 .
1182 4202 1330 4288 Antiqua

280 4304 402 4360 manus,
418 4306 475 4348 nee
490 4284 581 4363 male,
594 4284 701 4368 judiee
716 4286 844 4371 quidem
858 4224 1196 4373 semkrfflenpeit
1208 4289 1307 4373 cujus.
