2867 4817
275 294 340 359 342
612 297 992 363 ANNOTATIONES

277 466 399 532 deoimo
413 467 529 533 saeoulo
544 468 682 553 seriptus
692 476 752 547 est,
767 477 886 555 praeter
894 469 1090 535 Drurisnum
1104 470 1323 548 resentiorem,

276 575 370 638 quem
396 575 460 618 non
480 554 637 643 possideo.
682 556 786 621 Extat
807 556 920 620 itidem
940 577 1001 620 vox
1026 555 1139 621 lotitia
1160 557 1195 620 in
1215 558 1325 622 oodioe

276 640 414 724 quodem
440 640 679 707 vindobonensi
704 641 810 707 saeouli
836 641 939 707 XIII.
997 641 1074 706 Vid.
1099 643 1197 707 Derris
1223 643 1323 709 saul.

276 726 337 789 vol.
355 724 400 791 ΙΙ.
426 725 485 793 ool.
514 746 607 811 2129.
652 730 749 794 Adde
774 729 860 813 quod
884 728 971 793 nulle
999 728 1137 793 varietas
1166 729 1227 794 hoo
1254 730 1325 794 loeo

278 819 393 877 notate
407 821 457 879 est
472 815 505 878 in
520 814 707 879 lectionibus
721 816 799 879 edit.
815 814 920 879 Oxou.
936 815 1098 897 subjectis.

320 898 400 963 Ibid.
421 900 442 965 l.
456 902 504 966 18.
526 900 664 987 insipere
684 902 831 987 regnare]
857 900 967 967 (lodex
990 900 1182 968 Serbonious
1200 902 1236 966 is
1247 924 1322 987 per-

296 993 371 1049 etno.
424 986 517 1051 Alius
545 995 645 1065 vetus,
681 1010 749 1053 com
785 988 905 1052 Cholle
935 997 1083 1073 perpetuo
1115 998 1324 1073 repentem.

306 1094 393 1136 nnus.
439 1073 523 1137 Olim
549 1074 675 1159 scripsit
699 1073 723 1136 J
725 1096 795 1138 oen
824 1073 920 1139 Fred.
947 1074 1126 1139 Gronovius
1158 1072 1323 1139 otiosae.

273 1156 312 1221 de
333 1158 540 1243 Serippo-itm
563 1160 738 1225 Eocbsiost.
764 1166 838 1247 post
863 1159 1038 1225 adductum
1063 1160 1147 1225 huno
1172 1160 1324 1245 (lyprisni

274 1242 396 1309 locum:
425 1247 600 1332 “Inospsro
622 1268 758 1333 reptare.
797 1246 1014 1320 Membrenae3
1039 1245 1093 1330 qui
1113 1268 1149 1311 se
1170 1267 1235 1310 non
1256 1268 1324 1311 ore-

276 1336 295 1367 “
310 1330 368 1395 dut
382 1352 454 1395 oum
468 1332 596 1397 Christo
616 1333 649 1396 in
668 1340 823 1419 perpetuo
840 1354 984 1418 regnare.
1031 1332 1125 1413 Quod
1144 1332 1240 1397 oredo
1254 1354 1324 1397 mu-

275 1422 294 1451 “
309 1429 404 1497 tasse,
427 1418 541 1503 quibus
563 1418 731 1485 videbatur
750 1419 948 1485 inoommode
968 1418 1109 1503 positum
1130 1418 1233 1482 solum
1257 1439 1323 1503 roy-

275 1508 294 1537 “
308 1524 392 1581 mre,
417 1504 508 1589 qussi
527 1505 596 1589 jam
618 1526 701 1569 nuno
722 1511 866 1589 regnent.
911 1503 960 1568 At
984 1503 1114 1589 optimis
1138 1504 1324 1571 auctoribus

275 1594 295 1623 ‘³
309 1611 450 1674 praesons
464 1590 610 1655 infinitivi
624 1614 683 1677 pro
697 1592 808 1655 futuro
823 1590 987 1655 usitatum.
1012 1590 1123 1655 Oioero
1133 1590 1188 1655 lib.
1200 1590 1262 1654 IV.
1278 1590 1324 1655 nd

274 1680 294 1709 “
309 1676 474 1740 Attioum:
509 1678 582 1741 (loto
604 1687 704 1743 tomen
725 1678 859 1759 affimat
879 1698 910 1741 se
933 1677 1000 1740 oleo
1024 1676 1115 1741 dlnm
1132 1698 1191 1740 ooo
1213 1678 1324 1741 τῆνον-

274 1767 293 1795 “
302 1762 414 1846 ploro.
432 1762 540 1827 Livius
553 1763 606 1829 lib.
620 1763 790 1829 XXXIV.
813 1763 939 1827 Postero
948 1762 1000 1826 die
1010 1761 1114 1827 Nobis
1124 1764 1221 1847 Arpis
1233 1784 1264 1827 se
1277 1785 1324 1827 eo-

274 1852 293 1883 “
308 1848 380 1913 dere
393 1850 783 1937 aododuosreprcreidm
795 1848 916 1935 quoodo
925 1849 973 1913 ito
983 1849 1131 1913 Ιίνονανὶν
1137 1848 1284 1934 plueret,
1293 1860 1325 1914 ot

273 1940 294 2055 t:
308 1934 1322 2108 ...ssim

273 2103 427 2172 Deventr.
452 2108 571 2173 Verum
579 2115 688 2174 tnmen
698 2109 746 2173 its
753 2107 866 2173 soribit
874 2107 1051 2191 Cyprianus
1061 2106 1232 2182 infrmilb‘o
1245 2129 1323 2173 oern-

269 2203 417 2275 paramo
429 2194 537 2273 desnos,
554 2194 608 2260 ubi
624 2194 801 2279 inciperent
815 2214 941 2278 semper
958 2192 1116 2270 habitere,
1132 2192 1170 2257 de
1186 2195 1280 2277 opero
1292 2204 1324 2259 ot

272 2277 415 2343 Ehemm.
432 2302 501 2366 oep.
511 2281 632 2367 penult.
670 2282 774 2345 Porro
793 2280 914 2344 hebent
933 2278 1031 2363 aliqui
1046 2279 1132 2363 opud
1144 2278 1176 2343 S.
1184 2279 1322 2343 Paulum

270 2363 317 2427 od
334 2366 486 2431 Romanos
500 2367 562 2431 viii.
583 2388 632 2451 ¹3·
670 2368 709 2432 Si
735 2367 817 2431 enim
838 2364 1000 2429 wormdwn
1024 2386 1147 2429 comem
1169 2364 1320 2441 νίνννίτὶε,

271 2451 424 2537 milewsk
448 2454 536 2531 mori,
555 2453 685 2531 μέλλετε
704 2450 916 2531 ἀποθνήσκειν.
965 2450 1076 2535 Neque
1095 2456 1224 2515 mutent
1242 2450 1323 2536 quid

270 2536 332 2600 hoe
347 2538 496 2623 prrisni
511 2539 590 2618 looo,
606 2540 732 2604 oodioes
746 2538 860 2623 quibus
874 2558 951 2601 usus
964 2558 1035 2601 sum
1051 2536 1149 2601 MSti.

316 2622 354 2687 P.
368 2640 440 2708 279.
454 2624 475 2689 l.
488 2645 538 2690 oo.
555 2626 727 2690 vinolentia
740 2624 855 2689 invitet
886 2623 963 2688 For.
978 2622 1090 2707 meu.
1105 2621 1223 2687 irritet.

316 2709 398 2775 ibid.
412 2711 433 2775 l.
445 2730 496 2778 αν.
513 2712 646 2797 Cogeris
660 2710 847 2776 moledieere
881 2708 992 2774 Etiam
1002 2707 1131 2774 christo
1146 2708 1320 2773 interdum.

315 2794 398 2859 Ibid.
414 2797 436 2861 l.
449 2816 501 2883 23.
525 2798 730 2883 compelleris
749 2796 867 2880 jur-ere,
883 2794 969 2880 quod
985 2815 1050 2859 non
1069 2791 1159 2878 lieet]
1185 2794 1250 2857 Per
1265 2816 1321 2880 ge-

270 2882 359 2946 nium
388 2882 532 2957 Gesseris,
559 2893 617 2949 sut
645 2884 808 2947 fortunam
836 2880 913 2965 ejus
960 2880 1012 2945 Sio
1040 2880 1209 2965 proeonsul
1232 2880 1321 2965 opud

272 2968 391 3033 Euseb.
414 2969 467 3034 lib.
482 2971 540 3035 IV.
563 2984 652 3055 o.15.
673 2970 743 3033 loeo
766 2966 974 3053 praelaudato,
1002 2965 1179 3051 Polyoarpo
1202 2965 1323 3051 ingerit

270 3056 384 3133 ὄμοσον
393 3054 447 3134 τὴν
462 3058 614 3139 Καίσαρος
628 3058 730 3139 τύχην,
741 3054 792 3119 oui
805 3053 858 3117 ille
871 3050 1046 3138 respondit,
1057 3056 1133 3131 μετὰ
1142 3053 1320 3133 volturios,

270 3141 368 3218 ἄκουε,
385 3144 565 3222 Χριστιανός
581 3145 649 3224 εἰμι.
687 3140 827 3205 Proinde
842 3138 1057 3204 Tertullianus
1070 3138 1104 3202 iu
1115 3137 1211 3223 Apol.
1226 3159 1255 3203 o.
1265 3158 1322 3223 32.

269 3226 348 3290 dioit
367 3226 554 3291 Otrlstiorws
566 3228 690 3311 jerom,
711 3227 790 3291 siout
809 3246 869 3290 sou
883 3247 945 3311 per
962 3224 1063 3309 pessos
1087 3225 1253 3302 Ooesornm,
1273 3225 1323 3290 ito

262 3333 325 3397 por
337 3312 463 3377 oneum
476 3335 577 3377 serron
593 3314 668 3398 (hoo
683 3320 734 3378 est
748 3312 867 3394 Deum)
883 3332 951 3397 quo
964 3309 1323 3397 memorantibus

265 3398 374 3482 pende.
421 3400 556 3465 Interim
569 3404 678 3465 tornen
697 3420 762 3463 non
779 3404 830 3463 est
848 3396 1118 3476 dissimulandum,
1133 3396 1231 3461 verbe
1250 3396 1322 3462 haeo

268 3484 311 3548 nd
326 3484 580 3549 meledioentism
595 3492 628 3551 et
644 3484 775 3570 jurandi
791 3505 893 3562 russum,
908 3483 942 3548 in
961 3484 1120 3548 communi
1139 3482 1216 3561 vito,
1232 3490 1322 3549 reete

268 3591 361 3656 pesse
376 3570 496 3636 referri.
520 3570 651 3636 anms.
683 3570 860 3656 Gyprinnus
874 3570 911 3635 de
924 3570 1009 3634 Bono
1024 3569 1192 3635 Potieots'ae
1201 3590 1234 3653 p.
1246 3586 1264 3633 2
1265 3588 1320 3653 52.

268 3655 1322 3741 ed.Bnlunii—deirsdsutoonjnros,mqswmoledioos‚rdtuo

267 3740 452 3808 obem
476 3754 604 3831 repeton,
630 3752 664 3808 ut
688 3751 811 3828 eccepto
839 3741 936 3826 alapa
961 3740 1322 3807 doberommooillom

268 3827 439 3894 vermi
451 3830 600 3916 proboso,
616 3840 650 3894 ut
662 3830 768 3914 fratri
781 3828 817 3891 in
830 3836 859 3891 to
869 3828 1013 3926 μοναί
1027 3830 1086 3891 Iso.
1130 3825 1204 3903 Sed
1219 3848 1321 3911 quen-

269 3936 366 3998 quem
386 3916 515 3981 minime
537 3939 577 3981 ne
619 3916 716 3980 ndum
741 3920 800 3990 est,
824 3933 900 3997 qmn
925 3911 1051 3998 plurimi
1072 3918 1196 3977 veteres
1221 3913 1321 3998 serip-

269 4007 355 4065 tores
377 4005 453 4067 κατὰ
476 4002 530 4081 τὴν
555 4010 576 4066 λ
593 4009 640 4082 ξιν
665 3997 870 4085 interpretati
892 3998 958 4063 sint
980 3998 1099 4067 Christi
1122 4004 1157 4062 et
1180 3999 1321 4083 apostoli

268 4084 384 4151 Jsoobi
406 4088 447 4151 de
468 4110 532 4152 non
549 4088 689 4173 jurando
709 4093 915 4173 praeoeptum,
930 4084 1079 4151 discimus
1099 4090 1209 4150 temen
1228 4084 1321 4150 lestis

268 4171 339 4236 eliis
356 4173 540 4239 auctoribus
559 4172 788 4251 eeolesinstiois,
804 4172 892 4257 opud
906 4170 1104 4237 Christianos
1123 4191 1249 4256 semper
1268 4171 1319 4235 in·

269 4257 402 4323 valuisse
411 4259 473 4322 rite
487 4266 520 4323 et
530 4258 675 4344 rsIIgiese
686 4258 817 4343 jurnndi
827 4279 956 4323 morem.
987 4258 1084 4323 (lons.
1095 4256 1188 4333 enim,
1201 4264 1322 4341 proeter
