2867 4817
472 335 539 399 DE
559 334 820 399 ORATIONE.
1113 334 1175 399 115

120 532 230 579 suam.
282 508 387 592 Quid
410 518 468 581 est
498 510 610 582 omnia
644 508 778 593 mulier,
806 511 872 579 nisi
892 511 1016 595 tomnis
1048 513 1175 593 aetetin,

120 628 235 695 omnis
269 624 416 710 ordinis,
449 630 565 697 omnis
599 628 834 699 conditionis?
880 610 983 697 Nihil
1016 627 1175 699 mulieris

119 744 265 835 exeipit,
294 744 449 814 dieendo
478 743 590 815 omnia
601 769 613 824 ,·
648 745 741 815 sicui
766 767 832 815 nee
860 744 915 813 vir
940 766 1006 815 nec
1034 744 1172 816 velandi

120 856 212 953 (sor.
231 882 302 931 nee
319 861 467 931 investis
484 860 683 953 velandus),
699 862 849 954 proinde
866 862 962 931 enim
979 862 1091 931 omnis
1108 862 1172 946 air,

93 976 236 1068 sinquit
253 977 292 1069 (l
315 976 396 1047 Cor.
414 979 463 1048 xi.
481 982 542 1069 5.).
593 978 699 1049 Sicut
715 1001 801 1072 ergo
818 979 855 1047 in
872 977 1066 1049 masculino
1084 1002 1173 1051 sexu

118 1094 183 1163 snb
200 1094 270 1163 viri
296 1095 442 1165 nomine
466 1095 576 1164 etiam
601 1097 747 1166 investis
765 1094 873 1165 velari
890 1104 1041 1177 vetatur,
1059 1096 1111 1166 ita
1135 1106 1173 1168 et

118 1212 154 1279 in
178 1211 356 1281 feminino
378 1211 446 1281 snb
472 1214 614 1283 nomine
635 1211 794 1282 mulieris
819 1213 929 1283 eiiam
948 1214 1047 1306 virgo
1064 1212 1172 1285 velari

112 1329 273 1420 jubetur.
325 1326 526 1419 AEnualiier
556 1330 594 1398 in
627 1336 779 1421 utroque
814 1350 902 1399 sexu
936 1330 1053 1399 minor
1084 1338 1172 1401 aeias

118 1446 263 1536 majoris
279 1454 451 1536 sequatur
464 1444 704 1538 disciplinam:
722 1454 786 1516 aut
797 1444 961 1516 velentur
973 1454 1010 1515 et
1021 1448 1172 1541 virgines

76 1561 277 1643 10masculi,
295 1564 325 1633 si
342 1586 414 1632 non
432 1562 596 1633 velantur
610 1572 649 1633 et
666 1563 818 1656 virgines
835 1561 988 1644 feminae,
1007 1565 1090 1655 quia
1106 1588 1172 1636 nee

116 1680 174 1747 isti
200 1678 418 1748 nominatim
443 1686 621 1748 tenentur.
673 1677 786 1748 Aliud
812 1680 858 1747 sit
876 1680 938 1761 vir,
957 1687 995 1749 ei
1015 1680 1171 1763 investis,

116 1796 143 1863 si
159 1795 260 1866 alind
278 1804 336 1865 est
352 1794 490 1878 mulier,
508 1804 546 1865 et
564 1798 672 1889 virgo.
709 1796 852 1888 Nempe
863 1805 1010 1890 prepter
1025 1794 1170 1894 anyelm,

115 1912 175 1991 ait,
193 1911 316 2005 (ibid.)
333 1910 442 1982 velari
459 1925 631 2006 oportere,
649 1914 744 2004 quod
770 1912 887 2006 angeli
913 1923 1058 2006 propter
1081 1915 1170 1986 filias

116 2026 306 2098 hominum
323 2030 548 2100 desciverunt
564 2054 586 2100 a
602 2028 692 2100 Deo.
747 2029 836 2113 Quis
859 2053 943 2124 ergo
967 2033 1169 2115 contendat,

74 2145 210 2222 ¹3solas
234 2146 415 2228 mulieres,
435 2147 473 2215 id
498 2156 554 2217 est
575 2156 705 2239 nuptas
728 2147 815 2239 jam,
834 2156 871 2217 et
890 2149 1082 2242 virginitati
1109 2150 1169 2219 de·

114 2264 259 2334 functas
286 2265 583 2357 concupiscentia
611 2262 704 2359 (for.
735 2266 937 2358 virginitate
973 2266 1167 2351 defimaias,

114 2382 416 2474 eoncupiscentia
443 2381 576 2474 inisse),
603 2382 671 2452 nisi
696 2383 726 2452 si
756 2406 828 2452 non
855 2382 939 2453 lieet
961 2393 998 2453 et
1017 2384 1168 2478 virgines

114 2500 236 2591 speeie
252 2506 434 2591 praestare,
452 2507 490 2569 et
506 2507 683 2570 amatores
698 2500 856 2570 invenire
867 2499 978 2570 iimo
996 2500 1166 2583 videmus,

113 2616 211 2707 quod
229 2639 303 2685 non
320 2614 409 2701 (dele
432 2639 513 2700 non,
530 2614 770 2705 Muraiorius)
791 2617 942 2710 virgines
968 2616 1059 2687 solas
1085 2641 1167 2688 con-

72 2755 106 2795 20
114 2734 305 2825 cupierint,
323 2756 433 2825 quum
447 2733 542 2804 dieat
555 2734 728 2826 scriptura
734 2732 836 2827 filias
852 2730 1038 2817 dominnm,
1057 2734 1165 2824 (Gen,

114 2852 158 2920 vi.
179 2855 233 2943 2.)
261 2853 347 2943 quia
373 2851 492 2943 potuit
519 2872 648 2921 uxores
673 2850 859 2920 hominum
885 2852 1084 2921 nominasse
1108 2852 1165 2923 vel

113 2970 268 3038 feminas
284 2966 535 3038 indifferenter.
562 2967 683 3038 Etiam
700 2968 796 3059 quad
812 2969 881 3037 ait:
899 2966 950 3037 Et
966 2979 1166 3063 ascopa-unt

111 3084 180 3156 aii
207 3085 250 3155 ia
278 3106 413 3166 uxorea,
435 3083 551 3179 (ibid.)
572 3108 616 3154 eo
641 3084 736 3168 facit,
763 3086 858 3177 qnod
884 3087 1106 3179 accipiuntur
1128 3089 1164 3159 in

112 3225 254 3284 uxores,
274 3224 371 3294 ·quae
404 3212 531 3273 vacant
564 3202 709 3273 scilieet.
762 3201 820 3273 De
853 3224 924 3273 nen
959 3206 1164 3279 vacantibus

71 3338 102 3395 25
112 3334 235 3393 antem
252 3320 360 3392 aliter
375 3323 607 3393 enunciasset.
659 3321 787 3415 Itaque
804 3321 896 3417 (sor.
916 3323 974 3394 lta
990 3326 1086 3418 quia)
1105 3349 1165 3397 va-

112 3448 197 3509 cant
214 3449 293 3508 tam
310 3438 493 3520 viduitate,
511 3461 618 3530 quam
635 3448 673 3508 et
691 3440 913 3532 virginitate3
930 3441 1019 3511 adeo
1037 3464 1162 3512 sexum

111 3554 329 3626 nominando
357 3554 570 3647 generaliter
602 3554 702 3637 filias,
731 3566 768 3623 et
795 3556 929 3647 speeies
963 3556 1000 3625 in
1034 3580 1163 3650 genere

111 3672 348 3741 commismit.
375 3670 470 3741 Item
487 3694 598 3763 quum
611 3670 707 3753 dicit,
720 3679 883 3741 naturam
901 3672 1012 3765 ipsam
1026 3672 1162 3755 docere,

111 3788 261 3858 feminas
279 3786 446 3858 velandas
462 3810 550 3871 esse,
567 3810 648 3880 quae
673 3786 841 3879 capillum
866 3811 930 3881 pro
953 3797 1162 3882 tegumento

70 3916 150 3982 3oet
181 3914 395 3975 ornamento
427 3904 636 3975 mulieribus
662 3905 878 3999 assignaret:
915 3928 1032 3975 nonne
1066 3906 1160 3976 idem

112 4032 364 4117 tegumentum
381 4031 420 4092 et
433 4023 528 4092 idem
544 4022 658 4092 honor
674 4024 799 4115 eapitis
812 4020 1004 4117 virginibus
1021 4046 1162 4116 quoque

113 4142 308 4234 adscriptus
319 4140 400 4212 esti
418 4139 458 4209 Si
476 4136 614 4209 malim
632 4148 731 4235 luipo
747 4149 796 4211 est
808 4138 899 4223 radi,
915 4139 948 4227 (1
965 4140 1045 4210 Cor.
1057 4138 1160 4228 xie.)

113 4268 151 4328 et
179 4262 303 4355 virgini
334 4258 493 4352 perinde.
544 4257 597 4328 ln*
621 4257 749 4350 quibus
783 4281 866 4351 ergo
901 4280 972 4327 una
1004 4258 1161 4328 conditio

604 4398 631 4454 Q
649 4383 671 4447 2
