2867 4817
392 317 457 383 DE
481 318 604 383 ZELO
628 318 692 382 ET
717 318 907 383 LIVORE.
1112 319 1178 383 325

124 512 237 564 noune
269 489 425 565 ceruales
458 492 539 563 catis
573 501 604 563 et
638 490 824 565 reundum
857 488 1027 563 tautum
1061 490 1178 564 autu

124 606 240 680 lutis?

174 723 266 797 VII.
285 722 493 796 Obterenda
516 734 609 808 sunt,
629 726 756 797 fratres
778 726 1006 810 dilectissimi,
1029 727 1117 796 vitia
1139 736 1177 797 et

124 848 273 933 peccata
306 840 469 924 carnalia,
500 850 538 912 et
568 844 699 913 terreni
729 843 884 935 corporis
916 842 1047 913 infesta
1079 841 1177 913 labes

98 957 273 1049 sspiritali
298 958 419 1053 vigore
442 957 629 1041 calcanda3
656 982 701 1029 ne
719 961 805 1030 dum
828 960 958 1029 iterum
980 959 1025 1028 ed
1048 961 1178 1030 veteris

123 1073 280 1144 hominis
309 1075 612 1145 conversationem
646 1075 869 1158 revolvimur,
903 1073 1094 1146 lethalibus
1129 1076 1179 1146 la

125 1191 226 1281 queis
248 1188 481 1282 implicemur,
505 1189 665 1283 apostolo
687 1191 756 1262 hoc
779 1192 875 1261 idem
897 1192 1125 1282 providenter
1140 1200 1178 1262 et

124 1306 315 1377 salubriter
340 1315 600 1399 premonente:
639 1304 773 1401 Itaque,
793 1308 919 1399 inquit,
938 1304 1321 1401 stupescentem.

124 1422 311 1493 secuudum
336 1422 660 1494 commutamus.
710 1421 757 1496 Si
778 1422 870 1494 euim
892 1422 1076 1494 secuudum
1103 1446 1177 1495 cur·-

83 1563 204 1611 10uem
238 1539 409 1622 otiatus,
444 1538 618 1633 incipietis
652 1540 753 1611 mori.
807 1537 854 1612 Si
887 1549 999 1610 cutem
1037 1537 1179 1635 Spiritu

1 1666 3 1670 '
126 1678 233 1750 opera
249 1655 367 1726 caruis
392 1640 690 1748 mortpuavutus,
713 1655 842 1727 civois.
900 1653 1071 1751 Quotquot
1087 1657 1178 1727 cuim

125 1768 269 1864 Spiritu
298 1768 371 1840 Dei
405 1778 564 1866 aguntur,
598 1768 637 1841 li
670 1768 747 1863 sitii
779 1768 852 1841 Dei
887 1780 977 1842 suut.
1041 1771 1081 1842 Si
1114 1772 1178 1843 filii

126 1886 199 1957 Dei
230 1908 364 1970 sumus,
393 1886 423 1956 si
452 1884 588 1978 templa
617 1886 693 1978 ejus
723 1908 800 1956 esse
823 1886 899 1978 jem
935 1888 1115 1979 coepimus,
1149 1890 1178 1959 si

124 2011 274 2097 accepto
305 2002 441 2096 Spiritu
471 2001 605 2073 Sancto
637 2008 759 2072 sancte
789 2009 827 2071 et
860 2001 1065 2093 spiritaliter
1093 2005 1180 2073 vivi·

79 2142 217 2208 =5mus,
235 2118 264 2189 si
287 2119 333 2188 de
355 2118 458 2188 terris
481 2116 602 2188 oculos
624 2116 670 2187 ad
693 2114 824 2187 coelum
841 2117 1058 2201 sustulimus,
1081 2120 1110 2189 si
1133 2119 1179 2190 ad

124 2256 279 2328 superna
307 2242 346 2304 et
375 2234 494 2304 divina
522 2232 668 2326 plenum
703 2230 784 2302 Deo
814 2240 852 2301 et
881 2232 1023 2304 Christo
1052 2243 1178 2327 pectus

124 2352 317 2433 ereximus,
341 2372 412 2419 non
437 2350 503 2419 nisi
531 2356 714 2441 quaesunt
739 2346 819 2418 Deo
843 2357 881 2418 et
905 2348 1047 2420 Christo
1073 2352 1180 2445 digna

125 2468 309 2550 faciamus,
332 2468 424 2537 sicut
447 2473 485 2537 et
508 2464 688 2557 apostolus
709 2466 845 2535 excitat
867 2473 905 2534 et
927 2465 1107 2538 hortetur:
1132 2467 1179 2541 Si
1187 2488 1276 2537 coum.
1288 2490 1322 2537 ur.

125 2580 405 2663 mammutius,
444 2582 570 2673 inquit,
609 2602 685 2651 cum
726 2575 877 2663 Clusio,
921 2603 999 2674 quse
1040 2605 1178 2653 sursum

77 2708 207 2773 zosuut
236 2696 390 2792 quaeritc,
420 2694 480 2767 ubi
510 2693 673 2769 Christus
702 2704 751 2766 cat
780 2694 819 2765 ia
849 2694 990 2766 deutera
1024 2695 1096 2768 Dei
1128 2722 1180 2768 sc-

123 2814 211 2888 dens
222 2840 235 2895 ‚·
270 2836 347 2909 pute
371 2835 508 2883 sursum
533 2820 614 2883 suut
638 2810 758 2905 cupite,
785 2834 855 2882 aori
881 2835 958 2906 quce
984 2836 1088 2908 super
1113 2823 1180 2885 ter-

123 2955 214 3003 ram.
265 2926 406 2999 Mortui
434 2926 526 2998 cuim
556 2927 646 3010 eatis,-
674 2936 706 2999 et
735 2927 807 2999 viu
840 2936 951 2999 vestra
981 2926 1178 3001 ohscmiditu

124 3058 175 3120 cst
200 3069 277 3119 cum
304 3041 446 3118 Christo
471 3042 510 3112 iu
535 3041 622 3115 Deo.
676 3042 766 3117 Cum
791 3052 903 3114 auum
931 3041 1092 3117 Christus
1118 3071 1178 3142 op-

120 3162 285 3261 posuerit
322 3161 394 3233 uita
427 3167 548 3242 oestro,
584 3169 664 3231 tuuc
698 3169 730 3231 et
763 3182 821 3231 coa
854 3159 1065 3255 apparebitis
1102 3187 1177 3235 cum

77 3316 117 3375 ²5
127 3279 204 3373 ipso
233 3278 273 3347 iu
302 3274 429 3374 pirario.
480 3276 552 3360 Qui
582 3299 667 3371 ergo
699 3277 738 3345 in
772 3276 948 3369 baptismo
982 3281 1179 3351 secundnm

126 3395 282 3465 hominis
310 3393 447 3485 antiqui
476 3400 624 3485 peccata
652 3390 806 3463 carnalia
834 3400 873 3462 et
900 3394 1033 3463 mortui
1058 3402 1096 3465 ct
1125 3419 1180 3468 sc-

128 3509 222 3605 pulti
244 3533 375 3594 sumus,
402 3511 462 3602 qui
487 3511 755 3603 regeneratione
777 3508 913 3579 coelesti
933 3508 1075 3581 Christo
1097 3535 1181 3583 cou-

128 3626 356 3709 surreximus,
382 3648 463 3717 quae
488 3633 571 3695 sunt
602 3623 734 3695 Christi
761 3632 799 3695 et
827 3625 1025 3717 cogitemus
1050 3630 1182 3718 pariter
1244 3652 1247 3656 ·

128 3750 168 3815 et
196 3764 371 3837 geramus,
401 3743 494 3813 sicut
522 3741 619 3810 idem
651 3739 832 3833 apostolus
861 3741 967 3810 docet
995 3764 1114 3813 rursus
1143 3753 1181 3816 et

75 3867 264 3958 30monet,
283 3857 423 3929 dicens:
449 3855 596 3927 Primru
612 3852 712 3927 houm
729 3854 771 3927 de
787 3864 890 3927 teme
905 3854 998 3940 limo,
1015 3858 1202 3933 comodum
1216 3888 1271 3937 cm.
1284 3904 1325 3937 xv.

128 3971 229 4045 homo
254 3970 297 4043 dc
322 3969 412 4044 coelo.
464 3969 587 4062 Qualia
612 3968 670 4042 itte
695 3969 737 4041 te
760 3968 853 4054 lime,
879 3969 963 4043 tolca
991 3982 1024 4044 ct
1052 3975 1114 4068 qui
1139 3974 1181 4048 dc

130 4088 239 4169 limo:
273 4097 305 4159 ot
331 4086 443 4181 qualis
467 4086 618 4171 coeustis,
640 4086 722 4159 talos
744 4096 777 4159 ct
799 4086 952 4160 coelcuea
1005 4088 1182 4181 Quomodo

125 4205 343 4301 portavimus
381 4205 564 4302 imaginem
601 4204 671 4297 p'ua
711 4205 772 4298 qui
808 4204 850 4275 de
885 4203 968 4277 limo
1003 4217 1061 4291 cst,
1095 4230 1180 4302 por-
