2867 4817
521 387 524 391 ,
543 328 777 393 ΕΡΙΤΟΜΕ.
1125 331 1187 398 871

133 502 284 575 beamur
308 503 354 572 ab
383 502 575 574 homicidio
604 511 757 586 tautum,
788 503 1016 596 quodetiam
1046 504 1185 600 legibus

132 619 285 712 publicis
306 619 514 701 vindicetur.
540 625 667 692 monuo
697 618 894 691 obstinere:
929 621 992 693 sed
1021 621 1088 692 hoo
1108 623 1185 715 jus-

133 739 232 808 sione
257 737 475 830 interposito,
497 758 564 808 neo
586 737 695 807 verbo
720 734 842 808 licebit
868 737 1065 829 perieulum
1090 763 1185 811 mor-

132 855 181 925 tis
204 853 344 937 inferre,
369 877 436 924 neo
460 853 634 924 infantem
659 875 787 924 necere
811 862 875 924 out
905 876 1093 947 exponere,
1116 878 1182 926 nec

132 973 289 1064 reipsum
309 970 508 1040 voluntaria
525 979 641 1041 morte
661 970 838 1040 damnare.
883 967 978 1040 Item
995 979 1067 1042 no'n
1083 971 1183 1042 odul-

132 1094 269 1167 terore3
302 1085 365 1156 sed
394 1085 463 1156 hoo
491 1093 669 1178 praeoepto
702 1107 776 1154 non
805 1082 922 1156 solum
957 1093 1182 1178 eorrumpere

131 1200 289 1272 alienum
298 1200 572 1270 *matrimonium
587 1199 825 1292 prohibemur,
843 1201 1066 1291 quodetiam
1085 1223 1182 1272 oom-

130 1317 233 1387 muni
247 1317 421 1410 ‘gentium'
438 1318 526 1408 jure
553 1317 750 1399 damnatur,
774 1339 898 1388 vorum
924 1318 1034 1390 etiam
1057 1319 1184 1410 prosti-

131 1435 220 1504 tutis
244 1432 448 1525 oorporibus
477 1432 665 1503 obstinere.
717 1431 846 1524 Supro'
862 1431 959 1526 leges
984 1435 1089 1509 enim'
1111 1433 1181 1506 Dei

130 1551 201 1620 lex'
214 1559 290 1620 est:
317 1556 361 1619 'ea
383 1572 535 1642 quoque,
552 1571 630 1641 quae
652 1571 717 1641 pro
740 1548 847 1618 licitis
868 1545 1053 1632 habentur,
1070 1557 1180 1633 vetat,

131 1674 173 1734 ut
193 1665 372 1757 justitium
396 1671 629 1735 consummet.
673 1663 845 1754 Ejusdem
866 1660 955 1757 legis
972 1671 1036 1744 est,
1053 1663 1181 1739 falsum

130 1781 377 1852 testimonium
398 1802 472 1852 nou
488 1779 617 1862 dioere,
633 1779 729 1871 quod
750 1787 788 1850 et
807 1779 924 1871 ipsum
946 1778 1052 1850 latius
1069 1788 1180 1872 potet.
1240 1757 1252 1782 ’

131 1896 230 1967 Nom
247 1897 278 1967 oi
294 1895 423 1966 fulsum
439 1897 687 1968 testimonium
708 1895 895 1968 mendooio
914 1904 1020 1968 nooet
1037 1896 1080 1977 ei,
1098 1919 1182 1968 oon-

129 2017 186 2083 tiu
203 2035 310 2104 quem
336 2013 476 2095 dieitur,
493 2020 532 2082 et
545 2011 649 2084 uuit
674 2035 758 2082 eum
783 2012 877 2105 apud
900 2034 1007 2103 quem
1031 2012 1180 2096 dieitur3

129 2138 310 2219 nunquam
336 2127 448 2220 igitur
475 2125 723 2203 mentiendum
754 2134 818 2209 est,
845 2126 928 2218 quio
955 2127 1180 2200 menducium

129 2267 271 2337 semper
286 2252 350 2314 aut
367 2242 460 2314 fallit
475 2249 540 2312 aut
556 2250 675 2312 nocet.
711 2239 797 2312 Non
814 2249 869 2312 est
885 2264 970 2336 ergo
987 2242 1041 2314 vir
1049 2242 1179 2333 justus,

127 2361 190 2451 qui
219 2361 329 2431 etiam
364 2358 442 2429 siue
470 2380 566 2428 noxa
593 2358 634 2427 in
661 2357 775 2426 otioso
805 2374 966 2426 sermone
996 2356 1178 2425 mentitur.

128 2474 228 2546 Huic
244 2497 328 2546 vero
350 2497 418 2544 neo
439 2473 576 2544 adulari
598 2472 704 2557 lieet3
730 2473 926 2566 pernicioso
947 2479 1002 2542 est
1025 2473 1120 2542 enim
1136 2496 1178 2542 oo

127 2591 313 2684 deceptrix
328 2588 507 2672 adulati03
533 2590 595 2665 sed
618 2588 750 2680 ubique
770 2589 948 2666 custodiet
969 2591 1176 2660 veritatem:

126 2731 206 2800 quae
239 2708 325 2780 licet
353 2708 401 2780 eit
434 2707 481 2779 od
518 2727 669 2800 praeeens
702 2707 866 2787 imuoris,
900 2712 1031 2787 tamen,
1066 2729 1175 2798 quum

126 2825 263 2896 fructus
292 2825 371 2915 ejus
398 2832 507 2915 utque
537 2823 673 2894 utilitas
706 2821 919 2915 apparuerit,
949 2844 1021 2892 nou
1054 2823 1175 2894 odium

125 2941 251 3033 periet,
269 2939 326 3029 (ut
342 2941 394 3011 ait
411 2937 550 3032 Poeta.)
561 2940 625 3011 sed
640 2939 802 3034 gretiam.

523 3153 633 3225 OAP.
662 3151 783 3224 LXV.

178 3289 333 3360 Dixide
358 3289 412 3369 iio,
434 3309 513 3378 quae
538 3294 723 3357 vetantur:
750 3286 865 3359 dicam
891 3307 985 3356 nuno
1010 3286 1173 3372 brevitor,

125 3429 208 3499 quae
217 3406 401 3499 jubentur.
440 3404 658 3474 Innocentiae
674 3403 836 3495 proximo
852 3410 907 3472 est
923 3402 1172 3476 misericordia.

125 3523 196 3594 Illa
220 3523 315 3595 enim
345 3519 481 3591 malum
505 3542 577 3590 non
602 3519 698 3602 feeit,
720 3519 795 3592 hero
822 3519 956 3606 bouum
986 3529 1169 3614 operatur:

125 3639 188 3709 illo
221 3637 367 3710 inchoet
393 3637 582 3728 justitiam,
612 3635 691 3706 haeo
715 3635 891 3728 eomplet.
945 3635 1053 3720 Nom,
1087 3659 1169 3708 oum

124 3753 335 3828 imbecillior
364 3753 412 3822 sit
446 3750 631 3822 homiuum
661 3759 789 3822 natura
820 3763 926 3845 quom
963 3761 1169 3825 oaeterarum

123 3871 368 3951 animantium,
385 3890 473 3960 quos
495 3866 595 3939 Deus
615 3876 655 3939 et
675 3870 864 3940 instructas
885 3869 930 3940 ad
951 3869 1169 3942 inferendam

123 3998 162 4060 et
186 3987 342 4058 munitas
366 3987 413 4059 od
437 3987 511 4057 vim
539 3986 780 4080 repellendum
804 3987 977 4082 figuravit,
1003 3987 1170 4062 offertum

122 4104 225 4202 uobis
254 4104 501 4175 misericordiae
516 4103 641 4187 ‘dedit3
671 4111 713 4173 ut
738 4127 845 4175 omne
866 4107 1065 4198 presidium
1088 4107 1171 4176 vitm

123 4228 255 4292 nostrae
272 4220 308 4288 in
331 4219 467 4290 mutuis
488 4218 630 4290 auxiliis
652 4241 873 4310 poneremus.
926 4221 965 4292 si
983 4225 1077 4294 euim
1095 4221 1168 4294 fieti

166 4354 236 4396 vor..
251 4355 284 4396 ιι.
609 4351 666 4416 3ιι
