2867 4817
368 340 433 405 DE
456 340 582 405 ZELO
605 340 670 404 ΕΤ
693 338 884 405 LIVORE.
1090 340 1156 411 810

105 516 213 609 impie
236 516 297 607 qui
321 516 475 586 moriens
498 538 570 586 non
594 516 824 611 repugnabat.
875 514 925 586 Et
947 514 1042 607 quod
1060 513 1312 587 Eseuosumu.

106 632 204 703 fratri
229 654 294 703 suo
318 630 433 702 Jacob
457 633 621 703 inimicus
645 632 779 714 extitit,
803 628 902 702 relus
926 630 1006 703 suit
1058 629 1156 703 Num

105 749 188 840 quia
226 746 288 817 ille
322 746 607 819 benedictionem
644 748 756 840 petris
792 755 987 840 acceperut,
1019 746 1129 818 hic
1118 771 1156 818 ιιι

105 862 228 933 odium
249 863 502 955 persecutionis
519 862 656 935 facibus
678 862 797 934 livoris
813 864 955 934 exarsit.
995 862 1045 934 Et
1060 864 1257 1005 quodem...

79 978 241 1073 5Joseph
267 978 392 1049 lintres
421 980 473 1050 sui
504 980 749 1063 vendiderunt,
774 1000 881 1053 cause
908 980 1085 1053 vendendi
1110 955 1257 1054 de¹¹¹‘'¹¹i

104 1094 332 1166 emulatione
360 1094 553 1166 descendit
604 1094 798 1188 Postquam
829 1096 865 1167 id
897 1098 994 1189 quod
1022 1098 1156 1170 sibim

105 1210 299 1281 visionibus
334 1232 541 1305 prosperum
576 1211 693 1283 fumet
730 1220 911 1285 osteumm
948 1214 1157 1307 simpliciter

105 1336 146 1397 ut
171 1327 339 1397 frutribus
368 1326 477 1398 freter
504 1330 678 1422 exposuit,
707 1330 748 1426 in
774 1329 944 1401 invidiam
968 1330 1155 1403 malivolus

104 1444 244 1515 unimus
269 1444 397 1537 erupit.
448 1442 534 1515 Ssiil
556 1468 699 1538 quoque
720 1468 785 1517 rex
805 1454 849 1515 ut
874 1444 992 1517 Dauid
1013 1448 1318 1534 odissetmqavns

66 1568 148 1630 rout
165 1560 469 1653 persecutionibus
493 1584 588 1655 saepe
610 1562 771 1655 repetitis
793 1564 1030 1647 innocentem,
1050 1564 1155 1636 mise·

105 1676 290 1758 ricordem,
324 1677 405 1745 miti
439 1676 587 1749 lenitate
616 1679 813 1771 patientem
843 1701 969 1750 necare
997 1686 1154 1773 cuperet,

105 1793 193 1885 quid
221 1792 318 1863 eliud
351 1816 457 1885 quem
491 1794 559 1866 seli
593 1794 759 1866 stimulus
790 1795 1019 1888 provocavit?
1060 1795 1316 1880 Quaerens.

104 1905 254 1977 Golisth
271 1908 469 1993 interfecto,
486 1919 525 1980 et
542 1934 609 2003 ope
631 1932 673 1981 cc
695 1912 902 2005 dignatione
918 1911 1038 1982 divino
1052 1918 1155 1982 teuto

105 2023 209 2095 hoste
245 2024 373 2108 deleto,
408 2025 561 2119 populus
598 2028 775 2098 admirans
808 2029 848 2097 in
881 2027 1004 2098 leudes
1037 2026 1156 2099 David

67 2140 363 2233 15predicstionis
387 2141 552 2236 suffiegio
581 2142 740 2237 prosiliit,
768 2143 855 2216 Sciil
884 2143 1074 2217 simultatis
1102 2152 1157 2216 ct·

105 2280 176 2351 que
200 2259 442 2329 insectationis
467 2259 575 2331 liuius
600 2261 645 2331 de
670 2258 781 2333 livore
809 2262 983 2354 concepit.
1034 2260 1084 2332 Et
1108 2284 1156 2333 ne

106 2376 254 2471 longum
274 2377 401 2449 faciem
426 2376 583 2471 singulos
606 2378 833 2461 recensendo,
849 2378 1032 2471 pereuntis
1049 2376 1155 2449 simul

107 2492 227 2587 populi
264 2496 489 2565 attendemus
524 2496 719 2566 interitum.
769 2495 886 2567 Judoei
920 2518 1039 2569 nonne
1070 2498 1156 2568 iudo

106 2612 290 2703 perierunt
316 2610 401 2681 dum
427 2610 569 2682 Christo
595 2610 735 2682 malunt
760 2612 919 2684 invidere
945 2634 1051 2714 quem
1080 2636 1156 2684 cre-

63 2726 216 2799 coderet
261 2724 513 2798 Obtrectuntes
543 2727 765 2823 magnalibus
790 2752 872 2821 quae
901 2728 963 2800 ille
990 2729 1154 2812 faciebat,

106 2844 185 2915 zelo
218 2852 424 2915 cxcoeccnte
458 2844 598 2938 decepti
627 2855 721 2929 sunt,
749 2869 817 2917 nec
850 2848 896 2919 sd
929 2847 1048 2918 diuino
1075 2868 1156 2918 nos-

105 2962 221 3032 cendo
236 2962 351 3031 cordis
369 2960 489 3033 cordos
505 2962 641 3055 aperire
656 2970 861 3056 potuerunt.

157 3076 230 3147 ΙΙΙ.
257 3076 346 3161 Quae
374 3100 439 3149 nos
467 3078 739 3164 considerantes,
767 3079 893 3151 iratres
925 3078 1154 3163 dilectissimi,

105 3202 232 3265 contro
255 3200 394 3263 tentem
416 3192 501 3266 mali
526 3196 718 3288 perniciem
741 3194 930 3290 vigilanter
950 3204 989 3266 et
1013 3196 1156 3269 fortiter

62 3312 226 3397 25dicctu
243 3307 323 3380 Deo
342 3320 488 3403 pectore
511 3314 723 3383 muniamus.
774 3310 940 3382 Aliorum
955 3334 1051 3383 mors
1074 3335 1155 3404 pro-

104 3424 203 3495 ficiet
225 3424 271 3494 ed
293 3431 449 3495 nostrum
472 3424 632 3509 sulutem,
651 3425 930 3518 imprudentium
950 3448 1055 3518 poena
1073 3448 1155 3518 pro-

104 3539 308 3612 videntibus
324 3541 483 3611 conferet
500 3542 698 3613 sanitatem.
750 3541 836 3612 Non
853 3550 908 3613 est
923 3550 1046 3613 autem
1057 3541 1166 3634 quod

104 3658 232 3751 aliquis
254 3658 438 3729 existimet
460 3658 594 3728 melum
617 3660 712 3731 istud
739 3682 811 3731 uno
834 3659 952 3753 specie
981 3658 1154 3731 contineri

103 3783 169 3845 sut
186 3774 352 3845 brevibus
369 3774 528 3847 terminis
545 3782 583 3845 et
599 3782 750 3869 angusto
765 3775 837 3846 fine
852 3774 1027 3846 concludi.
1063 3772 1155 3843 Lete

57 3894 207 3979 30petet
231 3884 300 3957 zeli
324 3885 514 3979 multiplex
542 3895 581 3957 et
609 3887 775 3959 foecsmde
801 3887 984 3981 pernicies
1035 3884 1154 3955 Radix

102 4015 162 4079 cst
199 4005 374 4077 mulorum
413 4006 582 4088 omnium,
617 4004 695 4077 fons
727 4004 892 4089 cladium,
926 4004 1154 4077 semimrium

102 4121 328 4204 delictorum,
353 4123 502 4192 muteris
524 4121 719 4215 culparum.
771 4122 861 4194 Inde
886 4123 1007 4194 odium
1032 4120 1155 4217 surgit,

103 4238 311 4311 animositas
327 4238 410 4309 inde
426 4238 594 4331 procedit.
625 4236 824 4311 Avaritiam
840 4240 939 4311 zelus
948 4238 1155 4321 inflammet,
