2867 4817
308 312 376 377 DE
399 312 801 381 PRAESCRIPTIONE
826 313 954 379 ΗΕΒ.
1095 312 1160 381 itt

103 489 287 560 stantibus
326 491 476 571 ruinam,
513 511 587 559 non
623 490 652 559 si
686 489 890 585 Jacentibus
923 488 1159 561 elevationem

104 616 322 701 operentur:
347 608 515 700 qnoniam
544 616 583 677 et
609 607 726 701 ipsum
756 629 848 702 opus
871 630 994 679 eorum
1019 628 1091 681 non
1114 608 1160 679 de

103 748 169 795 suo
210 725 360 819 proprio
400 723 552 795 edificio
585 726 694 808 venit,
728 724 791 797 sed
824 725 870 795 de
904 725 1064 796 veritatis
1100 725 1161 797 de·

103 843 319 913 structione
390 838 528 911 Nostra
563 839 758 911 suffodiunt
794 850 837 911 ut
872 863 936 912 sua
972 842 1160 914 aedificent.

79 956 243 1037 sAdime
272 956 345 1028 illis
373 958 415 1027 in
439 955 556 1050 legem
582 956 703 1051 Moysi
728 954 823 1053 (sor.
845 956 996 1052 Moysis)
1018 968 1057 1029 et
1080 980 1161 1053 pro·

103 1075 234 1168 pbetue
250 1084 291 1146 et
307 1075 346 1145 in
359 1074 567 1145 Creatorem
580 1072 701 1145 Deum
717 1072 990 1158 accusationem,
1008 1086 1045 1146 et
1062 1074 1158 1169 loqui
1261 1166 1264 1171 Ι

103 1216 177 1264 uon
205 1192 359 1264 habent.
424 1190 484 1261 Ita
509 1190 553 1261 iit
578 1199 621 1263 nt
647 1192 766 1261 ruinas
799 1189 937 1263 facilins
970 1201 1160 1285 operentur

103 1310 282 1379 mutium
302 1307 545 1392 edificiorum,
563 1328 671 1401 quam
696 1307 939 1379 extructiones
960 1308 1159 1401 jacentium

103 1424 302 1495 ruinarum.
353 1422 417 1494 Ad
449 1424 525 1496 hac
553 1422 777 1495 solummodo
807 1446 915 1517 opera
939 1421 1093 1495 humiles
1122 1433 1160 1493 et

66 1539 228 1611 uoblandi
244 1549 286 1610 et
299 1540 468 1611 submissi
483 1550 604 1635 agunt.
655 1539 837 1623 Ceterum,
854 1562 921 1613 nec
947 1541 1019 1611 suis
1040 1540 1160 1633 praesi-

104 1656 211 1728 drbus
226 1658 467 1727 reverentiam
483 1665 670 1729 noverunt.
721 1658 771 1728 Et
786 1658 856 1729 hoc
872 1666 928 1730 est
939 1658 1034 1751 quod
1052 1656 1161 1729 schis-

104 1784 205 1845 mate
218 1773 319 1867 apud
335 1772 519 1844 hereticos
541 1773 615 1845 fere
637 1796 710 1844 non
732 1783 835 1846 sunt:
861 1776 945 1868 quia
969 1796 1052 1845 cnm
1077 1774 1159 1857 sint,

104 1914 178 1961 uon
201 1898 345 1984 parent.
396 1888 559 1961 Schisma
580 1899 637 1961 est
655 1892 774 1962 unitas
796 1893 890 1985 ipsis.
942 1890 1105 1963 Mentior
1129 1892 1158 1963 si

105 2005 851 2099 noustiamarsgulissnisrariantinter
873 2010 1027 2092 sedum
1051 2032 1160 2081 unus-

67 2127 258 2218 15quisque
269 2121 419 2215 proinde
434 2121 526 2218 (for.
536 2124 698 2217 perinde)
713 2147 778 2195 suo
794 2126 939 2197 arbitrio
955 2125 1160 2198 modulatur

105 2264 187 2334 quae
203 2240 366 2332 sucepit:
387 2242 686 2332 quemadmodum
703 2242 750 2313 de
766 2264 830 2313 suo
843 2242 988 2315 arbitrio
1005 2266 1048 2314 es
1063 2266 1160 2315 com-

107 2359 226 2451 posuit
242 2356 308 2428 ille
332 2359 394 2450 qni
410 2358 566 2429 tradidit.
617 2358 795 2453 Agnoscit
811 2369 974 2432 naturam
1000 2370 1160 2431 suamet

107 2476 255 2571 originis
270 2498 344 2546 srrae
358 2498 506 2558 morem,
522 2474 703 2567 profectus
723 2478 785 2547 rei.
838 2476 941 2547 Idem
965 2474 1067 2548 licuit
1085 2475 1160 2550 Va·

107 2591 315 2664 leutinianis
343 2592 438 2684 quod
464 2590 670 2677 Valentino,
693 2593 790 2664 idem
814 2592 1038 2665 Marcionitis
1064 2594 1160 2686 qnod

66 2743 102 2782 ιο
111 2709 301 2791 Marcioni,
318 2710 365 2780 de
378 2709 525 2780 arbitrio
548 2731 613 2779 suo
633 2710 743 2780 fidem
766 2710 943 2781 innovare.
995 2708 1160 2803 Denique

109 2830 253 2920 penitus
287 2828 458 2919 inspectae
490 2824 644 2898 haereees
682 2848 815 2909 omnes,
848 2827 887 2896 in
920 2824 1043 2897 multis
1077 2850 1160 2897 cum

110 2943 315 3015 auctoribus
340 2944 413 3014 snis
435 2944 684 3015 dissentientes
704 2942 1027 3036 deprehenduntur.
1079 2942 1161 3015 Ple-

110 3061 210 3153 rique
238 3082 309 3131 nec
337 3059 504 3131 ecclesias
533 3058 678 3142 babent,
705 3060 782 3129 sine
807 3068 932 3144 matre,
960 3059 1036 3132 sine
1065 3060 1159 3145 sede,

112 3177 185 3247 orbi
200 3176 286 3258 lide,
302 3184 472 3259 extorres,
489 3176 588 3268 quasi
605 3175 683 3246 sine
698 3174 772 3245 lare
788 3185 971 3269 vagantur

87 3292 304 3383 5Notata
321 3303 406 3363 suut
425 3292 535 3363 etiam
563 3294 776 3363 commercia
802 3292 1050 3365 haereticorum
1076 3318 1158 3365 cnm
1201 3303 1285 3353 GAP·

70 3326 223 3505 ²⁵ungis
239 3432 347 3502 qnam
364 3408 534 3503 plmibus,
550 3432 635 3479 cum
655 3409 933 3495 circulatofibus
950 3434 1032 3481 oum
1049 3420 1104 3482 ast
1105 3436 1159 3482 ro-
1194 3368 1296 3419 mn

114 3524 210 3621 logis
244 3550 329 3598 cum
360 3526 589 3620 pbilosophis,
618 3526 813 3611 curiositati
848 3528 983 3599 scilieet
1020 3529 1158 3601 deditis.

116 3642 276 3733 θυσία,
303 3653 336 3715 et
368 3644 557 3729 iuventtis,
589 3644 723 3737 ubique
754 3646 1004 3717 meminerunt.
1054 3644 1160 3719 Adeo

117 3770 153 3831 et
172 3762 219 3833 de
242 3784 375 3856 genere
397 3761 673 3833 conrmsationis
699 3759 851 3853 qualitas
876 3762 961 3833 iidei
991 3763 1160 3835 aestimari

72 3886 252 3969 3ομυῖαι.
276 3878 451 3949 docuinre
465 3876 576 3948 index
592 3876 778 3971 disciplina
794 3886 869 3949 est.
888 3888 1023 3974 negant
1040 3879 1161 3951 Deum

118 3994 325 4066 tirmndm
375 3994 504 4088 Itaque
519 3993 633 4065 libers
655 4002 739 4065 suut
755 3993 825 4065 illis
841 3996 963 4067 omnia
979 4004 1017 4067 et
1033 3996 1160 4068 solnta

122 4108 189 4181 Ubi
218 4120 342 4182 autem
371 4110 472 4182 Deus
500 4134 573 4182 uon
599 4110 757 4194 timetur,
783 4112 851 4183 nisi
885 4113 946 4183 ubi
979 4136 1052 4185 non
1079 4113 1160 4187 esti

123 4222 191 4296 Ubi
207 4225 308 4298 Deus
323 4248 397 4300 non
413 4235 479 4310 est,
495 4250 563 4299 nec
579 4227 709 4299 veritas
731 4226 806 4298 ulla
822 4236 887 4299 est.
941 4228 1014 4300 Ubi
1034 4230 1161 4301 veritas
