2867 4817
474 289 621 353 LIBER
644 291 840 357 PRIMUS.
1112 292 1184 363 m

126 488 149 535 a
175 486 313 535 summo
339 487 422 560 rege
448 465 492 537 ad
518 488 582 536 nos
608 467 747 549 missus.
799 468 1000 541 Postulabit
1029 467 1212 541 forsitan·

125 586 280 655 insanior
313 591 350 654 et
381 582 543 653 furiosior
572 583 686 667 factus
721 582 817 680 (sor.
851 585 964 669 factis,
1000 584 1175 682 wellias),

125 726 171 772 an
198 726 236 773 se
261 703 312 772 ita
337 723 392 772 res
417 700 557 783 habeat,
576 702 874 793 quemadmodum
899 703 1059 787 dicimus,
1079 726 1177 774 com·

125 820 288 912 probari:
323 816 422 889 nulla
450 818 562 909 major
597 827 651 888 cst
687 820 930 911 comprobatio
961 843 1067 912 quam
1097 842 1178 913 ges..

126 936 244 1006 tarum
270 936 315 1007 ab
343 960 385 1006 eo
415 935 502 1005 fides
526 958 653 1016 rerum,
682 958 789 1027 quam
814 937 989 1006 virtutum
1014 938 1195 1011 novitas

126 1077 233 1145 quam
252 1054 370 1123 omnia
388 1054 481 1122 victa
503 1052 646 1122 decreta
668 1051 906 1145 dissolutaque
928 1052 1079 1137 fatalia³,
1096 1073 1179 1145 quae·

126 1170 247 1263 populi
264 1180 459 1264 gentesque
476 1191 540 1239 suo
556 1170 695 1263 generis
712 1168 916 1240 sublimine
934 1167 1027 1265 (sor.
1044 1193 1181 1263 genere,

127 1286 306 1372 sublimia)
339 1285 438 1355 nullo
468 1287 698 1357 dissentiente
728 1287 867 1357 videre:
906 1311 983 1380 quae
1011 1311 1079 1358 nec
1108 1288 1173 1380 ipsi

127 1404 261 1474 audent
273 1402 436 1473 falsitatis
452 1426 609 1496 arguere,
623 1427 772 1496 quorum
790 1404 951 1495 antiquas
964 1426 1026 1475 seu
1045 1405 1178 1497 patrias

127 1518 225 1614 leges
258 1520 424 1589 vanitatis
458 1541 533 1589 esse
567 1519 786 1611 plenissimas
819 1529 927 1612 atque
964 1522 1175 1593 inanissima

127 1637 387 1729 superstitionis
404 1635 571 1705 ostendit.

178 1750 322 1822 XLIII.
349 1748 568 1821 Occursums
593 1750 741 1823 forsitan
765 1776 883 1824 rursus
909 1764 963 1824 est
989 1777 1071 1824 eum
1096 1754 1180 1827 aliis

128 1867 251 1938 multis
268 1867 491 1938 calumniosis
507 1865 577 1938 illis
594 1876 631 1936 et
648 1868 841 1959 puerilibus
860 1869 1023 1941 vocibus:
1049 1893 1174 1964 magus

128 1985 207 2067 fuit,
225 1984 451 2055 clandestinis
474 1984 607 2054 artibus
625 1987 743 2055 omnia
765 1985 825 2055 illa
841 1986 1009 2078 perfecit:
1041 1987 1175 2080 AEgyp-

128 2102 258 2171 tiorum
285 2124 331 2172 ex
357 2102 470 2193 adytis
495 2100 700 2193 angelorum
729 2101 928 2190 potentium
957 2102 1110 2183 nomina,
1136 2110 1173 2175 et

128 2225 282 2287 remotas
305 2217 441 2287 furatus
464 2224 519 2287 est
542 2216 752 2309 disciplinas.
803 2215 899 2299 Quid
917 2218 1034 2288 dicitis
1057 2216 1178 2312 bparn

129 2333 213 2417 ruli,
247 2334 466 2426 incomperta
500 2334 598 2403 vobis
632 2341 669 2405 et
699 2333 817 2404 nescia
851 2336 1045 2405 temeran'ae
1080 2338 1175 2407 vocis

129 2450 345 2543 loquacitate
367 2451 584 2545 garrientes?
611 2450 752 2545 Ergone
775 2450 845 2533 illa,
863 2475 941 2543 quae
962 2462 1064 2545 gesta
1081 2462 1173 2533 sunt,

130 2567 329 2637 daemonum
365 2566 465 2637 fuere
498 2568 690 2661 praestigiae,
725 2577 762 2639 et
795 2570 1012 2662 magicarum
1046 2570 1174 2639 artium

130 2682 228 2755 ludii
274 2682 428 2767 Potestis
453 2682 607 2775 aliquem
633 2684 735 2754 nobis
760 2684 952 2778 designare,
980 2694 1175 2758 monstrare

130 2824 175 2871 ex
202 2800 365 2872 omnibus
390 2799 459 2871 illis
484 2802 606 2894 magis,
632 2803 693 2895 qui
718 2826 874 2895 unquam
900 2804 999 2874 fuere
1024 2828 1089 2898 per
1114 2827 1176 2875 sae·

130 2918 219 3002 cula,
246 2917 427 2989 consimile
452 2918 584 3011 aliquid
615 2918 756 2989 Christo
783 2918 972 2991 millesima
1000 2944 1045 2990 ex
1076 2930 1176 3013 parte

130 3038 189 3129 qui
218 3036 365 3107 fecerit?
396 3036 456 3127 qui
486 3037 561 3105 sine
588 3034 662 3105 ulla
691 3038 725 3105 vi
756 3037 962 3119 carminum,
993 3038 1068 3107 sine
1096 3037 1176 3122 her-

130 3155 254 3225 barum
272 3164 310 3223 et
332 3153 530 3247 graminum
554 3154 675 3235 succis,
694 3154 769 3223 sine
785 3152 859 3223 ulla
881 3151 999 3245 aliqua
1015 3153 1176 3225 observa

130 3271 227 3341 tione
267 3270 419 3341 sollicita
458 3292 644 3353 sacrorum,
685 3268 905 3350 libaminum,
947 3278 1148 3361 temporum
1161 3269 1180 3339 2.

132 3386 217 3457 Non
248 3388 343 3456 enim
373 3409 548 3479 urgemus,
576 3394 614 3456 et
643 3386 944 3478 quaerimusque
974 3408 1050 3455 sese
1072 3408 1177 3478 spon·
1208 3475 1211 3481 ⁴

130 3505 238 3575 deant
262 3504 386 3585 faeere,
405 3502 460 3573 vel
484 3505 520 3574 in
545 3502 671 3596 quibus
687 3502 876 3596 generibus
898 3509 1042 3571 actuum
1064 3500 1176 3573 soleat
1201 3566 1204 3569 ,

131 3610 245 3693 omnis
284 3621 425 3690 illorum
466 3621 625 3691 doctrina
658 3630 695 3689 et
735 3619 954 3711 experientia
992 3620 1177 3691 contineri

131 3736 233 3822 Quis·
246 3740 342 3809 enim
365 3737 429 3807 bos
452 3736 585 3807 nesciat
602 3747 664 3806 aut
686 3736 909 3806 imminentia
931 3737 1072 3806 studere
1089 3741 1175 3829 prae-⁴

131 3853 285 3939 noscere,
311 3879 388 3947 quae
413 3854 617 3925 necessario⁴
637 3852 764 3943 (velint
788 3851 917 3945 nolint)
941 3854 1012 3924 suis
1037 3853 1178 3923 ordina«

130 3973 286 4045 tionibus
314 3971 482 4043 veniunt?
508 3979 571 4041 aut
594 3967 810 4040 mortiferam
833 3969 1026 4040 immittere
1046 3970 1174 4061 quibus

131 4090 274 4163 libuerit
291 4088 421 4171 tabem,
439 4094 502 4158 aut
518 4085 947 4178 familiarumdirumpere
964 4085 1171 4159 charitates:
1206 4156 1209 4160 ,

441 4240 451 4267 ³¹
467 4228 551 4286 Couf.
567 4224 861 4306 infrucap.xhv11.
