2867 4817
259 260 303 324 82
576 256 834 323 DEFINITIO
859 255 995 322 FIDEI

259 428 383 516 Spiritu
404 448 496 495 suam
517 427 710 495 sententiam
729 427 969 514 promulgantes
994 427 1147 493 adversus
1170 450 1236 506 eos,
1261 430 1318 514 qni

260 529 429 594 veritatem
443 528 543 614 ipsius
562 527 679 593 ledere
698 534 907 595 tentaverunt
926 529 1156 615 seripturarum
1171 530 1319 595 testimo-

261 633 323 697 niis
336 632 535 697 roborantes
579 634 630 696 At
644 652 719 695 vero
735 638 867 717 propter
882 632 960 710 illos,
977 632 1031 717 qui
1051 634 1240 717 mysterium
1254 634 1320 699 dis

263 735 460 821 pensationis
479 734 598 799 violare
612 741 779 812 sonantur,
795 742 829 799 et
849 756 965 819 purum
985 734 1145 799 hominem
1166 736 1322 820 sesequi

263 860 304 903 ex
318 845 432 903 saneta
447 836 577 922 Virgine
592 835 700 901 Maria
714 842 811 901 natus
826 842 887 913 est,
902 836 1119 921 impudentius
1133 837 1345 917 delirantens

263 941 415 1028 epistolas
428 940 516 1005 beati
530 938 648 1025 Oyrilli
664 937 805 1005 eooleniae
820 940 1048 1005 Alexandrinae
1059 941 1213 1025 praesulis,
1225 964 1322 1027 syno-

263 1044 353 1109 dioas
366 1042 477 1129 utique
490 1041 600 1107 literas
614 1041 657 1106 ad
672 1040 866 1119 Nestorium,
882 1048 916 1107 et
931 1042 973 1105 nd
987 1039 1067 1106 alios
1082 1064 1140 1127 per
1153 1043 1323 1109 Orientem

264 1145 500 1232 aooeptissimaa
513 1143 622 1221 habet,
633 1144 678 1207 ad
690 1144 922 1209 eonviuosndas
937 1143 1078 1209 Nestorii
1093 1144 1322 1233 blasphemias.

265 1248 313 1313 Et
325 1249 368 1315 nd
381 1244 679 1332 interpretationem
692 1245 844 1311 sdutaris
865 1245 1000 1331 symboli
1021 1245 1071 1310 his
1093 1246 1148 1331 qui
1169 1268 1229 1333 pro
1252 1248 1324 1313 nalo

266 1350 329 1416 Dei
353 1372 447 1415 nosse
475 1347 668 1426 desiderant,
692 1348 807 1434 quibus
835 1348 934 1414 etiam
959 1349 1126 1435 subjunxit
1151 1350 1324 1436 epistolam
1337 1382 1377 1423 ιο

265 1475 391 1541 magnis
410 1459 446 1519 et
462 1451 595 1517 senioris
612 1452 701 1516 urbis
720 1451 864 1537 pnmsulis
886 1451 1071 1531 beatissimi,
1087 1460 1122 1519 et
1136 1454 1240 1519 eneti
1256 1455 1324 1541 epi·

267 1556 355 1642 scopi
371 1555 496 1633 Leonis,
511 1575 584 1639 quae
598 1554 719 1641 scripta
733 1562 783 1621 est
797 1556 841 1619 nd
854 1562 975 1621 senens
989 1556 1151 1622 memoria
1164 1558 1324 1643 arehiepi-

266 1682 398 1746 seopnm
413 1658 610 1737 Flavianum,
626 1666 660 1723 et
673 1659 716 1724 ad
731 1680 841 1723 sensus
861 1658 1014 1743 pessimos
1029 1658 1219 1746 Eutyohetis
1233 1662 1325 1727 aule-

267 1764 393 1843 rendos,
416 1762 533 1849 qnippe
557 1762 665 1847 magni
688 1761 771 1827 illius
794 1762 885 1827 Petri
910 1762 1160 1829 confessionibus
1186 1786 1325 1849 oongrn-

267 1865 594 1950 antemetqnandnm
606 1863 785 1929 oolnmnam
798 1863 891 1929 nobis
898 1864 1051 1931 adversus
1059 1885 1158 1950 prava
1166 1866 1325 1953 dogmata
1339 1890 1350 1929 r
1357 1888 1376 1949 5

265 1969 339 2055 jure
356 1968 559 2054 oonjnnotam
579 1966 623 2031 ad
643 1966 917 2033 oonfirmationem
937 1967 1017 2033 reoti
1038 1968 1209 2053 dogmatis.
1254 1969 1325 2035 Eos

268 2076 387 2149 antem,
409 2070 465 2155 qui
485 2069 520 2135 in
535 2068 693 2135 dunlitate
716 2068 853 2133 filiorum
877 2069 1124 2156 dispensationis
1145 2070 1324 2137 nouvellere

270 2172 457 2257 mysterium
477 2172 633 2249 nitumtur,
649 2171 802 2257 praeeepit
815 2179 849 2237 et
864 2171 943 2251 illos,
966 2172 1022 2257 qui
1043 2172 1225 2258 passibilem
1246 2172 1325 2239 Doi-

270 2280 374 2340 tatem
389 2271 557 2361 Unigeniti
570 2274 640 2339 ausi
655 2280 731 2339 sunt
746 2274 869 2349 dioere;
893 2274 1084 2340 saeerdoteli
1101 2296 1231 2339 munere
1248 2276 1323 2341 snb-

270 2376 398 2442 moveri
422 2376 469 2443 Et
482 2376 542 2455 his,
551 2376 605 2462 qui
619 2376 653 2441 in
663 2377 787 2442 duabus
801 2377 925 2443 naturis
937 2377 1056 2443 Christi
1070 2377 1321 2463 promistionem,
1336 2411 1379 2453 20

268 2487 329 2545 aut
342 2478 559 2547 oonl'usiouem
573 2480 636 2545 dioi
649 2480 822 2558 aestimant,
837 2481 1096 2567 repugnandum:
1120 2480 1168 2547 vel
1187 2502 1251 2560 eos,
1267 2482 1324 2567 qui

269 2583 442 2662 alentem,
467 2590 527 2649 aut
551 2582 684 2649 alterius
708 2605 778 2649 esse
804 2582 994 2649 substantiae
1020 2606 1157 2664 earnem
1183 2606 1255 2670 quae
1277 2585 1324 2651 illi

269 2693 321 2752 eat
340 2687 514 2773 adsumpta
538 2686 578 2752 de
602 2685 702 2765 nobis,
727 2686 862 2751 formam
880 2686 942 2753 Dei
961 2694 1124 2774 negantes,
1148 2688 1324 2755 delirantes

271 2789 392 2869 dieunt,
417 2789 538 2876 abjioit
582 2788 630 2855 Et
656 2789 710 2876 qui
739 2790 820 2855 duas
841 2790 970 2876 quidem
994 2798 1071 2857 ante
1095 2790 1244 2856 unionem
1266 2814 1324 2857 na·

269 2901 363 2959 turns
377 2891 507 2959 Domini
528 2892 723 2973 fabulantur,
739 2914 836 2959 unam
850 2916 926 2959 vero
946 2902 1021 2980 post
1034 2894 1183 2960 unionem
1204 2896 1323 2961 oonfin-
1335 2920 1374 2983 ²⁵

269 3001 363 3082 gunt,
391 2994 653 3061 anathematizat.
713 2994 890 3081 Sequentes
925 2995 1024 3081 igitur
1056 3002 1185 3063 muetos
1212 3005 1325 3083 patres

271 3119 369 3163 unum
391 3098 589 3183 eundemque
610 3098 755 3164 eonfiteri
778 3098 905 3178 Filium,
928 3106 963 3163 et
982 3098 1156 3165 Dominum
1176 3108 1325 3167 nostrum

270 3199 384 3265 Jesum
409 3200 573 3266 Christum
599 3222 740 3267 oonsona
764 3222 840 3267 vooe
870 3222 979 3267 omnes
1004 3204 1162 3283 donemus,
1186 3206 1325 3271 eundem

271 3301 448 3386 perfeetum
468 3302 502 3367 in
523 3304 665 3382 Deitate,
690 3304 827 3369 eundem
851 3302 1027 3388 perfeetum
1052 3306 1086 3370 in
1111 3306 1323 3387 humanitate,

272 3404 377 3469 Deum
390 3428 474 3485 vere,
489 3421 523 3471 st
537 3406 698 3473 homiuem
712 3428 795 3486 vere,
810 3408 947 3473 eundem
957 3430 997 3473 ex
1008 3409 1116 3475 anima
1129 3410 1323 3490 rationabili,
1334 3436 1375 3493 30

271 3512 305 3571 et
319 3529 461 3593 oorpore,
477 3508 718 3575 ooessentinlem
740 3508 833 3575 Patri
855 3511 1028 3575 seeundum
1047 3510 1221 3592 Deitatem,
1236 3534 1324 3579 ooes-

271 3610 437 3676 sentialem
451 3612 543 3677 nobis
557 3614 693 3677 eundem
704 3614 878 3678 seeundum
892 3614 1135 3694 humanitatem,
1144 3638 1202 3703 per
1216 3618 1326 3683 omnia

271 3713 362 3779 uobis
375 3713 510 3779 similem
523 3716 645 3801 absque
659 3722 801 3801 peooato,
811 3724 887 3781 ante
902 3716 1018 3783 sseeula
1032 3719 1160 3803 quidem
1170 3721 1211 3785 de
1223 3722 1326 3787 Patre

269 3816 415 3903 genitum
435 3819 608 3883 seeundum
626 3818 802 3897 Deitotem,
824 3820 857 3885 in
880 3820 1056 3887 novissimis
1076 3830 1186 3888 antem
1211 3824 1325 3890 diebus

270 3919 407 3985 eundem
421 3928 554 4007 propter
567 3922 705 3988 salntem
727 3931 872 3989 nostram
893 3946 933 3989 ex
950 3924 1058 3991 Maria
1073 3924 1207 4012 Virgine
1221 3927 1324 3993 Theo·
1334 3946 1373 4007 35

270 4030 345 4087 toeo
366 4023 539 4089 seeundum
560 4025 805 4105 humanitatem,
821 4048 928 4107 unum,
944 4028 1141 4114 eundemque
1161 4030 1326 4096 Christum

271 4124 389 4189 Filium
403 4124 576 4190 Dominum
591 4126 812 4214 Unigenitum,
825 4130 859 4192 in
874 4131 997 4196 duabus
1012 4132 1136 4197 naturis
1150 4132 1324 4215 inconfuse,
