2867 4817
168 333 221 397 IN
245 334 495 400 TERTULL.
520 336 586 400 DE
610 336 905 401 PRAESCRIPT.
930 338 1058 403 ΗΕΒ.
1093 340 1159 407 207

103 505 204 583 fallor,
220 528 263 571 ex
277 505 489 591 scriptoribus
504 508 721 574 Antenioaenis
734 510 923 575 memoravit
933 510 1156 589 Tertullianus,

103 592 309 657 Christianus
323 594 435 658 statim
449 593 518 659 lieri
530 594 630 678 judex
643 595 798 673 ethnicus,
817 597 995 681 quicunque
1009 597 1036 660 is
1050 598 1157 676 fuerit,

103 701 175 743 anm
201 679 353 743 omnibus
377 679 451 755 suis,
479 680 663 753 debuisset;
697 681 758 745 rrisi
784 703 936 768 opponas,
960 682 1030 747 fieri
1053 706 1156 769 posse,

102 772 140 829 ut
167 766 312 851 apostoli
337 765 485 830 lstreratio
509 767 617 851 praesti
641 766 678 831 ‘is
703 768 836 854 magieis
860 769 903 832 ab
929 768 1040 833 iisdem
1064 769 1157 834 attri-

103 852 267 916 bueretur.
314 851 497 932 Quinetiam
521 874 595 917 reeo
635 853 753 917 andum
777 854 869 918 uobis
890 861 950 931 est,
969 853 1157 920 Judaeorum

103 938 272 1085 primores,
289 938 324 1001 id
346 938 432 1021 qnod
453 960 493 1002 ex
508 938 602 1003 Aetis
616 939 847 1024 Apostolorum
869 948 1006 1017 oonstat,
1021 942 1157 1005 eundem

127 1045 268 1088 oennem
291 1023 430 1087 oeeisnm
451 1024 522 1101 isse,
546 1024 637 1089 simul
659 1048 697 1089 ae
719 1026 882 1091 novissent
901 1049 973 1091 eum
992 1050 1011 1093 e
1030 1048 1157 1093 earoem

104 1109 259 1175 divinitus
273 1110 456 1173 liberatum.
501 1110 577 1174 Vid.
592 1114 664 1176 Act.
677 1114 785 1261 lepos.
802 1134 870 1197 eap.
884 1112 927 1176 V.
945 1135 1056 1180 eomm.
1072 1132 1127 1199 33.
1153 1184 1157 1192 p

148 1195 187 1259 Ρ.
210 1214 282 1280 ¹52·
305 1195 328 1258 l.
355 1214 383 1260 a.
410 1198 646 1281 contesserarit]
712 1199 811 1262 abent
834 1198 925 1263 editt.
950 1199 1096 1263 Rhenani
1121 1206 1156 1265 et

106 1280 210 1345 Paris.
234 1281 341 1367 prima
358 1291 546 1347 meatur.
592 1283 740 1348 Pithoeus
765 1284 833 1350 vult
857 1285 970 1370 legere,
997 1293 1036 1350 ut
1056 1285 1156 1350 refert

104 1367 279 1441 Semlerus,
294 1377 519 1432 memoratur.

147 1453 232 1517 Ibid.
255 1454 277 1515 l.
301 1456 333 1517 6.
359 1461 392 1518 et
417 1454 490 1519 inde
515 1462 625 1539 portat
650 1455 761 1540 fidem]
783 1457 830 1520 Et
850 1456 923 1520 inde
945 1456 1156 1605 potasssdom

104 1540 217 1623 (Paris
245 1540 359 1621 anda.)
374 1540 511 1603 Franek.
525 1541 644 1627 Rigalt.
658 1542 748 1626 Oonj.
762 1542 924 1606 Wouwer.
950 1552 979 1606 et
1003 1543 1017 1605 i
1056 1564 1076 1605 e
1098 1543 1156 1606 im·

101 1635 214 1709 portat
230 1626 340 1708 fidem.
387 1626 508 1705 Malim,
534 1628 670 1713 plantat.
704 1628 840 1693 Suntne.
884 1627 1045 1693 Editionis
1069 1629 1156 1714 prin·

101 1713 181 1797 cipis
196 1710 367 1776 lectionem
377 1721 483 1797 ponat
496 1715 651 1778 revocavi.

144 1798 230 1861 Ibid.
248 1798 337 1861 l.11.
365 1798 430 1863 Sed
450 1821 514 1863 non
535 1821 645 1865 omnes
669 1822 709 1863 ex
732 1799 801 1888 ille]
823 1799 877 1864 Sie
898 1798 975 1864 edit.
997 1800 1152 1885 prineeps.

101 1884 178 1949 For.
203 1885 373 1970 legendum
399 1883 481 1949 foret
502 1887 622 1949 manino
645 1908 703 1970 pro
727 1908 833 1963 mmet,
859 1886 919 1949 nisi
942 1893 1056 1950 auctor
1076 1885 1154 1950 illud

99 1970 297 2057 spectaverit
312 1970 345 2033 S.
359 1969 496 2035 Joannis
515 1992 525 2033 1
540 1972 602 2057 Ep.
618 1971 648 2035 ii.
662 1992 712 2053 19.
728 1974 871 2057 quoniam
891 1992 951 2035 noe
968 1981 1039 2035 eunt
1056 1993 1155 2037 ovam

97 2078 138 2157 ⁶¹⁶.
147 2056 247 2121 nobis.
295 2055 427 2121 Habent
442 2058 576 2142 sueram
597 2080 656 2143 pro
669 2079 769 2123 munes
781 2058 874 2123 editt.
890 2058 992 2122 Paris.
1011 2058 1152 2123 nauel.

195 2142 308 2227 tiique.

160 2230 231 2293 bid.
244 2228 265 2292 l.
281 2230 329 2292 16.
347 2228 400 2293 lta
413 2236 448 2294 et
461 2229 598 2294 haereses
612 2230 652 2295 de
666 2237 778 2295 nostro
792 2230 1072 2309 fructificaverunt,
1088 2252 1153 2295 non

99 2324 232 2391 nostrae,
249 2314 421 2399 degeneres
435 2314 579 2380 veritatis
600 2337 710 2402 grano,
727 2324 762 2381 et
780 2317 945 2381 mendacio
967 2318 1148 2403 sylvestres]

99 2402 153 2467 Sio
168 2402 266 2465 editt.
283 2409 360 2465 ante
374 2401 598 2487 Rigaltiamm,
614 2402 674 2466 nisi
697 2402 783 2487 quod
803 2402 837 2465 in
858 2403 935 2467 edit.
951 2402 1055 2487 prima
1068 2402 1153 2467 Rhe·

97 2488 177 2553 nani
192 2486 349 2552 extiterat
364 2488 522 2551 venenu
542 2510 601 2573 pro
615 2489 763 2567 veritates,
779 2489 864 2573 quod
878 2496 1004 2553 mutare
1017 2487 1050 2551 iu
1064 2488 1152 2553 oani-

96 2576 176 2640 tetia
189 2573 320 2638 volebat
334 2572 358 2636 J
359 2574 470 2647 unius;
487 2573 542 2637 sed
554 2576 692 2639 ueritatis
703 2576 772 2659 jem
782 2596 817 2638 re
897 2582 968 2639 erat
979 2574 1152 2638 Rhenanus

97 2664 132 2726 in
147 2660 230 2725 edit.
247 2682 307 2723 nra
320 2659 432 2725 ultima
446 2681 486 2723 ex
501 2659 609 2725 codiee
623 2660 796 2739 Gorziensi,
831 2682 885 2724 um
896 2659 1153 2726 Paterniaeensis

97 2746 248 2813 habebat
277 2746 445 2810 variant.
490 2745 605 2811 Posuit
630 2746 799 2832 Rigeltius,
826 2748 882 2810 Ita
910 2755 939 2810 et
965 2746 1090 2811 taereeee
1117 2746 1156 2810 de

98 2843 204 2899 nadre
225 2832 343 2896 frutioe
363 2853 422 2896 noe
440 2838 551 2896 nostro
572 2854 696 2917 genere,
712 2832 858 2897 veritatis
870 2854 981 2919 grano,
997 2832 1056 2896 sed
1075 2853 1156 2896 nten-

99 2920 197 2985 decio
224 2918 388 3002 ephedra.
435 2918 506 3003 Ego
535 2940 606 2982 eum
637 2918 729 3004 Lupo
757 2926 791 2983 et
817 2918 989 2983 Thomasio
1017 2926 1157 2982 veterem

101 3006 278 3071 lectionem
292 3004 445 3069 revocavi.
469 3004 561 3085 Quod
576 3012 610 3070 et
623 3005 734 3069 iecisse
747 3026 831 3069 nune
844 3005 937 3069 video
950 3003 1102 3069 abbatem
1116 3004 1157 3069 de

103 3094 239 3175 Gourey
261 3090 295 3153 in
316 3090 394 3155 edit.
416 3112 475 3155 sua
489 3091 655 3191 Apologiae
677 3099 711 3156 et
734 3091 916 3176 Praeseript.
941 3090 1065 3155 Hoeret.
1081 3090 1157 3155 Ter-

102 3178 237 3245 tulliani
251 3198 337 3241 anno
351 3178 442 3260 1780.
459 3177 592 3241 Parisiis
605 3177 691 3263 typis
705 3176 869 3262 impressa.

152 3264 241 3329 Ibid.
268 3262 290 3327 l.
315 3279 365 3345 27.
389 3262 781 3348 quod—-haeretieorum
808 3262 935 3327 nomine
963 3260 1157 3347 admittunt]

106 3352 194 3417 Haee
216 3360 268 3415 est
290 3349 383 3414 lectio
398 3348 695 3436 Ante-Rignltiana,
712 3371 808 3435 quam
829 3372 902 3413 eum
918 3349 1010 3435 Lupo
1025 3355 1059 3413 et
1074 3348 1158 3411 Tho-

104 3437 214 3503 masio
236 3444 271 3501 et
285 3436 404 3501 abbate
425 3435 465 3500 de
480 3437 615 3521 (lonay,
633 3434 787 3501 revocavi.
830 3435 921 3499 Junii
943 3435 1158 3519 oonjeoturam

103 3524 238 3675 mna
266 3520 387 3607 reoepit
415 3521 590 3673 Rig'altidus„t
625 3523 746 3673 m
769 3522 1041 3673 wibritlmlem'·
1094 3518 1159 3670 Sa]

206 3630 325 3673 mrum
356 3629 474 3673 nomeu
506 3630 525 3673 v
557 3630 574 3672 e
736 3629 773 3672 as
898 3629 951 3687 we,
1009 3628 1043 3670 ur
1083 3626 1143 3669 sun

104 3696 257 3761 homines
286 3716 328 3758 ex
356 3694 491 3758 arbitrio
524 3716 582 3759 suo
611 3631 764 3781 digmata
799 3694 859 3758 sibi
891 3629 1052 3780 eligenies.
1096 3690 1159 3755 Est

104 3802 334 3933 por-rama
360 3780 479 3845 Christo
501 3779 634 3845 latendo
658 3803 717 3867 pro
743 3801 790 3857 eo,
814 3780 900 3864 quod
918 3786 977 3857 est,
995 3800 1018 3842 a
1042 3777 1160 3842 otene

104 3890 170 3935 m
320 3918 328 3931 .

153 3955 193 4019 P.
212 3974 224 4015 ι
228 3972 249 4039 5
253 3974 282 4038 3.
299 3953 318 4017 l.
335 3936 361 4015 i.
380 3952 457 4015 Mea
471 3958 521 4017 est
534 3952 702 4037 possessio]
722 3950 834 4014 Verba
854 3949 932 4028 haeo,
948 3972 1019 4034 quae
1041 3948 1159 4013 absunt

106 4043 152 4107 ab
173 4040 252 4105 edit.
294 4038 423 4139 rineipe,
440 4060 543 4122 neque
563 4037 656 4101 nimis
677 4036 856 4101 neoessaria
874 4042 959 4113 sunt,
974 4034 1081 4099 omisit
1097 4034 1159 4099 Lu·

106 4124 419 4281 tttttn‘ltm
434 4121 1160 4292 tttttttlnttttttttlt

106 4299 312 4389 primendum
326 4320 366 4363 ex
378 4298 531 4384 juret-oss.
546 4318 606 4361 usu
619 4295 643 4360 J
645 4294 748 4374 unius,
763 4294 813 4360 oui
828 4293 1054 4378 obtemperavi.
