2867 4817
308 344 374 409 DE
397 345 557 409 OPERE
579 346 643 411 ET
667 346 1019 411 ELEEMOSYNIS.
1121 345 1187 412 ³07

129 542 213 591 onor
243 542 315 591 aon
343 530 562 619 opomerum,
588 520 627 593 lu'
656 521 891 595 mnwdierunt
915 529 1090 618 precepto
1117 528 1186 603 tua,

130 646 166 707 et
199 646 436 710 aertammtum
470 647 565 709 tuum
598 647 826 712 cenaverunt.
878 638 976 711 Nam
1008 640 1039 709 si
1068 637 1188 708 Deum

131 764 212 825 toto
244 756 352 826 corde
382 755 570 851 diligimus,
600 780 666 827 nco
696 764 861 850 parentes
890 778 957 826 nec
985 754 1077 826 filios
1107 754 1188 825 Deo

130 872 300 965 prael’erre
334 872 516 943 debemus.
567 872 672 957 Quod
707 882 746 945 et
778 872 935 944 Joannes
968 874 1006 943 in
1040 870 1189 966 epistola

104 1001 198 1059 ssua
214 990 328 1081 ponit,
346 991 531 1061 caritatem
554 990 624 1061 Dei
646 992 740 1083 apud
762 1014 823 1062 eos
843 1013 916 1060 non
933 1012 1009 1061 esse
1031 1012 1119 1082 quos
1136 990 1187 1059 vi-

130 1105 283 1176 deamus
318 1108 454 1199 operari
487 1108 524 1177 in
557 1130 730 1201 pauperes
768 1106 882 1178 nolle:
923 1105 993 1195 Qui
1021 1104 1314 1188 dehaeritandos.

131 1222 262 1313 inquit,
291 1220 515 1294 substantiam
545 1223 677 1307 mnndi,
702 1231 735 1294 ct
763 1221 890 1293 viderit
907 1219 1062 1317 fratrem
1086 1246 1187 1291 suum

130 1338 396 1422 dcddmonbm
426 1348 458 1411 ct
487 1337 648 1411 clauserit
677 1339 808 1411 uiscera
836 1361 910 1420 nro,
937 1336 1104 1432 quomodo
1132 1361 1188 1409 co-

130 1457 224 1527 rita-r
240 1455 313 1528 Dei
335 1456 511 1527 menotio
533 1454 624 1527 ito?
658 1455 697 1526 Si
720 1457 816 1525 enim
840 1454 940 1525 Deus
957 1453 1188 1547 eleemosynis

88 1594 125 1633 10
131 1597 332 1667 pauperum
353 1573 554 1656 foeneratur,
572 1580 610 1643 et
632 1596 714 1643 oum
738 1574 843 1643 datur
861 1571 1027 1654 minimis,
1046 1569 1187 1642 Christo

133 1689 251 1774 datur,
269 1712 341 1761 non
358 1697 413 1761 est
430 1690 524 1782 quod
541 1690 620 1781 quis
637 1696 778 1761 terrena
791 1687 995 1760 coelestibus
1011 1686 1186 1779 praeferat,

132 1828 202 1877 nec
220 1806 348 1878 divinis
364 1807 521 1879 humana
536 1816 732 1901 praeponat.

186 1922 299 1995 XIII.
326 1924 386 1995 Sic
415 1925 523 1995 vidua
554 1922 617 1993 illa
649 1924 687 1992 in
719 1924 828 1993 tertio
858 1922 1063 2017 Regnorum
1098 1921 1348 1995 libmaqmu.

254 2042 292 2111 in
320 2040 478 2111 siccitate
509 2048 547 2111 et
576 2039 671 2111 fame
697 2041 916 2133 consumptis
945 2039 1109 2109 omnibus
1142 2040 1187 2109 de

91 2158 279 2239 ¹5modico
304 2157 394 2229 farre
421 2166 459 2229 et
480 2155 559 2227 oleo
580 2158 675 2251 quod
697 2156 918 2248 superfuerat
940 2156 1082 2227 fecisset
1107 2157 1189 2226 cub-

132 2275 342 2345 cinericinm
365 2296 503 2367 panem,
529 2295 600 2366 quo
625 2273 814 2366 absumpto
843 2274 1015 2344 molitura
1039 2296 1122 2343 cum
1147 2271 1189 2344 li-

132 2391 229 2462 beris
246 2398 350 2475 esset,
374 2392 577 2484 supervenit
599 2389 734 2473 Helias,
751 2397 790 2460 et
810 2390 914 2483 petiit
936 2390 1002 2461 sibi
1023 2392 1120 2483 prius
1142 2390 1188 2460 ad

136 2508 318 2581 edendum
353 2508 437 2590 deri,
471 2517 558 2578 tunc
592 2506 688 2599 quod
717 2506 947 2599 superfuisset
976 2507 1060 2577 inde
1088 2504 1188 2577 illam

136 2648 221 2697 oum
250 2624 333 2697 filiis
357 2626 429 2695 suis
456 2624 560 2695 rosei.
611 2622 694 2695 Neo
724 2624 969 2716 obtemperare
997 2621 1060 2693 illa
1088 2624 1189 2693 dubi-

90 2744 238 2827 notavit,
255 2752 320 2815 aut
337 2740 454 2813 Heliae
470 2741 561 2812 filios
577 2750 692 2811 mater
707 2742 746 2811 in
762 2741 857 2811 same
869 2748 908 2810 et
925 2749 1084 2834 egestate
1100 2762 1186 2834 prae-

135 2861 267 2953 posuit.
312 2858 372 2930 Fit
396 2859 506 2929 immo
531 2860 569 2929 in
587 2865 785 2951 conspectu
803 2856 873 2926 Dei
890 2854 984 2947 quod
1008 2853 1088 2926 Deo
1112 2856 1277 2950 pluam
1288 2873 1322 2922 vi.

135 2985 237 3061 ceet3
263 2983 427 3071 prompte
447 2998 489 3047 ac
515 2974 667 3046 libenter
687 2975 784 3067 quod
808 2972 998 3066 petebatur
1021 2970 1187 3058 offertur3

135 3116 204 3165 nec
221 3094 267 3164 de
282 3093 501 3165 abundantia
516 3092 641 3185 portio,
655 3093 717 3163 sed
731 3093 777 3163 de
788 3090 929 3160 modico
942 3096 1059 3159 totum
1074 3088 1187 3174 datur,

135 3220 176 3285 et
209 3209 445 3282 esurientibus
474 3207 593 3279 liberis
623 3205 714 3278 alter
747 3208 844 3301 prius
877 3205 1042 3299 pascitur,
1071 3228 1187 3300 neque

90 3330 175 3407 asin
202 3328 351 3421 penuria
379 3334 417 3399 et
446 3325 541 3397 fame
570 3325 670 3396 cibus
700 3330 785 3395 ante
813 3345 921 3415 quam
949 3323 1188 3395 misericordia

136 3446 335 3539 cogitatum
360 3451 402 3514 ut
426 3444 513 3514 dum
539 3443 577 3512 in
603 3464 709 3536 opere
734 3440 880 3512 salutari
905 3439 1093 3512 carnaliter
1114 3442 1189 3512 rita

136 3561 388 3644 contemnitur,
406 3558 610 3654 spiritaliter
626 3560 744 3629 enimc
760 3565 929 3629 servetur.
981 3556 1106 3628 Helias
1124 3559 1190 3628 ita-

136 3702 208 3773 que
230 3688 357 3772 typum
380 3676 513 3749 Christi
536 3698 672 3771 gerens,
697 3682 735 3745 et
756 3673 851 3767 quod
878 3672 940 3745 ille
965 3695 1029 3767 pro
1055 3675 1189 3745 miseri-

136 3798 258 3868 cordia
274 3795 388 3865 vicem
412 3792 558 3889 singulis
580 3793 706 3864 reddat
728 3791 928 3872 ostendens,
952 3790 1134 3884 respondit
1150 3798 1189 3862 et

89 3936 129 3995 30
138 3914 250 3985 dixit:
279 3909 371 3983 Hoec
395 3908 481 3982 dicit
504 3907 701 3981 Dominus:
734 3905 875 3979 Fidelis
890 3905 1012 4003 farcio
1035 3930 1105 3978 non
1131 3907 1283 3992 ‹lc-311*
1292 3928 1351 3978 xva.

126 4029 236 4124 ficiet,
264 4036 297 4099 ct
321 4051 476 4123 capsaces
503 4024 569 4099 olei
597 4048 667 4097 uon
692 4023 866 4095 minuetur
894 4046 1000 4118 usquc
1029 4023 1068 4094 in
1097 4023 1188 4096 diem
1198 4006 1253 4056 '⁴⁸'

137 4170 204 4241 quo
221 4143 317 4219 dabit
338 4143 512 4217 Dominus
531 4140 671 4214 imbrem
688 4166 792 4237 snper
809 4150 948 4213 terram.
983 4140 1188 4211 Secundum

137 4262 269 4335 dirinae
291 4260 556 4355 pollicitationis
578 4260 684 4331 fidem
708 4258 946 4352 multiplicata
967 4266 1052 4329 sunt
1072 4258 1189 4331 viduae

613 4396 638 4446 n
654 4382 712 4447 rt
