2867 4817
530 354 763 418 EPITOME.
1102 358 1168 424 347

97 508 201 596 'ucri
233 548 351 597 sumus
385 524 426 597 al
461 524 529 596 ill.
596 526 758 605 Continet
790 552 826 597 se
863 552 885 596 c
924 530 991 598 uiis
1024 532 1162 611 nostris,

113 643 216 734 quusi
232 641 273 712 ul
291 642 533 726 immunditiis,
551 652 583 713 et
599 641 750 738 profert
772 643 959 713 nouissimo
976 643 1162 736 scutorum,

113 766 147 826 et
168 756 344 853 qlorictur
368 767 505 851 putrem
530 756 724 830 Dominum
751 762 836 849 (cor.
863 757 987 843 Deum,
1017 760 1162 855 Daris).

124 868 308 942 Videamus
329 896 409 969 erqo
435 873 469 942 si
494 896 665 944 sermones
695 872 791 944 illim
816 874 890 945 ueri
918 884 1007 957 sunt,
1034 884 1065 945 ct
1085 872 1162 946 'ten-

113 997 230 1070 temus
262 1011 339 1081 quer
368 998 529 1059 eventurn
543 986 545 991 ’
558 998 638 1059 sunt
668 988 731 1059 illi.
785 988 1002 1062 Contumelia
1032 1001 1064 1061 ct
1093 1002 1163 1063 tor·

112 1114 224 1195 mento
262 1105 510 1201 interuoqemus
550 1128 636 1188 eum,
671 1114 709 1176 ut
747 1106 897 1176 scicncus
936 1109 1161 1179 reuerentiam

112 1217 218 1304 illius,
253 1231 285 1292 et
317 1220 500 1315 probemus
529 1222 736 1315 potientium
775 1220 880 1292 illius.
934 1222 1054 1294 Morte
1088 1234 1161 1295 tur-

105 1337 257 1430 pissimo
291 1338 550 1409 condemnemus
583 1362 671 1409 eum.
735 1337 826 1410 Huc
865 1341 1096 1436 copituocrunt
1129 1352 1161 1413 et

110 1464 323 1525 mouerunt.
379 1453 582 1526 Eucaecouit
615 1456 706 1523 enim
741 1452 819 1524 illos
851 1454 999 1526 stultitia
1032 1480 1159 1540 eorum,

110 1576 144 1639 et
173 1571 366 1640 nescierunt
391 1578 605 1640 sacramento
630 1567 713 1640 Det
767 1569 906 1640 Herum
931 1572 1041 1665 igitur
1065 1572 1161 1643 litte-

110 1708 228 1755 rarum
255 1687 490 1767 immemores
516 1709 602 1779 quus
627 1686 805 1781 legebant,
835 1686 1072 1757 incitaverunt
1097 1711 1160 1781 po·

109 1800 236 1892 pulum
262 1811 431 1893 tunquam
457 1802 623 1872 adversus
649 1802 808 1894 impium,
826 1810 868 1869 ut
892 1824 974 1870 eum
1001 1825 1160 1896 compre-

108 1916 260 1987 hensum
286 1919 329 1987 ed
350 1918 524 2009 judicium
551 1919 732 1999 ducerent,
749 1925 972 2009 mortemque
995 1920 1071 2009 ejus
1094 1921 1159 1988 im-

110 2034 178 2124 piis
213 2032 357 2103 vocibus
390 2032 600 2126 flagitarent.
666 2032 898 2103 Intentabant
935 2043 1056 2103 autem
1094 2057 1157 2127 pro

108 2148 256 2218 crimine
287 2150 323 2220 id
358 2149 483 2241 ipsum,
514 2150 607 2240 quod
639 2170 676 2217 se
708 2146 777 2218 Dei
807 2147 921 2217 filium
951 2150 1094 2231 diceret,
1121 2159 1158 2220 et

109 2267 205 2355 quod
231 2265 348 2360 legem
375 2264 537 2347 solveret,
563 2265 716 2336 curando
742 2264 904 2334 homines
933 2267 970 2333 in
1001 2265 1157 2349 sabbato,

108 2403 216 2472 quam
233 2380 295 2452 ille
312 2404 350 2452 se
367 2404 439 2451 non
455 2380 602 2463 solvere,
620 2381 680 2449 sed
698 2378 846 2472 implere
863 2380 1015 2450 dicebat.
1049 2381 1158 2451 Cum-

108 2496 180 2587 que
204 2496 352 2567 Pontius
377 2495 522 2577 Pilatus,
541 2497 600 2588 qui
624 2504 702 2565 tum
727 2494 865 2589 legatus
883 2498 919 2565 in
944 2495 1045 2589 Syrie
1062 2498 1159 2588 judi.

108 2611 222 2693 cebet
259 2614 482 2705 perspiceret,
514 2612 652 2681 eausam
689 2609 786 2680 illam
816 2603 860 2680 ed
896 2609 1048 2681 officium
1085 2611 1157 2681 Ro·

108 2729 205 2797 meni
222 2727 353 2820 judicis
376 2751 447 2796 non
471 2728 656 2821 pertinere,
675 2726 773 2796 misit
796 2726 946 2821 eumad
972 2724 1155 2797 Herodem

105 2842 331 2925 tetrarcham,
359 2844 588 2935 permisitque
618 2840 765 2924 Judaeis,
796 2851 837 2911 ut
859 2842 931 2934 ipsi
965 2840 1054 2936 legis
1084 2866 1154 2913 suae

106 2958 361 3050 disceptatores
387 2966 513 3039 essent,
539 2952 610 3048 qui,
634 2966 781 3048 acceptu
795 2956 946 3026 'sceleris
965 2954 1051 3043 (lue.
1072 2982 1155 3051 per-

99 3074 282 3168 petrandi)
299 3082 487 3166 potestate,
504 3074 718 3143 addixerunt
735 3094 818 3142 eum
836 3074 952 3155 cruci3
978 3074 1040 3143 sed
1058 3077 1154 3165 prius

105 3188 255 3283 flagellis
280 3199 318 3260 et
343 3190 469 3283 palmis
494 3189 777 3272 verberaverunt,
799 3190 907 3279 spinis
932 3200 1153 3272 coronarunt,

104 3305 234 3376 faciem
256 3316 505 3399 conspuerunt,
522 3308 559 3375 in
582 3306 700 3376 cibum
719 3315 757 3376 et
779 3314 905 3398 potum
928 3306 1101 3377 dederunt
1119 3310 1152 3377 ei

105 3421 154 3492 fel
172 3431 209 3492 et
226 3431 377 3505 acetum,
395 3434 433 3493 et
449 3425 543 3493 inter
558 3423 633 3493 haec
650 3421 749 3492 nulla
766 3445 835 3492 vox
853 3422 929 3512 ejus
945 3423 1066 3493 audita
1078 3432 1151 3505 est;

105 3547 192 3607 tunc
215 3538 394 3609 carnifices
420 3540 533 3609 sortiti
560 3540 605 3608 de
632 3539 753 3609 tunica
777 3539 852 3630 ejus
877 3546 915 3607 et
940 3538 1057 3630 pullio,
1074 3561 1150 3609 sus-

104 3654 304 3745 penderunt
327 3652 487 3746 patibulo
510 3662 617 3745 atque
643 3652 854 3737 edixerunt,
876 3677 957 3724 cum
983 3655 1152 3746 postridie

104 3768 243 3861 pasche,
261 3769 297 3838 id
315 3778 379 3850 est,
397 3768 527 3839 festum
551 3768 645 3837 diem
664 3790 767 3837 suum
790 3767 1000 3837 celebraturi
1023 3776 1149 3837 essent.

105 3883 210 3966 Quod
233 3882 369 3953 facinus
395 3883 554 3976 prodigia
582 3892 704 3953 secuta
727 3892 821 3965 sunt,
845 3891 887 3951 ut
910 3881 1151 3975 intelligerent

103 4000 212 4081 nefas,
231 3998 324 4089 quod
350 3999 573 4069 admiserant.
626 3998 762 4068 Eodem
785 4021 937 4089 nemque
958 4008 1150 4079 momento,

103 4137 175 4206 quo
192 4114 354 4205 spiritum
372 4115 499 4205 posuit,
517 4122 555 4184 et
572 4121 676 4183 terrae
695 4122 813 4184 motus
832 4136 992 4206 magnus,
1009 4122 1047 4183 et
1064 4112 1152 4181 deli·

103 4230 227 4320 quium
245 4228 327 4299 solis
343 4229 424 4313 fuit,
442 4230 537 4299 utin
555 4237 696 4299 noctem
715 4228 790 4299 dies
807 4237 1012 4301 verteretur.

148 4362 216 4406 vot.
231 4362 264 4406 11.
592 4364 612 4403 Y
627 4362 648 4427 y
