2867 4817
286 308 351 373 102
637 305 982 372 TERTULLIANI

284 490 427 553 terreno
442 480 646 553 coelestibus
662 481 831 553 cesserint
849 480 913 569 (iii.
925 482 1000 575 31.)
1021 476 1092 568 Qui
1108 476 1262 551 deterre
1279 487 1336 562 esi,

283 599 410 690 inquit,
445 606 581 669 terreno
603 594 737 693 sotor:
771 596 893 693 etqui
926 594 968 667 de
1001 593 1094 668 ooelis
1128 594 1233 680 adest,
1260 620 1338 691 quoe

284 714 372 786 cidit
394 738 435 785 co
461 712 624 809 loquitor.
676 713 725 785 Et
755 714 840 807 quid
867 738 940 785 non
963 713 1118 797 ooelsste,
1141 714 1237 805 quod
1263 712 1338 785 Do-

284 832 373 903 mini
399 830 532 903 Christi
554 838 630 914 est3
655 839 698 900 ut
713 830 790 901 haec
815 853 956 923 quoque
982 831 1104 902 orandi
1128 830 1337 924 disciplina?

285 948 558 1019 Consideremus
587 948 718 1040 itaque,
748 947 937 1031 benedicti,
963 947 1147 1018 ooelestem
1174 948 1250 1039 ejus
1282 971 1365 1029 so-5

283 1065 404 1159 phium
422 1065 460 1136 in
475 1065 598 1157 primis
615 1064 660 1134 de
685 1072 862 1157 praeoepto
888 1070 1024 1135 seorsis
1047 1064 1239 1135 odorandi:
1264 1088 1337 1157 quo

284 1191 323 1253 et
347 1182 455 1252 fidem
480 1181 633 1252 hominis
657 1180 835 1274 exigebat,
856 1188 898 1250 ιιι
921 1178 992 1250 Dei
1018 1181 1272 1273 omnipotentis
1298 1191 1339 1253 et

284 1308 514 1392 conspectum
549 1306 586 1369 et
615 1299 777 1367 nuditum
812 1296 878 1367 sub
911 1296 1027 1381 tectis,
1063 1306 1100 1368 et
1134 1298 1172 1367 in
1206 1298 1337 1370 abditis

284 1417 396 1488 etium
419 1416 542 1487 edesse
567 1414 781 1486 confideret:
807 1423 845 1484 et
862 1414 1074 1485 modestiam
1098 1414 1182 1486 fidei
1199 1416 1339 1488 deside-

284 1535 395 1616 rebat,
420 1542 463 1605 ιιι
490 1555 597 1625 quom
625 1531 758 1623 ubique
787 1532 910 1601 audire
940 1539 978 1601 et
1001 1530 1121 1601 videre
1146 1529 1283 1615 fideret,
1300 1536 1336 1605 ei
1353 1561 1392 1601 ro

284 1648 350 1722 soii
366 1648 574 1744 religionem
591 1669 692 1719 suom
715 1647 877 1719 offerret:
904 1656 1076 1740 sequente
1101 1648 1225 1743 sophis
1241 1648 1336 1745 (sor.

284 1775 472 1859 sequentes
489 1764 665 1858 sophiam)
685 1764 724 1833 in
742 1766 904 1856 sequenti
926 1770 1125 1857 praeoepto3
1155 1766 1250 1857 qnod
1267 1768 1337 1839 etsi

283 1882 433 1977 proinde
461 1882 639 1975 pertineat
664 1882 709 1951 sd
740 1880 848 1952 fidem
876 1888 914 1951 et
940 1881 1153 1951 modestiam
1182 1881 1275 1966 fidei,
1305 1886 1338 1955 si

283 2022 357 2069 non
386 1998 528 2091 agmine
553 1997 742 2068 verbomm
768 1997 971 2067 adeundum
997 2004 1164 2089 putemus
1190 1998 1235 2068 od
1261 1997 1340 2071 Do-

283 2115 431 2196 minum,
462 2135 569 2205 quem
602 2111 697 2183 ultro
732 2114 803 2184 suis
837 2113 1036 2205 prospicere
1070 2114 1159 2185 certi
1193 2136 1396 2205 sumus215

284 2239 445 2302 attamen
469 2228 625 2301 brevitas
649 2230 726 2311 isto,
745 2228 840 2321 quod
866 2229 910 2299 ed
928 2230 1075 2301 tertium
1101 2231 1233 2325 sophie
1257 2253 1341 2326 gm-

284 2349 370 2419 dum
405 2345 522 2427 faciet,
547 2368 684 2440 megnae
713 2369 755 2416 sc
785 2345 897 2417 beatae
924 2348 1227 2441 interpretationis
1254 2350 1341 2420 sub-

284 2464 417 2535 stantio
444 2461 536 2533 fulta
564 2471 640 2533 est:
665 2469 910 2555 quantumque
935 2464 1187 2559 substringitur
1210 2465 1340 2574 serbis,

285 2589 426 2652 tentum
454 2578 663 2651 diffimditur
689 2578 860 2649 sensibus.
914 2578 1044 2672 Neque
1073 2584 1169 2653 enim
1197 2584 1343 2676 proprio

285 2706 425 2769 tontum
443 2697 610 2767 orationis
631 2695 747 2767 officio
771 2694 958 2789 complexo
982 2706 1047 2781 est,
1066 2698 1123 2769 vel
1141 2700 1343 2770 veneratio-
1356 2728 1402 2769 20

284 2836 368 2885 nem
386 2812 466 2896 Dei,
483 2821 547 2884 out
571 2812 725 2883 hominis
750 2812 971 2904 petitionem,
989 2814 1052 2883 sed
1077 2836 1221 2885 omnem
1242 2836 1343 2908 pene

284 2954 483 3001 sermonem
506 2929 662 3012 Domini,
688 2951 831 3000 omnem
864 2930 1239 3001 commemorationem
1265 2931 1344 3001 dis-

284 3048 432 3141 ciplinae,
468 3056 510 3117 ut
544 3069 668 3117 revere
702 3047 742 3116 in
779 3046 938 3115 oratione
974 3047 1187 3119 breviarium
1225 3048 1343 3119 totius

285 3164 458 3258 evangelii
476 3162 804 3257 comprehendetur.

139 3303 216 3353 cnr.
229 3302 265 3350 ιι.
336 3281 468 3373 Incipit
497 3302 520 3350 o
545 3280 748 3350 testimonio
775 3277 856 3361 Dei,
877 3286 915 3349 et
942 3280 1070 3350 merito
1100 3280 1193 3364 fidei,
1224 3302 1342 3373 quum
1357 3304 1405 3364 ²5

286 3397 436 3467 dicimus
466 3394 592 3466 Purus
620 3415 688 3473 om
715 3416 757 3465 ιιι
781 3413 893 3463 cums
919 3414 970 3464 ss
1023 3393 1120 3465 Nam
1148 3408 1187 3465 et
1215 3393 1344 3465 Deum

286 3535 436 3596 oramus,
455 3522 493 3584 et
508 3512 617 3582 fidem
641 3512 942 3593 commendamus,
960 3512 1061 3603 cujus
1085 3513 1254 3581 meritum
1280 3522 1345 3582 est

285 3632 361 3702 hoeo
378 3628 579 3723 appellatio.
605 3628 787 3720 Scriptum
806 3637 879 3698 est:
899 3626 971 3715 (Jo.
989 3629 1012 3696 i.
1029 3628 1085 3697 11.
1106 3626 1344 3707 Maturius.

286 3758 324 3819 et
340 3772 370 3819 o.
387 3771 423 3820 x.
441 3755 479 3817 et
496 3770 526 3815 c.
544 3748 631 3836 xvi.)
667 3743 739 3833 Qui
765 3745 803 3813 z'n
828 3768 904 3815 eum
928 3740 1149 3826 crediderint,
1167 3742 1261 3814 dedit
1287 3744 1346 3815 eis

280 3872 479 3959 potestatem
513 3871 551 3933 ot
573 3860 650 3957 ficii
681 3860 754 3932 Dei
787 3870 955 3933 vocentur.
1008 3860 1233 3953 Quamquam
1267 3862 1349 3933 fre-
1361 3890 1414 3945 30

285 3981 516 4072 quentissime
548 3979 724 4050 Dominus
765 3986 904 4071 patrem
945 3977 1047 4049 nobis
1089 3980 1350 4070 pronunciarit

287 4095 417 4179 Deum,
433 4097 507 4167 imo
532 4105 570 4169 et
587 4097 764 4189 precepit,
782 4094 907 4183 (Mett.
926 4095 1025 4165 xxiii.
1043 4096 1094 4189 9.)
1111 4118 1154 4166 oe
1176 4116 1275 4190 quoru
1301 4096 1349 4167 in

286 4212 390 4283 terris
414 4220 549 4305 putrem
578 4235 741 4293 nocemus
763 4212 834 4282 uisi
859 4236 956 4307 poeto
982 4210 1142 4283 hahemus
1168 4212 1206 4283 ιἰι
1232 4211 1349 4285 omlis.
