2867 4817
276 304 341 367 234
587 296 846 369 DEFINITIO
869 302 1004 367 FIDE!

277 496 335 573 καὶ
347 492 545 591 Θεμιστίου
560 498 633 572 τῶν
650 496 845 588 δυσσεβῶν
863 498 1113 600 φρενοβλαβεῖ
1127 494 1338 601 κακοδοξίᾳ

277 618 517 727 συνᾴδουσαν,
542 622 600 699 καὶ
627 617 669 699 τό
685 618 822 699 τελειον
846 625 909 720 τῆς
932 618 1243 723 ένανθροπήσεως
1268 630 1338 701 τοῦ

279 750 386 829 αὑτοῦ
408 748 485 831 εὐῦς
513 748 633 850 κυρίου
657 750 782 848 Ἰησοῦ
809 752 975 852 Χριστοῦ
1001 756 1066 829 τοῦ
1095 754 1196 828 Θεοῦ
1228 749 1338 848 ἡμῶν

280 878 417 956 ἀνελεῖν
449 872 507 954 διιί
539 903 635 959 τινος
666 878 817 978 δολερᾶς
852 876 1006 960 ἐπινοίας
1043 872 1334 973 σπουδάσασαυ,

280 1003 454 1105 ἀθέλητον
471 1005 630 1083 ἐντεῦθεν
656 1006 713 1083 καὶ
738 1001 970 1107 ἀνενέργητον
993 1001 1060 1103 τὴν
1079 1008 1214 1107 νοερῶς
1234 1005 1330 1111 ἐψυ-

279 1132 441 1239 χωμένην
467 1132 575 1211 αῦτοῦ
597 1128 719 1236 σάρκα
744 1130 943 1239 δυσφήμως
968 1130 1204 1233 εἰσάγουσαν.
1244 1132 1328 1240 ἐξή-

280 1291 373 1365 γειρε
384 1261 501 1341 τοίνυν
513 1258 674 1365 Χριστὸς
688 1260 709 1339 ὁ
722 1258 815 1343 Θεὸς
828 1260 929 1360 ἡμῶν
944 1256 1008 1338 τὸν
1018 1258 1152 1339 πιστὸν
1167 1260 1333 1354 βασιλέα

121 1415 175 1460 Λα
181 1410 232 1458 xiii·
270 1386 343 1485 ,τόν
361 1384 440 1468 νεόυ
457 1389 583 1486 Δαυίδ,
600 1388 714 1491 ἄνδρα
727 1381 819 1466 κατῦ
835 1384 901 1488 τὴν
915 1388 1040 1467 ἑαυτοῦ
1059 1388 1211 1489 καρδίαν
1223 1390 1331 1491 εὑρη-

120 1490 266 1655 QUO
282 1516 363 1601 κιός·
392 1513 512 1600 ῦςοῦκ
530 1516 646 1614 ἔδωκε,
666 1513 757 1595 κατὰ
775 1512 818 1595 τῦ
843 1515 1102 1619 γεγραμμέιιον,
1123 1518 1242 1595 ῦπνον
1260 1524 1335 1599 τοῖς

122 1638 275 1730 νει-κατ’.
282 1646 483 1752 ὀφθαλμοῖς
496 1644 614 1740 αὐτοῦ,
625 1645 683 1723 καί
696 1650 770 1728 τοῖς
783 1644 983 1750 βλεφάροις
995 1644 1103 1723 αὑτοῦ
1117 1642 1335 1745 νυσταγμδν

282 1773 346 1856 ἕως
364 1770 447 1852 ῦτου
465 1769 523 1850 διὰ
539 1774 603 1870 τῆς
624 1772 702 1851 καθ
722 1770 814 1871 ἡμᾶς
836 1768 1099 1850 θεοουλλέκτου
1120 1768 1257 1870 ταύτης
1275 1774 1335 1852 καὶ

284 1904 377 2003 ἱερᾶς
395 1897 597 2002 ὃμηγόρεως
620 1896 662 1977 τὸ
680 1901 744 1998 τῆς
769 1896 976 2005 ὀρθοδοξίας
997 1894 1083 2001 ηὗρε
1104 1896 1244 1978 τέλειον
1264 1897 1331 1999 κή-

123 2053 197 2169 launna
208 2054 414 2132 ηυῐρυγμα.
441 2022 532 2105 κατὰ
549 2022 621 2128 γὰρ
638 2021 704 2125 τὴν
722 2022 909 2105 θεόλεκτου
928 2021 1063 2131 φωνὴν,
1077 2024 1168 2105 ὅπου
1180 2028 1255 2107 εἶσὶ
1269 2026 1334 2106 διίο

283 2153 306 2256 ἢ
324 2162 417 2259 τρεῖς
438 2155 496 2235 ἐπὶ
517 2159 568 2261 τῷ
589 2155 662 2261 ἐμῷ
685 2153 832 2251 ὀνόματι
856 2152 1083 2253 συνηγμένοι,
1101 2155 1174 2232 ἐκεῖ
1198 2157 1272 2253 εἰμὶ
1295 2157 1335 2233 έν

283 2281 384 2389 με’σιρ
422 2281 552 2360 αῦτιῦν.
597 2278 672 2381 ἥτις
698 2288 868 2385 παροῦσα
897 2280 983 2382 ἁγία
1022 2282 1081 2359 καὶ
1108 2280 1332 2381 οίκουμευικὴ

284 2408 435 2491 σύνοδος
452 2412 592 2492 πιστῶς
617 2406 789 2514 δεξαμένη
815 2408 874 2487 καὶ
894 2408 1032 2493 ῦπτίαις
1054 2412 1181 2513 χερσὶν
1201 2412 1328 2488 ἀσπα-

285 2536 422 2637 σαμένη
440 2534 506 2634 τήν
524 2568 563 2615 τε
580 2544 644 2615 τοῦ
658 2534 856 2639 ἁγιωτάτου
870 2538 928 2615 καὶ
941 2534 1211 2639 μοικαριωτιίτου
1224 2536 1333 2618 πόπα

285 2668 348 2763 τῆς
371 2662 617 2767 πρεσβυτέρας
634 2662 776 2763 Ῥώμης
797 2662 1006 2765 Ἀγάθωνος
1032 2664 1223 2765 γενομέιην
1246 2666 1334 2743 ἀνα-

286 2788 404 2899 φορὰν
419 2787 510 2894 πρὸς
535 2786 598 2870 τόν
622 2789 883 2887 εὐσεβέστατον
904 2794 962 2871 καὶ
985 2788 1206 2871 πιστότατον
1230 2793 1334 2892 ἡμῶν

286 2919 443 3017 βασιλέα
462 2920 749 3017 Κωνσταντῖνον,
762 2917 827 3018 τὴν
841 2917 1143 3020 ἀποβαλλομένην
1156 2921 1336 3019 ὀνομαστὶ

286 3046 368 3132 τοῦς
397 3046 617 3154 κηρύξαντας
642 3049 700 3126 καὶ
728 3044 949 3153 διδάξαντας,
978 3050 1026 3131 ὡς
1051 3047 1334 3151 προδεδήλωται,

288 3174 326 3257 ἓν
343 3176 484 3276 θελημα
501 3178 558 3255 καὶ
575 3176 660 3274 μίαν
677 3174 853 3277 ἐνέργειαν
870 3177 928 3256 ε’πὶ
952 3180 1015 3274 τῆς
1038 3174 1213 3279 ε’νσιίρκου
1232 3182 1333 3256 οίκο-

288 3304 410 3406 νομίας
428 3309 592 3407 Χριστοῦ
613 3310 677 3382 τοῦ
701 3305 873 3403 ἀληθινοῦ
898 3309 994 3384 Θεοῦ
1019 3305 1132 3404 ἡμῶν·
1160 3304 1335 3389 ὡσαύτως

289 3429 597 3533 δὲπροσηκαμένη
615 3431 674 3507 καὶ
691 3425 757 3528 τὴν
776 3432 813 3508 ἐκ
831 3434 894 3529 τῆς
921 3429 989 3510 ὑπὸ
1007 3430 1070 3511 τὸν
1091 3429 1199 3510 αὐτὸν
1217 3432 1332 3534 ἁγιοί-

289 3592 397 3639 τατον
414 3555 539 3639 πόπαν
563 3562 657 3661 ἱερᾶς
680 3556 835 3638 συνόδου
859 3564 931 3637 τῶν
954 3557 1080 3638 ἑκατὸν
1097 3558 1210 3638 ε’ίκοσι
1227 3560 1335 3640 πέντε

290 3692 469 3795 θεοφιλῶν
487 3682 692 3767 ἐπισκόπων
707 3682 828 3791 ἑτέραν
840 3683 1031 3787 συνοδικὴν
1043 3686 1230 3793 ἀναφορὰν
1242 3687 1333 3793 πρὸς

290 3813 357 3922 τὴν
373 3816 480 3895 αι’ποῦ
496 3810 675 3920 θεόσοφον
688 3811 927 3915 γαληνότητα,
940 3812 997 3893 οἶά
1011 3849 1049 3894 τε
1063 3816 1335 3921 συμφωνούσας

291 3949 337 4048 τῇ
362 3978 400 4022 τε
422 3941 507 4047 ἁγίᾳ
530 3942 568 4020 ἐν
591 3939 799 4047 Καλχηδόνι
821 3938 973 4051 συνόδῳ,
992 3947 1051 4022 καὶ
1072 3948 1124 4051 τῷ
1146 3941 1245 4051 τόμιρ
1271 3954 1335 4025 τοῦ

222 4084 226 4092 ’
291 4072 456 4174 πανιέρου
479 4072 537 4149 καὶ
554 4069 822 4174 μακαριωτάτου
840 4067 944 4150 ποίπα
962 4076 1025 4171 τῆς
1047 4073 1156 4171 αὐτῆς
1173 4081 1334 4173 πρεσβυ-

292 4200 394 4304 τέρας
411 4198 552 4297 Ῥοίμης
572 4197 733 4295 Λέοντος,
752 4204 803 4305 τῷ
821 4198 991 4278 σταλέυτι
1008 4195 1099 4303 πρός
1124 4198 1334 4297 Φλαβιανῦν
