2867 4817
275 324 341 391 268
631 324 663 389 S.
687 324 976 391 CYPRIANUS.

316 509 330 543 ⁰
343 499 388 557 De
401 498 457 557 hoc
470 496 555 577 plura
569 496 693 557 Pontius
705 496 738 555 in
752 498 784 558 S.
793 496 933 580 Cypriani
946 498 1016 557 vita.

316 596 510 673 ‘'Utrumque
523 614 583 654 non
602 594 653 654 diu
671 605 748 675 post,
762 596 873 656 1111111
891 595 969 655 idem
990 595 1115 656 Pontius
1132 596 1248 656 innuit:
1278 598 1327 659 Aa

272 694 469 775 probationem
483 715 598 773 opmnr
619 694 707 754 solum
729 695 781 753 hoc
799 693 928 752 arbitror
946 691 1020 751 sotis
1039 714 1109 764 esse,
1124 696 1200 774 quod
1209 694 1328 774 jndicio

275 794 335 852 Dei
349 802 376 853 et
385 792 480 872 plebis
488 791 599 872 facore
613 792 653 851 od
668 793 790 871 efficium
803 790 958 852 racndotii
969 793 1161 872 (presbyteri)
1175 802 1203 853 et
1217 794 1326 873 episco-

271 898 362 968 patur
372 889 498 968 gradum
516 889 611 948 adhuc
631 890 798 969 arcopkytua,
813 896 840 949 et
853 896 885 946 ot
902 888 1064 967 putabatur
1077 890 1203 949 novellas
1220 890 1326 951 1111111

275 992 325 1043 cst.
368 984 513 1043 Caeterum
539 983 714 1043 Pearsonius
742 986 943 1065 presbyterum
966 986 1077 1045 factum
1102 988 1221 1066 conjicit
1247 1008 1326 1047 anno

274 1092 401 1140 exeunte
418 1098 484 1157 247.
499 1082 667 1160 episcopum
682 1102 708 1140 a.
723 1083 790 1155 248.

316 1177 594 1258 ο1111111111411111
615 1198 668 1257 pro
681 1178 778 1237 indice
796 1178 970 1258 scriptorum
988 1178 1050 1238 sive
1067 1191 1325 1240 monumentorum

274 1274 385 1353 ingenii
406 1276 475 1355 poni
496 1275 532 1334 ab
557 1276 740 1355 Hieronymo
761 1286 806 1334 est
830 1276 1025 1354 perspicuum.
1068 1275 1147 1334 Mihi
1168 1297 1236 1336 vero
1258 1292 1327 1357 post

275 1373 356 1432 Guil.
373 1377 502 1433 Caveum
521 1372 650 1450 aliosque
671 1373 722 1449 qui
743 1371 780 1431 de
800 1371 916 1451 scriptis
936 1374 1028 1432 sancti
1049 1375 1186 1455 martyris
1204 1377 1272 1434 fuse
1292 1396 1326 1435 ac

274 1468 430 1549 diligenter
443 1480 615 1538 tractarunt,
630 1467 705 1527 nihil
723 1466 805 1527 aliud
823 1468 878 1527 hoc
895 1466 960 1527 loco
974 1468 1119 1548 reliquum
1133 1482 1179 1530 est
1198 1492 1326 1532 comme-

273 1587 396 1638 morare,
418 1587 504 1645 quam
525 1577 591 1645 post
612 1586 696 1625 curas
716 1566 748 1623 111
767 1566 943 1643 castigandis
956 1577 1045 1644 atque
1065 1566 1245 1627 illustrandis
1265 1569 1326 1648 cy-

274 1664 368 1745 priani
387 1664 502 1744 scriptis
522 1662 676 1723 collocatas
696 1664 732 1722 ab
753 1662 920 1731 Bracmani
941 1661 1035 1722 Paulo
1052 1663 1202 1735 Munatio,
1217 1666 1327 1726 Latino

274 1762 403 1829 Latinio,
417 1760 481 1821 Jac.
495 1760 637 1829 Pamelio,
655 1761 724 1819 Nic.
739 1758 880 1838 Rigaltio,
896 1759 1035 1839 Philippo
1050 1759 1165 1820 Priorio
1178 1773 1209 1821 et
1226 1764 1327 1823 novis.

275 1859 347 1918 sime
360 1879 378 1917 a
390 1858 506 1918 Joanne
521 1857 604 1917 Fello
619 1858 781 1917 Oxoniensi
792 1857 938 1937 episcopo,
949 1878 1053 1916 novam
1065 1879 1188 1938 operum
1199 1860 1231 1919 S.
1242 1862 1326 1921 Mar-

274 1957 348 2037 tyris
361 1957 519 2016 editionem
530 1956 590 2034 jam
605 1954 767 2035 exspectari
780 1953 817 2013 ab
835 1954 1056 2013 accuratissima
1069 1955 1243 2017 eruditionis
1256 1978 1327 2019 sene

274 2066 303 2114 et
325 2054 361 2113 de
383 2053 588 2113 Ecclesiastico
608 2052 784 2131 antiquitate
805 2052 991 2111 meritissimo
1015 2053 1166 2133 Stephano
1189 2056 1326 2128 Balario,

273 2152 323 2229 qui
346 2151 466 2229 triginta
487 2149 611 2229 amplius
632 2150 746 2209 codices
760 2149 854 2208 MSS.
869 2170 936 2208 eum
958 2150 988 2208 in
1008 2171 1094 2210 usum
1115 2153 1275 2212 contulisse
1295 2175 1328 2213 se

274 2240 319 2306 est
333 2248 489 2325 professus.
514 2245 645 2320 (Prodiit
656 2246 776 2307 Parisiis
790 2268 867 2306 anno
882 2248 957 2322 1726
968 2258 1035 2327 post
1048 2259 1173 2307 mortem
1182 2249 1325 2325 Balnzii.)

276 2342 417 2402 Praeclara
430 2342 554 2402 Ioannis
565 2343 641 2403 Felli
655 2344 747 2403 editio
760 2344 879 2421 vulgata
888 2344 1012 2403 Oxonioe
1026 2365 1053 2403 a.
1068 2346 1156 2404 1681.
1177 2346 1227 2405 Jo.
1237 2348 1326 2407 Pear·

274 2440 349 2498 aonii
360 2439 493 2499 Annales
501 2440 690 2519 Cyprianicoa
700 2440 835 2521 proefixoa
843 2441 940 2508 habet,
953 2440 1049 2501 eidem
1056 2444 1211 2522 separatim
1219 2443 1328 2507 deinde

275 2538 318 2596 H.
334 2536 481 2597 Dodwelli
499 2537 717 2597 dissertationes
737 2537 918 2618 Cyprianicoe
935 2551 1129 2611 accesserunt,
1144 2541 1177 2599 in
1192 2544 1329 2623 repetitis

274 2634 452 2694 editionibus
471 2635 569 2694 Brem.
595 2634 680 2712 1690.
703 2646 734 2693 et
756 2633 919 2693 Amstelod.
937 2637 1024 2713 1699.
1045 2638 1133 2695 etiam
1155 2639 1328 2717 subjuncta.

276 2732 421 2791 Caeterum
436 2750 494 2791 non
509 2732 643 2790 obstante
657 2730 797 2810 Cypriani
812 2732 849 2791 dc
866 2734 1083 2813 rebaptizandis
1101 2736 1245 2796 hereticis
1259 2758 1327 2796 sen-

275 2832 367 2889 tentia
395 2850 447 2907 per
473 2828 621 2889 ecclesiam
646 2830 764 2907 rejecta,
791 2828 982 2890 nihilominus
1006 2852 1060 2911 pro
1086 2844 1187 2893 sancto
1213 2855 1330 2915 semper

275 2927 406 2986 habitum
420 2926 524 3007 probat
537 2924 588 2984 Jo.
603 2925 754 3003 Launojus
767 2923 817 2983 lib.
829 2924 923 2984 VIII.
937 2927 1034 3006 Epist.
1050 2945 1095 3005 15.

316 3022 380 3082 1Α.
391 3025 426 3082 C.
440 3025 508 3099 258.
528 3042 573 3098 14.
589 3024 671 3103 Sept.
685 3023 723 3082 ad
737 3022 886 3081 decretum
899 3022 959 3082 Pro
969 3025 1038 3085 Cos.
1053 3026 1209 3087 Thraeciam
1221 3030 1330 3111 Cypri.

277 3120 798 3200 11111ςὶ111111111111114111111.
838 3118 920 3194 (Hoc
934 3119 982 3181 die
996 3124 1147 3183 amborum
1165 3138 1328 3207 martyrum

276 3212 536 3290 commemoratio.)

318 3307 928 3373 1011111111011111111111111111111111
945 3316 1035 3375 exilio
1053 3316 1166 3376 obierat
1185 3337 1228 3393 14.
1245 3321 1330 3401 Sept

277 3426 304 3467 a.
322 3422 389 3482 252.
410 3416 444 3465 ut
465 3404 502 3463 ad
523 3426 584 3485 cap.
600 3408 649 3465 66.
669 3407 729 3485 jam
751 3422 853 3471 notare
873 3434 920 3472 me
941 3415 1069 3473 memini.
1113 3414 1177 3485 (Ad
1198 3415 1330 3475 Cornelii

276 3504 459 3585 martyrium,
487 3504 596 3563 siccum
619 3524 656 3563 an
681 3519 834 3567 cruentum
863 3511 965 3579 fuerit,
994 3512 1171 3591 pertinentia
1194 3513 1331 3590 quaedam

278 3600 408 3680 congessi
431 3601 468 3660 ad
493 3601 605 3660 Concil.
631 3600 769 3682 carthag.
794 3609 849 3667 sub
873 3608 1022 3687 cypriano
1042 3608 1101 3668 IV.
1126 3610 1157 3667 in
1183 3610 1330 3691 Reliquis}

280 3699 383 3759 Sacris
404 3700 461 3760 vol.
473 3700 534 3758 111.
550 3721 577 3779 p.
593 3718 658 3775 131.
701 3701 800 3780 Digna
819 3717 917 3763 autem
939 3718 1018 3774 sunt,
1039 3726 1104 3783 quae
1125 3706 1161 3765 iis
1181 3707 1330 3767 addantur

278 3798 365 3856 verba
384 3797 415 3855 S.
430 3796 557 3864 Paciani,
572 3798 621 3874 qui
642 3796 749 3856 sacculo
767 3800 895 3860 ecelesioe
909 3814 1014 3879 quarto
1030 3803 1067 3862 ad
1082 3804 1168 3864 linem
1187 3818 1329 3884 vergente

280 3894 387 3962 floruit,
397 3896 428 3953 in
440 3894 574 3975 Epistola
584 3896 626 3954 11.
638 3901 663 3967 §.
674 3896 724 3953 vii.
738 3916 766 3973 p.
780 3898 826 3955 16.
839 3909 910 3957 tom.
923 3898 997 3958 VII.
1010 3900 1192 3961 Bibliotheca
1202 3902 1329 3962 Petrum

282 3993 508 4072 Gallondianae.)
