2867 4817
238 324 303 389 418
573 320 954 387 ANNOTATIONES

242 495 361 561 Statim
374 500 483 560 eutem
496 501 571 580 post
586 493 723 558 Eudoxii
735 492 858 557 obitum
872 492 933 556 hoo
947 511 1063 555 nomen
1076 489 1225 575 usurpari
1240 490 1296 555 do·

243 583 305 654 siit
318 588 352 645 et
366 581 502 666 posteris
516 602 596 667 pene
611 580 794 644 inauditnm
805 586 864 652 est,
876 578 960 642 unde
974 577 1148 662 Gregorius
1159 597 1297 661 msgnus

243 669 277 732 in
298 667 444 752 Epistola
463 669 505 732 ed
525 667 695 752 Eulogium
713 665 976 742 Alexandrinum,
992 664 1162 740 Praeteroo,
1177 661 1296 747 inquit,

244 754 326 818 idem
339 754 448 839 frater
461 762 558 817 ecstor
576 753 678 816 occeio
692 753 728 816 in
744 751 808 815 suos
820 750 971 834 &codicis
988 751 1052 813 Dec
1072 758 1177 813 cume
1197 748 1297 811 coslo

244 841 301 905 lice
323 839 435 905 locutus
455 849 507 904 cst.
556 839 711 917 coenem
733 858 802 900 coro
822 837 1000 901 Eudccium
1020 835 1189 913 domoocd,
1210 855 1299 919 quesn

245 947 338 1012 mque
352 927 387 990 io
406 925 528 1009 sycwdis
548 925 728 989 demtum
748 923 925 1001 invenimus,
943 944 1036 1007 eeqw
1056 944 1078 985 o
1099 918 1300 985 doemone

245 1013 309 1076 suis
337 1011 372 1074 io
398 1013 462 1077 cuis
488 1011 610 1094 synodis
642 1008 844 1095 reprobatum.
898 1009 929 1074 G
987 1058 994 1072 .
1024 1007 1130 1093 Epist.
1159 1005 1214 1069 lib.
1230 1005 1297 1068 Vl.

247 1097 352 1182 Epist.
366 1116 438 1183 125.
470 1097 554 1162 Sene
569 1119 632 1160 non
647 1097 714 1181 ipse
730 1095 906 1174 Eudoxias,
992 1101 1101 1158 temen
1115 1090 1299 1157 Eudoxieni

270 1184 397 1248 raesenti
430 1205 550 1249 oenone
583 1183 701 1248 diserte
734 1181 938 1246 demnentur.
987 1179 1068 1244 Haec
1090 1178 1298 1243 annsnoroe.

283 1270 360 1335 erbe
383 1270 448 1336 Gre
470 1267 528 1332 orii
558 1275 641 1347 sunt,
669 1267 723 1353 qui
754 1267 787 1331 in
816 1267 886 1331 lcoo
916 1265 1070 1352 superiori
1096 1265 1137 1329 de
1163 1264 1190 1330 G
1228 1263 1301 1328 'eoo

248 1355 431 1442 petrierohn
440 1292 536 1422 dpol.
546 1354 695 1439 loquitur,
708 1352 817 1438 sitque
828 1352 1006 1418 Romennm
1015 1351 1179 1416 ecclesiam

249 1464 309 1506 nus
333 1442 420 1508 heud
440 1441 594 1526 recepisse
621 1461 759 1504 oenones
783 1440 878 1525 hujus
901 1438 1022 1524 synodi,
1049 1439 1106 1502 sed
1130 1445 1241 1502 temen
1266 1437 1302 1500 in

249 1529 310 1592 hoo
325 1528 426 1614 ipsam
441 1528 594 1612 synodum
608 1524 783 1604 admisisse,
798 1526 884 1611 quod
898 1525 940 1589 eb
955 1547 994 1589 oe
1008 1523 1178 1588 damnetur
1189 1523 1302 1587 Mece-

250 1614 372 1692 donius‚
395 1615 440 1679 Et
460 1634 585 1678 octones
606 1611 728 1698 quidm
752 1610 1074 1696 cosmopolites
1090 1608 1212 1673 milii
1232 1609 1303 1673 Ee·

249 1699 393 1764 decium
406 1700 565 1764 dcmccoct.
608 1697 672 1763 Sed
684 1699 752 1783 quoio
765 1698 870 1781 fucrit
885 1719 986 1762 mmm
1004 1705 1109 1761 codor
1126 1695 1302 1773 Eedocies,

249 1786 374 1851 minimo
386 1786 503 1851 dieuco.
548 1785 612 1850 Sed
628 1783 725 1848 misso
745 1783 901 1862 Eudoxio,
916 1782 1036 1868 liquido
1052 1780 1144 1846 nobis
1161 1787 1301 1856 constet,

251 1879 378 1938 centum
399 1894 499 1937 ennos
543 1877 594 1935 ost
616 1869 762 1956 Gregorii
783 1878 909 1955 tempus
927 1889 1064 1933 oenones
1082 1873 1222 1953 quatuor
1237 1867 1303 1952 pri-

250 1980 322 2022 ores
333 1959 426 2045 hujns
438 1894 549 2044 synodi
560 1957 702 2024 GPtenae
711 1957 755 2021 eb
765 1956 897 2021 ecclesie
910 1955 1056 2020 Romane
1064 1960 1210 2039 receptos
1220 1975 1302 2032 osso,

252 2041 1304 2129 u

251 2217 301 2282 vel
318 2223 395 2280 ente
412 2215 557 2301 Gregorii
577 2214 624 2279 Μ.
645 2221 792 2300 tempore
813 2236 868 2279 eos
889 2215 923 2278 in
944 2213 1118 2279 oenonibus
1137 2211 1203 2276 snis
1225 2212 1305 2275 Dio·

252 2302 360 2388 nysius
376 2303 519 2388 Exiguus
533 2308 739 2402 reposneret;
761 2322 841 2385 qnos
858 2301 986 2386 quidem
1005 2298 1151 2384 Dionysii
1165 2319 1306 2362 oenones

251 2388 385 2538 walis
406 2389 474 2474 ejus
496 2387 703 2453 Cassiodorus
727 2387 761 2451 in
784 2388 912 2451 Divinis
934 2387 1028 2451 Leott.
1049 2407 1088 2450 cs
1111 2384 1222 2450 .xxiii.
1243 2384 1304 2463 eit„

310 2475 340 2539 ic
360 2495 417 2540 osu
442 2473 627 2540 oehlecriueo
649 2472 803 2538 aerosum
821 2475 993 2538 liccem
1155 2471 1170 2534 “.
1215 2470 1306 2534 Pres—

253 2567 322 2625 stct
350 2561 484 2646 deniqne
513 2561 571 2624 hos
617 2565 735 2624 uetucr
763 2581 900 2624 oenones
928 2558 1033 2644 prisce
1059 2557 1112 2622 'le
1137 2557 1307 2623 (lenonum

253 2645 369 2712 Versio
394 2647 481 2734 opud
508 2582 690 2725 Justdnm,
717 2667 789 2730 quae
817 2645 947 2711 condite
974 2650 1026 2711 est
1053 2650 1131 2709 ente
1156 2642 1307 2729 Dionysi-

253 2755 357 2799 enum.

299 2819 338 2883 P.
359 2838 433 2906 390.
455 2819 474 2882 l.
498 2833 528 2900 7.
557 2823 616 2882 τῶν
644 2814 865 2900 Ἡμιαρειαυῶν
894 2819 991 2883 εἵτουν
1020 2814 1311 2900 Πνευματομᾶχων]

254 2904 503 2970 Hcmoeusiestoe
525 2904 588 2978 isti,
613 2904 677 2988 qui.
700 2910 739 2969 ut
764 2904 875 2984 fertur,
899 2905 960 2969 hcc
983 2904 1120 2989 primum
1148 2902 1219 2966 loco
1249 2902 1304 2968 se

254 2991 400 3056 miurieni
427 2989 641 3067 nominentur,
667 2988 701 3053 in
727 2987 868 3054 diverses
899 2996 1008 3076 pentes
1033 2988 1181 3054 distracti
1205 2994 1305 3064 snnt3

254 3099 389 3163 querum
417 3075 575 3141 nonnullae
604 3082 716 3141 contre
742 3076 962 3154 Divinitetem
986 3083 1084 3161 etque
1108 3075 1207 3140 etiem
1231 3097 1305 3159 per-

255 3164 466 3241 sonelitetem,
494 3162 516 3226 S
540 3161 633 3227 iritus
659 3161 770 3227 Senoti
794 3162 1013 3248 disputabant.
1061 3161 1308 3227 Substituerunt

254 3250 492 3314 Macedoniam
516 3185 624 3313 [otini
652 3248 844 3334 interpretes
868 3271 928 3334 pro
953 3248 1168 3326 semiarianis,
1197 3247 1309 3312 Mece-

256 3335 342 3400 dcnii
357 3341 409 3399 τοῦ
423 3333 671 3416 πνευματομᾶχου
685 3334 857 3422 discipulis.

301 3421 385 3486 Ibid.
404 3419 425 3484 l.
442 3422 472 3485 8.
496 3421 545 3485 καὶ
564 3421 617 3499 τὴν
635 3426 694 3485 τῶν
709 3421 943 3509 Σαβελλιανῶυ]
960 3419 1068 3507 Vulgo
1083 3420 1199 3484 desunt
1213 3440 1309 3484 voces

258 3508 306 3573 καὶ
320 3509 375 3588 τὴν
392 3513 452 3572 τῶν
470 3507 504 3570 in
523 3505 734 3572 Gonoiliorum
748 3513 851 3586 textu,
867 3507 924 3572 sed
941 3508 984 3571 ed
998 3528 1088 3571 crem
1172 3505 1180 3520 ⁶
1252 3527 1309 3590 po·

257 3594 327 3660 sites
343 3600 427 3659 sunt.
472 3592 603 3657 Eaedom
622 3599 737 3659 extent
755 3594 789 3658 in
807 3593 932 3658 coeteris
946 3614 1103 3658 cononum
1117 3615 1156 3657 oo
1178 3590 1310 3657 sotioni-

257 3681 326 3760 bus,
350 3686 385 3746 et
409 3678 443 3743 in
467 3685 590 3779 septem
613 3701 653 3744 ox
677 3686 752 3745 coto
777 3679 959 3745 Bodleisnis
981 3677 1151 3758 codicibus,
1173 3700 1251 3743 nem
1275 3678 1312 3742 in

258 3766 402 3854 mergine
415 3765 532 3831 ocdiors
546 3787 678 3830 numero
694 3769 746 3832 26.
761 3765 878 3866 signati
898 3767 1009 3830 eedem
1029 3787 1126 3830 menn
1140 3764 1240 3829 verbe
1253 3763 1311 3829 ed·

259 3854 329 3920 dite
346 3859 431 3918 sunt.
475 3851 618 3937 Recepto
639 3874 678 3917 oe
699 3874 740 3916 ex
760 3851 902 3938 pnnoipo
923 3852 957 3917 in
978 3850 1182 3917 novissimam
1199 3851 1313 3917 Gonoi-

258 3939 372 4005 liornm
386 3938 557 4002 editionem
563 3945 646 4087 (post
660 3937 735 4002 vidi.
781 3941 856 4003 Huc
870 3945 978 4002 entem
991 3937 1147 4025 respicere
1161 3937 1313 4002 videntur

260 4023 398 4111 episcopi
413 4024 547 4103 OPteni
585 4046 639 4088 um
658 4024 750 4091 aiunt
769 4025 823 4090 isti
841 4025 873 4089 in
891 4025 1039 4110 Epistola
1057 4026 1099 4089 ed
1119 4024 1313 4090 Occidente·

260 4111 306 4176 les
319 4116 393 4197 post
407 4111 468 4176 hoo
484 4110 661 4175 Concilium
676 4111 818 4197 soripte3
843 4110 1013 4197 Superiore
1033 4133 1118 4176 enno
1140 4116 1199 4176 τῶν
1219 4110 1313 4194 ἔναγ-

259 4223 315 4280 χος
334 4198 601 4278 καωοτομηθείσωυ
620 4197 766 4279 αἱρέσεων
780 4197 1023 4280 ἆναθεματισμὸν
1038 4198 1195 4282 ἔγγραφον
1209 4223 1316 4263 πεποι-

259 4282 380 4363 ήκαμεν.
418 4283 517 4369 Apud
534 4281 674 4348 Concilio
687 4282 747 4348 vol.
761 4283 789 4349 l.
805 4284 882 4350 edit.
898 4283 1057 4350 Herdnin.
