2867 4817
340 313 407 377 DE
430 314 833 381 PRAESCRIPTIONE
858 316 984 381 HAER.
1125 320 1187 383 131

131 486 371 581 prolationem
403 488 584 581 quarendi
612 498 652 561 et
680 491 884 563 inveniendi
914 492 1091 563 eredendo
1123 492 1190 564 fix-

130 606 200 675 isti.
254 603 367 675 Hune
394 604 463 675 tibi
491 606 639 677 modum
668 608 796 678 statuit
825 606 962 679 fruetus
990 609 1067 702 ipse
1096 634 1189 703 quae-

130 720 245 791 rendi
298 720 405 792 Hane
434 722 501 793 tibi
526 724 656 795 immin
685 725 938 797 determinavit
962 726 1038 819 ipse
1062 727 1123 817 qni
1148 734 1187 797 te
1283 778 1290 792 .

128 860 205 909 non
231 837 312 909 vult
336 838 435 909 alind
459 840 613 923 eredere,
638 864 745 933 quam
776 842 870 935 quod
900 841 1065 925 instituit,
1090 843 1187 913 ideo-

101 978 473 1049 5qneneeqnaerere.
524 955 852 1051 Ceternmsiquia
875 968 913 1029 et
933 958 1002 1029 alia
1024 960 1186 1031 tantaab

125 1073 209 1145 aliia
238 1080 326 1145 sunt
356 1074 533 1159 instituta,
566 1083 754 1169 propterea
786 1077 822 1145 in
857 1082 998 1147 tantum
1032 1099 1186 1169 qnaerere

122 1191 316 1277 debetnns,
347 1192 384 1261 in
414 1199 588 1284 qnantum
617 1215 804 1285 possumus
833 1194 1012 1277 invenir03
1046 1216 1185 1287 semper

127 1330 343 1402 queremus,
378 1317 417 1380 et
451 1332 645 1401 numquam
680 1311 825 1381 omnino
863 1310 1058 1381 credemus.
1111 1310 1184 1382 Ubi

128 1426 227 1496 enim
252 1427 324 1497 erit
346 1425 427 1497 finis
448 1427 650 1518 quarendi?
683 1426 747 1498 nbi
770 1428 877 1499 statio
904 1426 1094 1497 credendi?
1123 1426 1186 1497 ubi

88 1544 330 1637 reexprmetio
364 1544 591 1616 inveniendi?
624 1542 736 1639 Apud
767 1542 1014 1616 Marcionem?
1056 1542 1119 1614 sed
1148 1553 1186 1614 et

131 1656 354 1731 Vdentinns
381 1662 558 1754 proponit,
586 1658 749 1751 Quoerde,
777 1670 810 1733 et
834 1660 1024 1733 inumeris.
1075 1659 1185 1753 Apud

131 1774 398 1849 Valentinum?
422 1778 487 1848 sed
503 1787 542 1850 et
557 1776 707 1872 Apelles
727 1779 794 1850 hae
815 1801 874 1849 me
894 1778 1186 1871 pronuntiatione

127 1893 312 1985 pulsabit:
350 1902 390 1965 et
424 1893 579 1979 Hebion,
609 1904 648 1966 et
677 1894 814 1979 Simon,
844 1904 882 1967 et
911 1917 1034 1966 omnes
1063 1895 1186 1967 ordine

128 2032 201 2080 non
226 2010 367 2082 habent
389 2008 585 2104 aliudque
607 2036 646 2083 se
667 2012 757 2083 mibi
782 2012 1011 2094 insinuantes,
1033 2034 1094 2082 me
1119 2012 1185 2083 sibi

88 2128 312 2207 'saddimnt
340 2127 413 2199 Ero
424 2130 546 2221 itaque
557 2152 743 2221 nusquam,
754 2130 840 2199 dum
854 2128 987 2220 ubique
1003 2130 1184 2213 convenio,

131 2243 300 2337 Qum-ite,
311 2254 345 2317 et
356 2246 551 2318 invenietis:
570 2255 608 2317 et
620 2244 730 2317 velim
740 2243 1026 2337 (ndaedimdum
1040 2246 1186 2332 videtur,

129 2362 263 2435 dinero.
280 2363 352 2433 vid.
367 2366 505 2455 notam)
522 2364 574 2433 sie
589 2386 774 2457 nusquam,
795 2366 895 2457 quasi
920 2364 982 2456 qni
1005 2386 1186 2457 nunqnam

128 2479 427 2575 apprehenderim
456 2479 555 2564 illud,
580 2481 674 2573 qnod
706 2481 870 2553 Christus
898 2482 1064 2563 institnit,
1091 2480 1186 2573 quod

129 2598 242 2689 queri
259 2604 412 2689 oportet
428 2599 523 2689 qnod
540 2599 635 2668 credi
652 2620 798 2669 neeesse
814 2606 880 2669 est.

85 2732 124 2778 ao
181 2713 340 2806 Impune
361 2723 507 2798 erratur,
529 2716 596 2785 nisi
619 2713 867 2807 delinquatur3
893 2716 1053 2807 quamvis
1071 2736 1186 2786 errare
1200 2737 1288 2788 cau.
1302 2738 1350 2787 xr.

130 2830 343 2924 delinquere
367 2841 442 2915 est;
466 2833 623 2925 impune,
645 2832 801 2923 inquam,
828 2839 986 2927 vagatur,
1011 2834 1071 2924 qui
1097 2828 1186 2901 nihil

130 2946 277 3019 deserit
328 2947 384 3018 At
399 2950 494 3019 enim
512 2950 541 3019 si
564 2948 660 3041 quod
684 2948 793 3020 debui
815 2950 969 3033 eredere,
988 2948 1131 3031 eredidi,
1149 2958 1187 3019 et

128 3063 230 3136 aliud
248 3065 368 3136 denno
383 3074 472 3159 puto
493 3064 756 3159 requirendum,
773 3088 876 3159 spero
893 3068 1018 3159 ntique
1035 3074 1073 3137 et
1090 3062 1187 3135 aliud

128 3204 210 3253 ense
242 3183 518 3255 inveniendum:
558 3182 658 3253 nullo
694 3182 803 3253 modo
843 3192 1045 3276 speraturus
1078 3183 1185 3278 istud,

87 3301 199 3379 esnisi
215 3301 303 3393 qnia
318 3307 382 3371 aut
402 3322 475 3371 non
497 3300 715 3371 credideram
737 3300 797 3391 qui
819 3300 964 3371 videbar
986 3300 1184 3379 credidisse,

126 3425 194 3487 aut
228 3416 319 3487 desii
352 3414 552 3488 credidisse.
613 3415 673 3485 Ita
704 3414 814 3486 fidem
853 3438 970 3487 meam
1010 3414 1185 3500 deserens,

128 3542 284 3629 negator
319 3533 490 3605 invenior.
541 3532 663 3604 Semel
703 3532 864 3614 dixerim,
905 3556 1011 3603 nemo
1049 3536 1183 3626 querit,

128 3652 198 3722 nisi
223 3652 288 3744 qui
312 3659 377 3722 ant
404 3674 477 3722 nou
506 3650 642 3733 habuit,
667 3659 731 3721 aut
760 3649 925 3743 perdidit.
977 3650 1184 3721 Perdiderat
1194 3668 1255 3721 na.
1267 3687 1308 3721 xv.

129 3790 240 3839 unam
266 3790 315 3839 ex
344 3769 469 3839 deoem
500 3767 676 3839 drachmis
701 3788 790 3837 anus
814 3765 885 3849 illa,
916 3774 954 3836 et
981 3766 1063 3836 ideo
1092 3788 1185 3858 quae·

87 3884 252 3962 aanor:
285 3885 351 3956 nbi
376 3893 499 3955 tamen
523 3884 670 3967 invenit,
696 3906 851 3976 querere
882 3882 995 3953 desiit.
1049 3881 1184 3953 Panem
1193 3904 1301 3956 man.

134 4003 267 4073 vicinus
291 4026 367 4074 nen
391 4001 557 4084 babebat,
583 4016 622 4071 et
645 4001 727 4071 ideo
753 3999 935 4093 pulsabat:
970 3999 1031 4069 ubi
1062 4007 1183 4069 tamen

134 4129 293 4212 apertum
314 4128 373 4191 est
393 4120 439 4200 ei,
456 4127 495 4188 et
514 4119 662 4211 aceepit,
683 4117 824 4211 pulsare
850 4116 1010 4187 cessavit.
1062 4115 1185 4188 Vidua
1194 4128 1253 4180 hue
1266 4130 1332 4179 xviii.

133 4258 154 4307 a
167 4238 289 4330 judice
305 4234 458 4331 petebat
474 4235 597 4318 audiri,
614 4234 698 4327 quia
721 4256 793 4305 non
813 4232 1088 4305 admittebatur:
1122 4236 1183 4304 sed

632 4358 690 4423 st
