2867 4817
182 304 531 370 ALEXANDRINI
556 303 773 371 CONClLll
797 304 1047 370 EPISTOLA.
1103 305 1144 366 41

90 503 159 574 pro
176 481 339 552 omnibus
355 482 512 576 gustavit
528 487 691 564 mortem,
709 490 747 552 et
763 481 871 552 tertio
884 480 942 551 dio
959 500 1145 572 resurgens
1152 491 1216 543 nob·
1227 491 1253 540 s

92 595 258 688 spoliavit
287 597 476 668 infernum.
529 595 667 668 Idcirco
696 597 858 689 quemvis
886 597 1026 668 dicatur
1049 595 1144 689 quod

88 735 157 808 per
173 710 344 784 bominem
355 711 459 810 facto
475 712 746 786 mommoreto
760 721 999 793 mortuorum
1023 721 1145 784 tomen

92 828 328 923 intelligimus
350 829 532 900 hominem
558 829 692 901 luctum
715 830 863 902 verbum
880 832 975 923 quod
997 853 1044 901 ex
1064 827 1146 900 Deo

62 955 161 1030 sest,
178 956 216 1018 et
233 969 296 1040 per
307 947 423 1038 ipsum
439 947 565 1018 mortis
577 947 766 1040 imperium
782 947 891 1020 brisse
903 949 1143 1020 destructum:

92 1063 216 1136 veniet
244 1072 366 1136 cutem
395 1061 614 1155 temporibus
639 1063 830 1156 prefinitis,
855 1064 947 1134 sicut
971 1085 1063 1134 unus
1090 1071 1145 1146 est

93 1178 208 1252 Filius
224 1187 263 1250 et
280 1177 466 1264 Dominus,
482 1180 520 1249 in
539 1178 652 1272 glorie
669 1179 795 1264 Petris,
811 1188 854 1251 ιιι
864 1181 1004 1273 judicet
1020 1179 1145 1250 orbem

91 1297 510 1389 terreruminaequitete,
523 1298 798 1392 sicutsoripturc
808 1306 971 1370 testetur.
1009 1296 1298 1370 Neces-rnuxevs

93 1414 185 1486 serie
208 1414 317 1510 igitrn
332 1421 371 1486 et
394 1415 463 1486 hoc
488 1415 681 1506 adjicimus,
699 1416 953 1488 adnunciantes
973 1417 1070 1487 enim
1091 1437 1146 1486 se-

43 1533 253 1604 secundum
278 1555 419 1604 carnem
444 1540 598 1604 mortem
623 1534 798 1626 unigeniti
824 1531 907 1604 Filii
931 1531 1012 1616 Dei,
1027 1532 1066 1603 id
1090 1540 1147 1604 est

93 1649 184 1722 Jesu
216 1649 359 1734 Christi,
394 1657 432 1721 et
464 1650 757 1722 resurrectionem
786 1650 873 1741 ejus,
907 1658 945 1720 et
977 1649 1015 1720 in
1048 1647 1147 1719 caelis

94 1768 336 1840 escensionem
371 1766 504 1860 pariter
537 1765 758 1849 confitentes,
794 1767 1017 1837 incruentam
1053 1763 1147 1836 cele-

93 1885 239 1956 bremus
254 1885 292 1954 in
309 1882 466 1955 ecclesiis
483 1881 641 1954 secrificii
660 1884 890 1966 servitutem
911 1883 961 1953 sic
977 1883 1088 1954 etiem
1099 1881 1146 1952 ed

93 2001 262 2095 mysticos
284 1998 549 2071 benedictiones
574 1999 786 2082 accedimus,
811 2006 850 2070 et
875 1997 1146 2079 sanctificemur,

44 2144 56 2186 1
63 2141 82 2204 5
94 2117 283 2212 participes
300 2117 413 2188 sancti
430 2115 585 2209 corporis
602 2123 640 2186 et
657 2117 802 2209 pretiosi
818 2113 998 2211 sengmnis
1014 2114 1147 2186 Christi

94 2234 256 2306 omnium
281 2241 441 2305 nostrum
468 2233 701 2325 redemptoris
729 2231 857 2317 effecti,
886 2256 959 2304 non
980 2240 1024 2303 ut
1051 2255 1149 2304 com·

94 2373 242 2422 munem
259 2373 403 2422 earnem
419 2349 664 2443 percipientes,
682 2351 778 2441 quod
798 2350 910 2422 obsit:
936 2373 1004 2422 neo
1018 2357 1062 2421 ut
1082 2349 1149 2421 viri

94 2465 304 2539 sanctificati
335 2476 373 2538 et
397 2465 506 2537 verbo
532 2466 714 2558 conjuncti
742 2469 939 2538 secuudum
965 2467 1149 2562 dignitatis

94 2585 282 2666 unitatem,
295 2591 359 2654 eut
375 2584 467 2654 sieut
480 2582 635 2654 divinem
652 2583 863 2676 possidentis
879 2583 1147 2668 habitationem,

44 2703 157 2772 cosed
181 2709 223 2771 ut
248 2723 331 2770 vere
353 2699 629 2785 vivificatricem,
652 2707 690 2770 et
712 2701 822 2793 ipsius
847 2701 945 2772 verbi
970 2702 1147 2794 propriam

96 2818 249 2901 foetam
270 2817 345 2886 vite
360 2816 457 2886 enim
470 2815 680 2888 naturaliter
695 2825 737 2886 ut
755 2815 855 2887 Deus
878 2819 1047 2902 existens,
1063 2818 1148 2910 quie

94 2935 244 3029 proprie
260 2934 356 3005 corni
373 2933 495 3004 unitus
510 2940 577 3018 est,
594 2933 860 3004 vivificatricem
876 2955 957 3004 eom
973 2955 1050 3006 esse
1066 2956 1147 3026 pro·

96 3053 208 3124 fessus
234 3059 299 3124 est.
351 3049 401 3122 Et
429 3050 510 3121 ideo
539 3051 699 3143 quemvis
729 3051 826 3122 dicct
854 3052 900 3122 od
929 3073 1003 3134 nos,
1030 3048 1267 3123 Ammonos.

96 3189 195 3240 omen
231 3165 309 3240 dico
337 3165 440 3249 vobis,
470 3167 542 3236 orbi
570 3165 859 3239 mosrdoococritic
883 3189 1020 3238 carnem
1053 3163 1147 3237 Filii

48 3296 85 3359 25
96 3283 256 3368 bominis,
278 3293 310 3356 et
331 3281 484 3355 biberitis
509 3282 581 3376 ejus
604 3283 818 3380 sanquinem
834 3307 907 3356 non
928 3292 1051 3355 tomen
1066 3306 1146 3354 sem

96 3411 137 3475 ut
154 3402 307 3474 hominis
323 3403 428 3473 unius
445 3423 491 3470 ex
513 3400 615 3472 nobis
635 3401 840 3472 existimare
862 3400 1042 3484 debemus,
1060 3423 1147 3492 quo-

95 3519 203 3590 modo
220 3519 316 3590 enim
327 3519 435 3612 juxte
450 3523 614 3587 naturum
631 3537 732 3587 suem
749 3515 959 3588 vivificatrix
971 3537 1049 3588 esse
1064 3539 1146 3588 cero

96 3636 249 3708 hominis
265 3635 425 3729 poterit?
457 3635 519 3705 sed
535 3640 577 3703 ut
600 3655 682 3704 vere
702 3635 881 3727 propriam
905 3635 982 3727 ejus
1004 3635 1145 3717 fectum,

97 3755 158 3847 qui
169 3761 313 3846 propter
323 3775 388 3826 nos
399 3749 511 3823 Filius
527 3751 680 3822 hominis
694 3758 732 3822 et
743 3751 858 3824 foetus
870 3760 976 3824 estet
988 3761 1145 3823 vocotus.

49 3869 170 3942 ³0Eus
186 3877 308 3942 eutem
329 3891 433 3940 voces
458 3891 544 3961 ques
570 3867 734 3939 Selvstor
758 3877 879 3941 noster
902 3869 941 3940 in
962 3868 1146 3964 evangelio

97 3986 257 4081 protulit,
286 4009 359 4057 non
391 3988 429 4056 in
460 3986 596 4057 duobus
625 3985 862 4058 subsistentiis
893 3995 958 4059 out
989 3986 1148 4081 personis

98 4105 243 4175 omnino
256 4105 437 4198 partimur.
467 4101 659 4174 Noneuim
672 4101 806 4197 duplex
819 4113 976 4176 munus
985 4105 1148 4176 Christus

98 4236 137 4298 et
163 4223 268 4306 solus,
299 4221 459 4317 quemvis
485 4244 533 4293 ex
563 4222 700 4293 duobus
727 4221 943 4316 diversisque
967 4223 1074 4294 rebus
1101 4222 1149 4292 ed

99 4344 273 4415 unitatem
303 4346 535 4434 cognoscetur
557 4338 776 4410 individuam
803 4341 1029 4412 convenisse:
1056 4341 1149 4411 sicut

143 4477 218 4522 Vol..
237 4473 275 4518 ll.
616 4475 636 4514 G
