2867 4817
298 346 363 410 254
479 342 681 408 ARNOBII
704 342 954 409 ADVERSUS
975 342 1166 409 GENTES

296 520 454 589 funditus
472 516 607 609 deleret
629 526 738 610 atque
760 518 987 611 extingueret
1001 519 1174 600 nationes,
1192 540 1267 589 nos
1283 519 1353 590 sui-

294 656 374 707 mus
400 634 527 705 cansa?
565 642 608 704 nt
631 634 726 705 inter
748 633 912 728 Assyrios
932 642 972 704 et
1001 633 1213 705 Bactrianos
1246 632 1354 706 Nmo

296 752 472 845 qnondam
489 750 746 842 Zoroastreqne
767 750 972 821 ductoribus
993 774 1065 821 non
1087 758 1238 821 tanturn
1254 752 1354 823 ferro

296 869 521 940 dimicaretur
553 876 592 938 et
630 867 772 950 uiribus,
806 889 930 936 veram
970 868 1080 937 etiam
1119 870 1278 961 magicis
1313 880 1352 939 et

296 984 540 1057 Chaldaeorum
566 1008 612 1055 ex
636 984 826 1055 reconditis
850 982 1050 1075 disciplinis,
1066 983 1203 1053 invidis
1223 994 1353 1057 nostru

294 1102 369 1173 brec
403 1102 496 1174 fuit?
541 1109 583 1172 nt
612 1099 754 1172 Helena
784 1099 864 1170 Diis
894 1099 1043 1171 ducibus
1073 1108 1184 1191 utque
1213 1102 1351 1195 impul-

296 1220 431 1293 soribus
455 1227 564 1312 rapta,
589 1226 628 1289 et
651 1218 724 1288 snie
748 1226 842 1288 esset
866 1216 985 1287 dirum
1007 1225 1046 1287 et
1066 1220 1232 1289 venturis
1254 1228 1350 1292 teru-

296 1337 438 1429 poribus
462 1336 588 1422 fatum,
604 1333 784 1428 religionis
806 1340 935 1403 nostrae
959 1332 1173 1403 attributum
1195 1343 1259 1406 est
1281 1337 1349 1407 cri-

294 1451 405 1523 mini?
438 1460 480 1523 nt
504 1450 565 1522 ille
588 1451 752 1522 immanis
781 1449 924 1521 Xerxes
949 1471 1049 1520 mare
1074 1453 1178 1522 terris
1208 1454 1349 1524 immit-

295 1577 397 1652 teret,
431 1578 468 1639 et
496 1568 671 1663 gressibus
694 1568 807 1639 maria
833 1569 1008 1650 transiret
1041 1570 1152 1639 nostri
1186 1572 1348 1642 nominis

295 1686 461 1757 effectum
478 1694 532 1756 est
547 1684 700 1778 injuria?
729 1693 772 1755 ut
793 1708 840 1755 ex
857 1682 1080 1756 Macedoniae
1099 1686 1233 1757 linibus
1250 1711 1348 1759 unna

295 1812 440 1875 exortus
461 1801 663 1874 adolescens
680 1800 836 1883 Orientis
860 1822 970 1895 regna
992 1809 1031 1871 et
1055 1802 1207 1896 populos
1229 1808 1347 1898 eapti·

296 1920 397 1991 vitati
414 1928 452 1990 et
468 1918 609 1990 servitio
632 1918 845 2012 subjugaret,
861 1940 926 1987 uos
942 1917 1091 1988 fecimus
1113 1926 1224 2011 atque
1244 1924 1347 1992 exci-

296 2038 447 2107 tavimus
476 2034 620 2106 minaei
664 2043 706 2104 nt
733 2035 840 2105 modo
870 2033 1033 2117 Romani,
1065 2035 1165 2106 velut
1192 2036 1345 2131 aliquod

296 2153 428 2223 flumen
451 2161 596 2233 torrens,
622 2158 766 2221 cunctas
790 2150 1056 2245 submergerent
1080 2162 1188 2244 atque
1212 2154 1346 2227 obrue-

295 2277 376 2340 rent
397 2268 566 2350 nationes,
594 2288 658 2337 nos
684 2265 850 2337 videlicet
873 2268 1020 2337 numina
1043 2269 1343 2361 praecipitavimus

296 2387 333 2456 in
350 2384 526 2456 sanorem?
553 2382 709 2467 Quodsi
733 2383 917 2453 hominnm
942 2384 1061 2455 nullus
1083 2393 1147 2468 est,
1165 2388 1238 2479 qui,
1262 2411 1343 2481 qun

297 2503 430 2574 dndnm
455 2508 664 2595 gestarunt,
681 2501 808 2571 nostris
832 2499 962 2570 undeet
981 2502 1200 2593 temporibus
1222 2503 1343 2597 impu·

296 2627 381 2702 tare,
399 2618 695 2710 quemadmodum
717 2617 890 2709 possimus
912 2616 1131 2687 miseriarum
1148 2638 1226 2688 esse
1248 2642 1343 2712 prae-

296 2735 449 2806 sentium
474 2756 595 2817 causae,
621 2756 704 2803 cnm
728 2733 810 2802 novi
835 2731 898 2802 liat
923 2732 1023 2815 nihil,
1049 2732 1112 2803 sed
1140 2742 1225 2804 snut
1242 2733 1340 2830 (son

296 2852 376 2934 sint,
393 2847 581 2942 Ησιιιιιαιι.)
597 2850 716 2921 omnia
736 2856 868 2932 vetera,
884 2856 923 2920 et
939 2848 1045 2921 nuliis
1064 2850 1340 2942 antiquitatibus

296 2968 477 3040 inaudita?

346 3084 415 3157 VI.
442 3084 652 3176 Quanquam
680 3086 749 3157 ista
776 3082 858 3175 qnae
885 3082 1002 3153 dicitis
1034 3082 1129 3153 bella
1156 3082 1338 3178 religionis

295 3209 424 3272 nostrae
458 3199 503 3271 ob
542 3200 709 3269 invidiam
743 3200 966 3282 commoveri,
1003 3222 1076 3269 uon
1112 3200 1159 3269 sit
1192 3198 1338 3271 difficile

296 3318 521 3411 comprobare
545 3324 625 3409 post
651 3317 812 3387 anditum
832 3314 1014 3386 Christum
1037 3317 1075 3385 in
1104 3315 1238 3385 mundo
1262 3340 1335 3390 nou

296 3443 435 3507 tantum
463 3456 535 3503 non
562 3441 675 3517 ancta,
706 3454 828 3503 verum
857 3433 966 3503 etiarn
997 3434 1131 3526 mq’ore
1159 3433 1206 3503 de
1234 3442 1336 3526 parte

295 3550 462 3621 furiarum
507 3549 819 3642 compressionibus
856 3550 1054 3621 imminuta.
1110 3548 1208 3619 Nam
1251 3572 1333 3621 cum

294 3666 477 3737 bominum
493 3666 545 3736 vis
569 3672 670 3757 tanta
691 3665 901 3759 magisteriis
926 3666 1003 3757 ejus
1026 3666 1269 3758 acceperimus
1292 3688 1333 3736 ac

295 3782 441 3877 legibus,
470 3781 603 3853 malum
635 3780 730 3852 malo
758 3780 903 3874 rependi
935 3804 1008 3851 non
1041 3790 1214 3874 oportere,
1243 3783 1333 3874 iuju-

295 3900 383 3969 riam
402 3900 537 3993 perpeti
557 3920 663 3991 quam
679 3898 831 3991 irrogare
857 3920 933 3968 esse
945 3898 1200 3989 prestantius:
1229 3922 1332 3969 snum

295 4014 412 4108 potins
434 4014 589 4095 fundere,
606 4034 712 4106 qnam
736 4011 851 4083 alieno
867 4011 1025 4106 polluere
1043 4034 1171 4084 manns
1191 4020 1231 4083 et
1252 4036 1333 4083 cou-

297 4130 478 4203 scientiam
503 4152 647 4213 cruore3
672 4128 826 4207 habeta
849 4129 991 4201 Christo
1012 4129 1226 4201 beneficium
1243 4131 1334 4221 J’arn-

298 4247 431 4317 dndnm
456 4246 548 4316 orbis
577 4247 756 4339 ingratus:
789 4267 986 4338 perquem
1016 4246 1167 4317 feritatis
1197 4246 1335 4319 mollita
