2867 4817
289 321 355 387 362
545 323 777 387 FIRMIANI
803 323 1076 388 LACTANTII

290 509 345 569 est
368 521 484 591 opera,
510 522 580 590 quo
603 499 735 569 diutius
763 499 1052 592 commodiusque
1082 502 1271 572 vivamus:
1311 503 1339 572 si

289 625 410 686 antem
435 616 509 685 vita
533 623 614 708 post
638 624 790 688 mortem
816 625 975 708 superest
998 625 1128 687 eterna
1144 626 1183 688 et
1210 617 1340 700 beata;

289 733 381 804 hanc
405 735 529 826 ntique
555 732 771 826 corporalem
796 757 878 803 cum
904 733 1067 804 omnibus
1096 744 1203 804 terrae
1235 734 1339 804 bonis

284 853 403 943 justus
419 862 457 922 et
479 853 615 944 sapiens
634 859 849 934 contemnet,
867 851 949 942 qnia
972 851 1070 930 sciet,
1087 849 1192 942 qunle
1216 873 1241 919 a
1260 849 1340 920 Deo

292 971 339 1039 sit
372 970 554 1061 praemium
587 977 804 1060 recepturus.
854 966 1052 1038 Teneamus
1090 968 1203 1060 igitur
1238 969 1342 1036 inno-

292 1089 456 1169 centiam,
491 1094 674 1156 teneamus
701 1085 889 1176 justitiam,
919 1083 1106 1154 subeamus
1141 1085 1342 1178 imaginem

292 1203 464 1284 stultitiae,
480 1211 522 1272 ut
545 1225 666 1272 veram
687 1201 895 1294 sapientiam
912 1209 1032 1270 tenere
1056 1201 1246 1293 possimus.
1291 1201 1343 1271 Et

292 1321 320 1390 si
345 1319 546 1390 hominibus
571 1321 732 1412 ineptum
759 1317 963 1388 videturne
992 1317 1153 1400 stultum,
1177 1319 1342 1410 torqueri

292 1445 330 1508 et
351 1439 441 1506 mori
463 1436 579 1520 malle,
597 1461 703 1529 quam
723 1435 834 1505 libare
851 1435 928 1518 diis,
945 1442 982 1505 et
1006 1435 1102 1506 abire
1127 1437 1206 1506 sine
1231 1459 1341 1516 noxa,

292 1577 356 1626 nos
371 1563 503 1641 ¹tamen
532 1556 628 1625 omni
661 1554 793 1624 virtute
827 1553 992 1644 omnique
1025 1553 1200 1645 patientia
1228 1553 1341 1624 fidem

224 1737 234 1750 ,
294 1671 373 1742 Deo
389 1670 558 1741 exhibere
573 1671 739 1739 nitamur.
775 1667 860 1738 Non
876 1691 970 1740 mors
985 1677 1128 1751 terreat,
1143 1692 1219 1738 non
1237 1669 1343 1740 dolor

292 1789 440 1882 frangat,
470 1810 541 1880 qno
573 1789 690 1857 minus
716 1788 816 1881 vigor
842 1788 960 1869 animi,
988 1794 1026 1857 et
1054 1787 1259 1856 constantia
1289 1789 1342 1856 in-

293 1928 461 1976 concussa
490 1913 658 1974 servetur.
711 1902 850 1974 Stultos
878 1911 1016 1986 vocent,
1047 1902 1243 1972 dummodo
1272 1905 1341 1996 ipsi

293 2022 490 2093 stultissimi
518 2023 598 2104 sint,
624 2029 663 2091 et
691 2023 788 2102 coeci,
821 2029 860 2091 et
888 2019 1045 2102 hebetes,
1074 2029 1112 2090 et
1139 2023 1341 2112 pecudibus

293 2139 451 2231 aequales,
469 2141 528 2231 qui
548 2161 620 2208 non
641 2137 846 2230 intelligrmt
863 2159 940 2207 esse
960 2135 1192 2218 mortiferum,
1211 2137 1340 2208 relicto

293 2257 373 2328 Deo
393 2257 483 2338 vivo,
499 2265 718 2349 prosternere
740 2277 778 2324 se
798 2263 905 2346 atque
922 2253 1066 2323 adorare
1083 2262 1245 2336 terrena;
1277 2257 1339 2347 qui

293 2377 465 2458 nesciunt,
490 2383 529 2444 et
552 2372 631 2443 illos
656 2383 827 2444 aeternam
853 2394 992 2464 poenam
1017 2393 1169 2454 manere,
1186 2373 1248 2463 qui
1275 2373 1339 2466 iig-

293 2501 414 2563 menta
437 2490 652 2561 insensibilia
675 2489 807 2559 firerint
827 2489 1005 2570 venerati3
1030 2497 1068 2557 et
1092 2490 1242 2580 eosqui
1270 2513 1339 2560 neo

293 2617 479 2690 tormenta,
496 2631 563 2678 nec
583 2615 735 2676 mortem
758 2629 821 2698 pro
838 2604 940 2675 cultu
956 2614 994 2674 et
1014 2605 1147 2675 honore
1167 2608 1243 2678 veri
1266 2605 1335 2677 Dei

292 2750 364 2796 non
397 2726 643 2806 recusaverint,
677 2725 787 2793 vitam
826 2739 1033 2815 perpetuam
1073 2732 1335 2794 consecuturos.

294 2843 383 2914 Haec
409 2851 465 2912 est
488 2842 575 2912 fides
597 2863 745 2922 summa,
768 2838 842 2910 haeo
868 2848 923 2909 est
948 2861 1030 2908 vera
1054 2840 1237 2932 sapientia,
1261 2841 1336 2912 haec

293 2958 450 3050 perfecta
467 2957 619 3048 justitia.
671 2955 773 3028 Nihil
799 2957 844 3026 ad
870 2977 934 3025 nos
958 2957 1098 3039 attinet,
1119 2957 1222 3028 stulti
1250 2961 1336 3052 quid

293 3075 497 3147 homunculi
526 3077 689 3146 sentiant.
742 3073 820 3145 Nos
843 3074 1018 3166 judicium
1049 3073 1118 3144 Dei
1144 3085 1336 3168 expectare

294 3193 474 3275 debemus,
492 3200 533 3260 nt
555 3214 616 3263 eos
638 3191 873 3285 postmodum,
891 3191 952 3283 qui
973 3189 1017 3259 de
1039 3190 1140 3261 nobis
1159 3193 1334 3282 judicant,

288 3310 499 3401 judicemus.

676 3421 787 3493 CAP.
813 3421 956 3495 LVIII.

345 3540 431 3611 Dixi
448 3543 494 3612 de
502 3541 654 3633 justitia,
670 3539 755 3632 quid
771 3548 876 3610 esset.
911 3539 1079 3632 Sequitur
1095 3543 1332 3613 utostendam

295 3660 389 3750 quod
409 3659 455 3728 sit
474 3680 597 3726 verum
620 3655 827 3727 sacrificium
851 3655 943 3738 Dei;
971 3657 1030 3748 qui
1052 3657 1097 3728 sit
1117 3658 1333 3747 justissimus

295 3776 383 3844 ritus
408 3772 566 3855 colendi;
595 3795 641 3843 ne
666 3774 751 3864 quis,
769 3772 967 3853 arbitretur,
987 3781 1051 3842 aut
1074 3773 1247 3856 victimas,
1273 3786 1334 3846 aut

296 3890 429 3971 odores,
446 3899 509 3959 aut
531 3889 624 3958 dona
645 3891 797 3981 pretiosa
819 3887 1006 3960 desiderari
1029 3911 1051 3960 a
1068 3885 1157 3958 Deo.
1210 3889 1248 3960 A
1265 3915 1334 3984 quo

198 4106 200 4111 Ι
295 4006 325 4076 si
350 4004 470 4087 fames,
496 4005 524 4074 si
550 4005 635 4086 sitis,
652 4005 682 4074 si
706 4002 816 4098 algor,
841 4006 870 4074 si
895 4027 1013 4074 rerum
1039 4005 1200 4074 omnium
1226 4015 1334 4076 terrc-

295 4143 419 4192 narnm
436 4121 610 4212 cupiditas
631 4119 741 4202 abest,
759 4143 830 4190 non
847 4143 930 4214 ergo
950 4121 1064 4190 utitur
1085 4119 1142 4190 his
1161 4123 1336 4203 omnibus,

295 4259 371 4325 quae
393 4235 537 4325 templis
553 4235 688 4327 diisque
709 4235 877 4308 fictilibus
902 4235 1124 4320 inferuntur3
1155 4239 1219 4310 sed
1244 4241 1336 4312 sicut
