2867 4817
280 342 345 405 838
542 338 775 403 FIRMIANI
801 338 1073 400 Lacu*ANT11

280 522 343 585 aut
377 515 499 585 obesse
533 514 696 605 cuiquam
732 512 848 594 debet,
883 514 911 581 si
946 536 1009 581 sua
1042 512 1217 580 industria
1253 512 1332 603 plus

280 630 397 711 habet,
411 640 473 699 aut
491 631 664 722 prodesse,
679 630 706 699 si
726 652 789 697 sua
804 626 909 720 culpa
926 629 1053 697 minus.
1090 628 1172 707 Sed,
1187 637 1231 696 ut
1245 628 1331 707 dixi,

280 754 398 837 potest
415 745 532 837 aliquo
548 744 654 814 modo
668 744 760 814 ferri.
796 744 962 814 Etiamne
980 746 1157 836 conjuges,
1171 744 1332 813 etiamne

281 862 392 943 liberi,
421 884 626 931 communes
653 860 784 930 erunt?
834 858 920 929 Non
949 862 1017 929 erit
1047 861 1228 953 sanguinis
1258 859 1333 929 ulla

281 979 470 1060 distinctio,
489 1000 554 1048 nec
570 1000 682 1071 genus
699 984 847 1059 certum,
865 998 931 1046 nec
948 976 1099 1057 familiae,
1116 1000 1183 1047 nec
1200 1000 1334 1071 cogna-

281 1096 405 1177 tiones,
429 1117 495 1164 nec
520 1092 729 1175 affinitatem
755 1092 827 1174 sed,
853 1094 945 1163 sieut
970 1095 1006 1162 in
1032 1094 1198 1187 gregibus
1224 1118 1334 1187 pecu-

281 1213 366 1283 dum
392 1210 538 1281 confusa
555 1220 592 1280 et
617 1210 806 1279 indiscreta
823 1210 950 1290 omnia,
974 1209 1073 1280 nulla
1096 1210 1164 1280 crit
1186 1212 1225 1279 in
1251 1211 1333 1277 viris

280 1328 508 1408 continentis,
535 1324 633 1395 nulla
657 1324 694 1393 in
720 1323 873 1393 foeminis
902 1324 1097 1417 pudicitia?
1132 1325 1223 1408 Quis
1255 1348 1333 1395 eme

280 1446 317 1513 in
342 1444 500 1535 utrisque
530 1464 629 1512 amor
658 1440 852 1534 conjugalis
880 1450 1009 1533 potest,
1036 1441 1230 1533 inquibus
1260 1466 1332 1511 non

280 1570 335 1630 est
352 1567 470 1629 certus
487 1566 549 1627 aut
567 1558 727 1649 proprius
743 1556 915 1627 affectus?
945 1557 1034 1639 Quis
1051 1558 1119 1627 crit
1136 1559 1173 1627 in
1191 1569 1331 1650 patrem

281 1677 369 1769 pius,
394 1676 557 1769 ignorans
580 1674 675 1744 uude
701 1676 747 1743 sit
770 1673 899 1744 natus?
934 1673 1023 1758 Quis
1051 1674 1163 1743 lilium
1192 1675 1331 1769 diliget,

280 1812 386 1882 quem
404 1788 544 1882 putabit
567 1788 747 1859 alienum?
773 1788 871 1871 Quin
892 1790 1001 1859 etiam
1018 1790 1171 1859 foeminis
1194 1794 1331 1861 curiam

280 1907 470 1977 reservavit
488 1904 583 2000 (sor.
610 1908 777 1975 reseravit
803 1903 963 1990 Daois.l;
992 1906 1166 1989 militiam,
1190 1917 1230 1977 et
1256 1931 1334 1979 ma-

279 2024 457 2115 gistratus,
492 2030 530 2091 et
564 2023 712 2114 imperia
745 2022 913 2113 permisit.
966 2021 1109 2106 Quanta
1142 2024 1211 2094 erit
1241 2026 1333 2095 inse-

281 2138 395 2208 lioitas
419 2138 515 2208 urbis
545 2136 649 2221 illius,
676 2139 712 2206 in
739 2160 809 2228 qua
835 2139 989 2208 virorum
1019 2139 1134 2209 officia
1162 2141 1333 2211 mulieres

279 2252 524 2345 occupabunt!
556 2250 627 2323 Sed
651 2252 726 2323 haec
743 2252 829 2323 alias
847 2245 961 2324 latius.
1006 2252 1106 2323 Zeno
1124 2252 1331 2326 Stoicorum

279 2370 456 2461 magister,
483 2370 542 2460 qui
573 2368 741 2438 virtutem
775 2367 905 2451 laudat,
936 2369 1221 2453 miscricordiam,
1252 2396 1333 2463 quar

279 2508 418 2556 summa
443 2497 497 2554 est
524 2485 643 2565 virtus,
670 2496 840 2577 tanquam
869 2486 1033 2556 morbum
1059 2488 1178 2570 animi,
1204 2511 1333 2582 ampu-

280 2604 423 2673 tandam
435 2602 620 2692 judicavit,
639 2624 716 2693 quae
733 2610 773 2670 et
796 2600 876 2670 Deo
893 2624 974 2671 cara
990 2612 1054 2685 est,
1072 2612 1109 2671 et
1125 2602 1334 2675 hominibus

280 2720 483 2789 necessaria.
546 2718 634 2801 Quis
668 2726 724 2787 est
763 2718 867 2798 enim,
903 2718 964 2809 qui
1001 2718 1119 2810 aliquo
1158 2721 1195 2788 in
1234 2722 1333 2792 malo

280 2835 494 2905 constitutus
521 2833 612 2904 nolit
640 2856 716 2903 esse
742 2832 959 2914 miserabilis,
987 2856 1028 2903 ac
1053 2857 1124 2904 non
1152 2835 1333 2907 desideret

280 2951 412 3021 auxilia
444 2952 735 3033 succurrentium,
770 2974 847 3043 quae
881 2949 976 3045 (sor.
1015 2953 1075 3044 qui
1109 2950 1249 3047 Daris.)
1285 2958 1333 3026 ad

279 3090 383 3160 opem
414 3067 594 3137 ferendam
625 3068 764 3137 nonnisi
795 3068 1040 3137 misericordiae
1073 3068 1202 3139 affectu
1233 3075 1334 3142 exei-

279 3183 422 3253 tantur?
450 3181 554 3253 Hanc
571 3181 633 3251 ille
650 3180 771 3277 (Coos.
784 3180 949 3254 Senecam
960 3180 1016 3252 De
1035 3180 1198 3255 Clement.
1213 3184 1267 3253 ΙΙ.
1279 3192 1332 3275 5.)

279 3298 364 3369 licet
391 3299 660 3380 humanitatem,
692 3296 777 3368 lieet
807 3299 978 3390 pietatem
1009 3309 1121 3381 vocet,
1150 3324 1221 3370 non
1253 3328 1331 3373 rem

279 3420 339 3488 sed
375 3441 505 3487 nomen
540 3419 715 3487 immutat.
780 3416 851 3485 Hic
886 3427 941 3487 est
974 3416 1131 3499 affectus,
1165 3420 1226 3509 qui
1262 3420 1330 3490 soli

278 3533 412 3603 homini
431 3534 533 3603 datus
557 3541 621 3615 est,
641 3542 680 3601 ut
705 3530 987 3602 imbecillitatem
1013 3542 1167 3602 nostram
1192 3538 1332 3604 mutuis

278 3652 490 3745 adjumentis
524 3650 730 3735 levaremus,
765 3671 871 3742 quem
905 3650 967 3741 qui
1004 3648 1110 3731 tollit,
1140 3650 1184 3719 ad
1215 3652 1329 3721 vitam

278 3793 342 3838 nos
368 3768 497 3862 redigit
520 3766 729 3838 belluarum.
774 3766 881 3847 Nam,
904 3764 998 3857 quod
1021 3766 1108 3835 dicit
1131 3768 1227 3858 paria
1250 3790 1332 3838 esse

277 3892 433 3977 peccata,
465 3908 510 3955 ex
542 3884 666 3954 eadem
697 3884 920 3953 immanitate
945 3890 1010 3964 est,
1037 3905 1108 3973 qua
1131 3883 1332 3954 misericor-

278 4001 372 4070 diam
395 4000 506 4071 vcluti
533 3999 697 4071 morbum
722 4000 925 4069 insectatur.
977 3998 1049 4081 Qui
1072 4000 1168 4068 enim
1190 4000 1330 4071 nullam

278 4116 363 4186 facit
384 4116 616 4187 differentiam
642 4114 862 4195 delictorum,
880 4124 944 4183 ant
967 4114 1059 4184 levia
1083 4117 1221 4209 magnis
1247 4140 1332 4211 sup-

279 4229 391 4323 pliciis
421 4231 605 4301 affioienda
630 4240 761 4311 censet,
791 4231 885 4321 quod
916 4240 970 4300 est
1000 4231 1152 4303 crudelis
1174 4235 1331 4323 judicis;
