2867 4817
342 320 411 384 DE
436 318 835 385 PRAESCRIPTIONE
860 321 985 385 HAER.
1105 322 1168 389 lar

112 493 320 565 nationibus
335 496 535 590 magistros
570 496 699 589 Itaque
709 518 782 567 uno
799 518 922 566 eorum
940 498 1098 580 decusso,
1116 520 1169 567 re·

113 607 228 701 liquos
243 611 417 682 undecim
439 612 640 708 digrediens
662 613 707 683 ad
732 611 877 683 Patrem
899 621 980 705 post
997 634 1170 683 resurrec-

112 728 260 809 tionem,
282 730 395 821 jussit
423 730 476 800 ire
503 738 541 800 et
566 730 693 800 docere
718 731 889 813 nationes,
919 728 1168 823 intinguendas
1177 736 1252 815 Μῦες»,

112 844 147 913 in
173 843 326 915 Patrem
352 855 391 917 et
416 846 456 916 in
485 845 617 916 Filium
646 855 684 916 et
712 847 751 916 in
782 845 955 939 Spiritum
985 818 1260 917 Sanctummm'

87 960 246 1039 §Statim
276 964 389 1057 igitur
413 962 564 1057 apostoli
595 963 697 1055 (quos
723 964 799 1034 haec
826 963 1016 1056 appellatio
1046 964 1260 1035 mesonca

111 1080 387 1172 interpretaturi
404 1090 587 1173 assumpto
602 1104 667 1174 per
686 1090 819 1151 sortem
837 1082 1047 1151 duodecimo
1070 1080 1169 1151 Mac

111 1195 187 1268 thia
211 1198 253 1265 in
280 1194 402 1266 locum
426 1195 532 1267 Judae
557 1219 602 1267 ex
627 1201 841 1270 auctoritate
863 1198 1066 1291 prophetia,
1091 1221 1168 1291 quae

112 1314 229 1383 estin
252 1312 394 1406 psalmo
416 1312 544 1398 David,
562 1316 742 1386 consecuti
765 1316 971 1409 promissam
995 1316 1068 1385 vim
1089 1314 1313 1407 spi.s.a0vas

112 1430 202 1499 ritus
225 1428 356 1499 Sancti
377 1431 423 1500 ad
446 1432 598 1501 virtutes
613 1438 652 1501 et
674 1431 865 1524 eloquium,
885 1432 1000 1525 primo
1017 1454 1080 1524 per
1104 1430 1232 1502 Ju-sa.
1244 1450 1269 1497 a

73 1546 227 1617 edeam
251 1555 456 1617 contestata
480 1547 551 1618 fide
574 1550 611 1619 in
638 1548 765 1619 Jesum
783 1548 976 1631 Christum,
998 1557 1038 1619 et
1058 1547 1170 1618 eccle-

112 1665 173 1734 siis
205 1664 396 1746 institutis,
429 1663 558 1734 dehinc
591 1668 628 1735 in
661 1666 784 1737 orbem
818 1666 978 1758 profecti,
1017 1664 1167 1735 eandem
1176 1680 1333 1763 sanan.

112 1780 317 1853 doctrinam
360 1780 519 1873 ejusdem
555 1782 637 1853 fidei
677 1783 880 1853 nationibus
922 1764 1291 1876 promulgare-iffi

112 1911 218 1970 runt:
246 1908 287 1969 et
307 1898 456 1990 proinde
476 1898 643 1970 ecclesias
663 1900 758 1994 apud
776 1922 1064 1991 unamquamque
1083 1898 1291 1969 civi-naxo.

112 2024 229 2085 tatem
256 2012 512 2084 condiderunt:
538 2016 711 2107 aquibus
734 2016 918 2085 traducem
943 2014 1026 2084 fidei
1052 2023 1089 2085 et
1115 2038 1169 2085 se-

73 2153 103 2211 15
113 2133 212 2201 mina
229 2130 402 2201 doctrina
418 2138 544 2201 ceterae
561 2133 692 2203 exinde
708 2132 865 2203 ecclesiae
885 2140 1058 2202 mutuatae
1075 2140 1168 2214 sunt,

111 2256 150 2317 et
174 2248 344 2339 quotidie
366 2254 586 2330 mutuantur,
611 2257 654 2318 ut
683 2248 841 2320 ecclesiae
870 2248 967 2319 fiant.
1019 2245 1077 2318 Ac
1106 2271 1170 2341 per

113 2364 182 2435 hoc
208 2372 249 2435 et
275 2364 361 2456 ipsa
384 2363 584 2456 apostolica
608 2366 835 2459 deputantur,
859 2375 902 2435 ut
925 2363 1065 2435 soboles
1086 2388 1170 2457 apo-

112 2480 324 2551 stolicarum
346 2479 585 2551 ecclesiarum.
636 2481 756 2554 Omne
785 2505 897 2576 genus
924 2482 971 2552 ad
997 2482 1169 2575 originem

112 2622 217 2668 mam
247 2605 445 2680 censeatur,
473 2620 618 2669 necesse
645 2606 721 2669 est:
755 2600 876 2691 itaque
905 2608 963 2669 tot
993 2622 1034 2669 ao
1060 2607 1168 2670 tantae

70 2715 286 2797 20oecloeiae,
320 2736 393 2784 una
420 2722 475 2785 est
505 2713 570 2785 illa
597 2714 643 2785 ab
672 2714 840 2807 apostolis
869 2716 992 2808 prima,
1023 2738 1069 2785 ex
1100 2737 1169 2806 qua

112 2856 252 2905 omnes.
305 2830 367 2902 Sic
401 2854 525 2902 ornnes
558 2834 690 2926 prirnae,
722 2841 760 2901 et
794 2854 917 2902 omnes
946 2831 1168 2925 apostolicae;

113 2953 202 3022 dmn
222 2972 300 3019 nna
324 2970 456 3019 omnes.
510 2948 668 3019 Probent
692 2950 870 3019 unitatem
894 2949 1169 3019 communicatio

112 3068 222 3158 pacis,
239 3074 281 3135 et
296 3063 487 3158 appellatio
503 3064 744 3147 fraternitatis,
763 3072 801 3135 et
818 3064 1069 3135 contesseratio
1089 3062 1169 3134 hos·

113 3182 325 3277 pitalitatis:
351 3204 432 3273 quae
442 3183 526 3273 jura
544 3204 617 3252 non
633 3181 704 3251 alia
720 3182 810 3251 ratio
834 3182 935 3274 regit,
954 3202 1060 3273 quam
1078 3180 1169 3273 ejus·

71 3301 197 3384 25dem
214 3300 427 3370 aeramenti
445 3321 518 3369 una
531 3299 687 3369 traditio·

164 3416 267 3486 Hinc
291 3416 402 3509 igitur
426 3416 609 3511 dirigimus
632 3416 951 3509 praescriptionem:
988 3413 1016 3483 si
1044 3412 1168 3483 Domi·
1212 3422 1297 3471 GAP·

112 3556 181 3604 nns
202 3532 315 3603 Jesus
331 3531 492 3603 Christus
512 3532 690 3626 apostolos
706 3532 804 3601 misit
826 3532 872 3602 ad
891 3530 1165 3623 praedicandum,
1176 3488 1290 3603 latialis

113 3648 202 3719 alios
226 3672 303 3719 non
327 3672 405 3719 esse
430 3649 649 3742 recipiendos
670 3648 926 3741 predicatores,
949 3668 1056 3739 quam
1079 3668 1167 3738 quos

115 3765 281 3837 Christus
308 3767 483 3837 instituit:
514 3767 597 3859 quia
615 3789 678 3837 aec
698 3763 789 3836 alica
814 3762 959 3835 Patrem
981 3763 1076 3835 novit
1095 3763 1273 3833 caiana„

69 3880 246 3965 assim,
282 3892 316 3954 ct
343 3882 402 3953 cui
435 3880 554 3953 Filius
587 3881 756 3954 revelavit.
810 3880 891 3952 Nec
921 3879 997 3951 aliis
1027 3880 1169 3950 videtur

117 4000 292 4071 revelasse
316 3999 436 4083 Filius,
454 4022 561 4091 quarn
584 4000 762 4093 apostolis,
780 4021 868 4091 quos
890 3998 988 4067 misit
1011 3996 1055 4067 ad
1079 4020 1170 4089 prae-

119 4114 309 4187 dicandum
332 4117 457 4208 utique
482 4116 576 4207 quod
599 4114 669 4187 illis
691 4114 873 4187 revelavit.
925 4112 1021 4197 Quid
1048 4122 1170 4183 autem

119 4235 394 4325 pmdicsverint,
417 4232 455 4303 id
477 4233 639 4325 est,quid
662 4232 733 4303 illis
755 4231 917 4303 Christus
939 4230 1170 4312 revelaverit3

635 4393 661 4443 Τ
