2867 4817
245 321 463 389 CONCILII
489 323 721 390 EPHESINI
746 325 1080 392 UNIVERSALIS.
1168 333 1191 394 5

140 527 239 594 ματα
255 495 501 602 ἐπιφερόμενοι
524 498 744 605 σαφέστατα
765 501 1040 606 ἀπεδείχθησαν,
1062 504 1102 583 ἐκ
1126 511 1191 583 τοῦ

140 620 191 722 μὴ
218 622 366 704 ἑλέσθαι
392 627 469 724 μεθ
498 626 600 727 ἡμῶν
621 628 824 730 Νεστορίου
847 630 1189 736 καταφαγφίτασθαι·

140 752 202 834 οὕς
225 785 325 837 τινας
353 751 506 855 δόγματι
531 760 637 862 κοινῷ
659 755 681 855 ἦ
707 756 794 857 ἁγία
811 754 963 842 σύνοδος
980 758 1104 861 πάσης
1124 757 1191 859 μέν

140 879 442 981 ἐκκλησιαστνςῆς
460 881 641 967 κοινωνίας
660 883 874 987 ἀλλοτρίους
891 884 1047 985 ἐποίησε,
1064 894 1191 968 πᾶσαν

112 1002 179 1100 5δέ
197 1007 315 1096 αὐτῶν
332 1009 509 1113 ἐνέργειαν
528 1008 703 1113 ἱερατικὴν
720 1017 885 1115 περιεῖλε,
898 1014 941 1092 δι’
961 1012 1003 1113 ἧς
1015 1013 1190 1114 ἠδύναντο

139 1131 319 1224 βλάπτειν
336 1133 359 1235 ἢ
377 1138 530 1244 ἀφελεῖν
547 1135 655 1222 τινάς.

142 1309 223 1386 quod
234 1309 406 1370 Nestorium
417 1312 567 1373 nobiscum
576 1333 645 1372 oon.
686 1314 751 1384 mit,
779 1335 940 1394 perquam
969 1319 1115 1398 aliquibus
1142 1321 1190 1381 vel

141 1389 459 1454 demnsrenoluemnt:
479 1413 645 1472 quosssnc·
686 1413 790 1454 nocere
812 1395 861 1455 vel
884 1399 1021 1476 prodesse
1044 1411 1189 1479 poterant.

140 1479 172 1527 ts
185 1471 313 1549 synodus
323 1475 470 1532 communi
482 1475 599 1534 decreto
609 1475 645 1534 sb
688 1475 779 1554 Apud
802 1477 929 1537 Consilia
949 1480 1019 1539 edit.
1041 1481 1188 1541 Harduin.

94 1569 131 1609 ιο
141 1551 221 1608 omni
236 1552 428 1614 ecclesiastica
441 1555 644 1614 communione
685 1566 757 1614 tom.
770 1557 795 1614 1.
811 1577 878 1635 pag.
897 1561 983 1619 1621.
1003 1561 1074 1620 edit.
1088 1563 1189 1622 Lnbbe

140 1629 251 1690 alienos
270 1651 332 1692 esse
351 1635 464 1702 statuit,
480 1645 511 1694 et
528 1655 644 1694 omnem
685 1647 715 1694 et
728 1636 856 1697 Gosssrt.
870 1650 941 1698 tom.
953 1641 1013 1701 111.
1029 1662 1096 1723 ρος.
1107 1646 1175 1702 801.

140 1711 294 1772 sacerdotii
308 1714 491 1776 functionem
504 1715 563 1776 illis
576 1715 644 1775 ade-

488 1892 839 1978 CANONES.

527 2055 729 2134 ΚΑΝΩΝ
759 2060 805 2136 A.

94 2227 129 2289 ,5
195 2181 398 2258 EHEIAH
427 2175 466 2258 δέ
493 2180 602 2283 ἐχρῆν
629 2184 688 2261 καὶ
713 2180 796 2267 τοὺς
821 2185 1103 2293 ἀπολειφθέντας
1125 2195 1189 2290 τῆς

140 2305 244 2405 ἁγίας
271 2303 436 2406 συνόδου,
465 2309 524 2385 καὶ
549 2309 737 2408 μείναντας
764 2311 856 2392 κατὰ
882 2314 1004 2419 χώραν
1031 2313 1054 2417 ἢ
1080 2316 1190 2399 πόλιν

140 2430 199 2512 διά
225 2465 305 2512 τινα
332 2435 447 2514 αἰτίαν
473 2433 496 2535 ἢ
524 2436 828 2540 ἐκκλησιαστυεὴν
852 2439 875 2542 ἢ
900 2445 1119 2547 σωματικὴν,
1137 2448 1189 2548 μὴ

139 2559 318 2666 ἀγνοῆσαι
335 2560 382 2641 τὰ
398 2566 479 2666 περὶ
501 2563 618 2644 αὐτῶν
643 2567 881 2668 τετυπωμένα·
908 2571 1123 2675 γνωρίζομεν
1144 2611 1190 2682 τῃ

140 2684 290 2792 ὑμετέρᾳ
317 2685 480 2789 ἁγιότητι
506 2692 566 2770 καὶ
593 2689 730 2798 ἀγάπῃ,
750 2693 871 2799 ὅτιπερ
897 2697 980 2782 εἴτις
1002 2735 1186 2805 μητροπο-

90 2853 130 2892 20
138 2809 243 2910 λίτης
266 2817 331 2913 τῆς
355 2815 525 2921 ἐπαρχίας
552 2820 811 2920 ἀποστατήσας
834 2827 899 2923 τῆς
926 2825 1029 2927 ἁγίας
1046 2831 1107 2907 καὶ
1134 2835 1185 2909 οἱ·

138 2944 344 3040 κουμενικῆς
371 2938 537 3041 συνόδου,
564 2947 764 3049 προσέθετο
791 2955 843 3058 τῷ
869 2956 933 3051 τῆς
961 2956 1190 3042 ἀποοτασίας

138 3066 322 3175 συνεδρίῳ,
340 3065 364 3167 ἢ
382 3068 473 3166 μετὰ
496 3079 603 3152 τοῦτο
626 3077 894 3179 προστεθείη,ἢ
918 3077 965 3158 τὰ
991 3084 1191 3165 Κελεστίου

137 3190 339 3298 ἐφρόνησεν
365 3192 388 3294 ἢ
417 3197 604 3303 φρονήσει·
640 3201 743 3286 οὗτος
770 3203 862 3284 κατὰ
893 3213 965 3287 τῶν
992 3213 1056 3308 τῆς
1082 3213 1191 3317 ἐπαρ-

136 3320 218 3423 χίας
243 3319 452 3426 ἐπισκόπων
479 3326 763 3430 διαπράττεσθαί
783 3365 818 3410 τι
846 3334 1008 3434 οὐδαμῶς
1034 3338 1190 3438 δύναται,

431 3501 593 3582 Interprete
610 3507 753 3568 Gentiano
766 3509 902 3571 Herneto.

291 3646 444 3709 CANON
466 3653 482 3711 Ι
685 3605 815 3678 facimus,
830 3609 909 3687 quod
923 3611 948 3669 si
962 3611 1028 3689 quis
1041 3624 1190 3694 metropo-

484 3697 492 3712 ·
684 3685 794 3746 litanns
818 3708 835 3745 s
859 3702 958 3749 sancta
981 3703 1012 3750 et
1035 3694 1190 3755 universali

180 3751 336 3824 Qunstsnt
351 3765 468 3834 oportet
487 3757 574 3816 etism
594 3781 644 3820 eos
685 3768 797 3844 synodo
812 3767 958 3839 deficiens,
973 3775 1125 3851 spostssiae
1138 3797 1191 3836 seu

137 3833 190 3910 qui
211 3843 317 3892 sanctae
339 3835 451 3913 synodo
474 3857 533 3896 non
552 3839 643 3900 inter·
685 3845 859 3908 defectionis
883 3855 1029 3912 consessui
1058 3874 1092 3914 sc
1120 3877 1191 3915 con-

137 3913 433 3994 fuerunt—propter
444 3917 569 3998 aliquam
576 3941 644 3979 cau·
686 3928 834 3987 venticulo
856 3929 987 4004 adhaesit,
1002 3933 1050 3993 vel
1070 3938 1192 4014 posthac

138 3993 268 4060 ssm‚vel
283 3994 504 4057 ecclesiasticam
519 3999 567 4059 vel
581 4021 643 4060 cor-
685 4007 848 4078 adhaeserit,
881 4011 928 4070 vel
961 4034 1027 4073 cum
1063 4016 1192 4076 Celestio

137 4073 278 4169 porslem,
293 4096 353 4134 non
373 4077 507 4154 ignorare
521 4099 563 4148 ea,
579 4101 644 4161 quae
686 4088 777 4147 sensit
787 4100 838 4148 aut
851 4094 991 4153 senserit:
1013 4095 1039 4155 is
1052 4096 1191 4156 adversus

137 4171 169 4210 1n
198 4174 261 4232 ipss
290 4166 402 4215 ststuta
431 4169 510 4226 sunt,
539 4173 644 4221 νοεῖται
686 4187 745 4226 suae
765 4171 921 4247 provincis
945 4176 1096 4257 episcopos
1117 4177 1191 4237 nihil

137 4234 283 4294 sanctitati
308 4246 338 4296 et
364 4235 514 4298 dilectioni
540 4254 644 4303 notum
685 4247 804 4327 penitus
817 4271 902 4330 agere
921 4267 1028 4333 potest,
1046 4259 1125 4316 omni
1145 4279 1193 4318 ec·
