2867 4817
458 312 605 380 LIBER
628 317 822 382 PRIMUS.
950 340 953 343 ’
1100 322 1165 389 27³

36 554 51 562 -
106 500 239 563 antem
253 492 404 563 scientes
417 493 528 563 uteris
540 516 616 563 esse
628 502 838 587 gestatoset
852 493 1011 588 frugibus
1023 518 1083 567 eos
1094 498 1166 567 ric·

4 668 18 713 s.
28 590 51 687 J
107 608 242 679 titasse
259 610 416 693 terrenis,
429 608 656 681 nihilominus
668 618 790 681 tamen
806 610 908 682 nobis
921 614 995 682 nati
1012 612 1164 685 bominis

5 706 38 825 p
107 724 305 816 objectatis
325 726 481 798 cultum:
519 749 574 796 res
594 728 698 821 agitis
720 728 804 798 satis
827 730 984 820 injustas,
1001 740 1043 799 ut
1065 731 1102 801 id
1127 732 1165 801 in

1 824 35 925 j*
111 842 221 912 nobis
246 844 469 914 constituatis
492 866 567 914 esse
593 843 804 929 damnabile,
829 844 922 936 quod
949 847 1076 939 stipsi
1102 870 1164 918 vos

6 948 27 1035 Ῑζ
112 958 308 1031 factitatis:
335 970 407 1043 aut,
425 983 502 1052 quae
520 960 746 1059 vobislicere
768 961 983 1054 permittitis,
1002 964 1164 1033 consimi-

112 1074 202 1146 liter
218 1076 294 1147 aliis
311 1076 450 1147 licitum
467 1098 543 1147 esse
560 1075 689 1147 nolitis.

170 1192 399 1265 XXXVIII.
431 1192 503 1265 Sed
532 1194 776 1277 concedamus,
805 1195 984 1265 interdum
1017 1219 1161 1267 manum

8 1304 35 1315 ’
112 1312 243 1382 vestris
269 1310 527 1404 opinationibus
552 1311 686 1393 dantes,
711 1334 823 1381 unum
849 1310 1030 1382 Christum
1056 1314 1163 1385 fuisse

112 1428 163 1497 dc
196 1430 306 1511 nobis,
340 1428 480 1509 mentis,
515 1427 649 1509 animae,
684 1428 846 1521 corporis,
882 1428 1093 1523 fragilitatis,
1123 1442 1161 1502 et

112 1546 327 1616 conditionis
350 1545 473 1615 unius:
500 1567 617 1614 nonne
644 1544 771 1638 dignus
795 1568 818 1615 a
842 1546 943 1616 nobis
966 1556 1020 1617 est
1045 1557 1162 1619 tanto-
1249 1613 1256 1626 ,

114 1685 195 1731 rum
219 1662 265 1732 ob
285 1684 471 1732 munerum
496 1662 645 1754 gratiam
672 1660 772 1731 Deus
795 1662 874 1744 dici,
893 1661 1063 1756 Deosque
1084 1688 1162 1736 sen-

113 1778 202 1850 tiri?
247 1778 406 1849 sienim
432 1800 494 1847 vos
523 1777 703 1859 Liberum,
733 1778 828 1870 quod
858 1803 963 1849 usum
992 1784 1161 1875 repererit

114 1894 199 1977 vini,
226 1896 255 1965 si
281 1896 375 1987 quod
400 1895 510 1987 panis,
536 1893 714 1978 Cererem,
732 1895 760 1965 si
787 1894 1039 1987 ll'sculapium,
1065 1901 1160 1990 quod

113 2011 312 2095 herbarum,
331 2012 358 2082 si
381 2010 592 2094 Minervam,
615 2012 710 2103 quod
728 2010 823 2096 oleae,
842 2014 870 2082 si
891 2012 1158 2105 Triptolemum,

2 2136 15 2226 ᾗ
114 2128 211 2219 quod
235 2130 351 2211 aratri,
378 2130 406 2199 si
432 2128 583 2220 denique
605 2126 809 2211 Herculem,
826 2129 922 2221 quod
947 2129 1047 2213 feras,
1064 2131 1159 2222 quod

114 2244 220 2331 fures,
254 2247 348 2337 quod
384 2244 634 2338 multiplicium
663 2246 820 2338 capitum
857 2248 1035 2339 superavit
1063 2270 1159 2317 com-

4 2370 9 2378 '
114 2363 323 2455 pescuitquc
352 2363 513 2444 natrices,
542 2362 703 2431 divorum
737 2361 907 2433 retulistis
936 2364 972 2433 iu
1003 2374 1157 2434 coetum:

1 2453 9 2466 ’
113 2477 306 2549 bonoribus
322 2479 463 2571 quantis
487 2476 691 2549 afficiendus
713 2487 770 2549 est
792 2480 902 2563 nobis,
920 2481 981 2571 qui
1004 2481 1049 2551 ab
1066 2503 1160 2550 erro-

112 2595 211 2665 ribus
239 2618 303 2667 nos
331 2596 467 2689 magnis
496 2593 671 2663 insinuata
700 2596 851 2665 veritate
886 2596 1064 2667 traduxit:
1098 2598 1158 2689 qui
1236 2664 1240 2671 .

113 2710 213 2781 velut
238 2734 347 2783 caecos
372 2712 510 2807 passim,
528 2733 569 2781 ao
595 2711 670 2781 sine
691 2710 764 2781 ullo
788 2728 924 2783 rectore
948 2714 1158 2807 gradientes,

114 2828 160 2898 ab
190 2829 357 2922 demptis,
392 2828 437 2899 ab
464 2829 584 2910 deviis,
619 2826 704 2898 locis
737 2827 952 2921 planioribus
985 2831 1156 2901 reddidit:

114 2946 196 3029 Qui,
223 2946 317 3039 quod
347 2945 554 3039 frugiferum
579 2945 692 3037 primo
717 2954 825 3037 atque
854 2946 1009 3018 humano
1037 2951 1158 3042 generi

113 3062 276 3148 salutare,
295 3062 394 3135 Deus
414 3062 623 3132 monstravit
644 3062 728 3154 quid
750 3064 805 3146 sit,
829 3064 918 3155 quis,
941 3075 1103 3156 quantun,
1121 3076 1158 3136 et

113 3163 236 3273 qualis,
262 3182 322 3273 qui
348 3180 537 3273 profrmdas
562 3180 638 3271 ejus
668 3187 776 3271 atque
800 3180 1049 3251 inenarrabiles
1078 3182 1159 3251 alti-

112 3298 254 3368 tudines
272 3297 458 3390 (quantum
484 3306 604 3367 nostra
628 3297 742 3388 quivit
767 3296 1005 3387 mediocritas)
1034 3320 1158 3389 capere

112 3422 151 3485 et
176 3414 374 3508 intelligere
399 3414 558 3506 permisit
584 3422 623 3484 et
647 3413 792 3483 docuit:
821 3413 905 3497 Qui,
932 3437 1001 3506 quo
1023 3424 1156 3497 autore,

112 3554 183 3625 ‚quo
208 3540 308 3625 patre
333 3530 485 3601 mundus
510 3530 578 3599 iste
605 3530 651 3599 sit
676 3524 890 3601 constitutus
920 3540 958 3600 et
984 3532 1157 3614 conditus,

112 3648 198 3719 fecit
231 3648 480 3741 benignissime
509 3647 610 3717 sciri:
654 3644 726 3728 Qui
760 3648 955 3717 nativitatis
987 3650 1063 3740 ejus
1095 3672 1158 3719 cx-

112 3765 283 3858 prompsit
299 3786 420 3859 genus,
438 3771 476 3833 et
492 3761 622 3834 nullius
644 3762 832 3854 aliquando
853 3765 1055 3857 cognitione
1071 3790 1157 3859 prae-

112 3890 289 3975 sumptam
314 3880 499 3983 materiam
525 3877 638 3948 illius:
665 3880 759 3949 unde
784 3879 925 3973 ignibus
950 3881 1033 3954 solis
1058 3885 1156 3977 geui-

112 3998 193 4069 talis
215 3997 330 4068 fervor
354 3997 579 4079 adsciscitur:
615 4018 677 4065 cur
706 3995 792 4066 luna
820 4020 958 4091 semper
987 4000 1026 4069 in
1053 4009 1155 4070 motu

110 4115 285 4187 indemnis
311 4116 474 4197 creditur,
499 4112 709 4203 animalibus
734 4114 988 4217 causislucem
1018 4138 1156 4211 semper

110 4240 218 4323 atque
235 4232 486 4304 obscuritatem
503 4253 694 4301 resumens.
729 4230 950 4304 Animalium
968 4235 1156 4328 origoque:

156 4365 226 4409 vol..
244 4366 283 4409 11.
619 4365 641 4407 N
659 4366 679 4406 ll
