2867 4817
285 331 351 394 DE
372 330 532 395 OPERE
555 331 620 394 ET
644 331 996 395 ELEEMOSYNIS.
1107 333 1172 400 299

116 504 266 598 angelus
289 506 387 597 paria
410 512 571 587 testmur,
590 514 628 575 et
650 513 692 575 ut
716 505 940 599 eleemosyna
961 504 1114 577 libenter
1130 530 1172 576 ao

115 619 264 715 largiter
289 622 353 693 fiat
376 620 542 692 hortatur
571 622 711 693 dicens:
746 620 851 693 Bona
879 629 929 693 eat
957 622 1070 693 oratio
1094 642 1294 693 cusanam.

5 730 8 823 ς’
105 736 242 829 &anio
282 746 315 809 et
353 735 588 833 elecntoapao:
636 739 719 833 quio
756 736 967 833 eleemosyna
1003 762 1026 809 a
1063 748 1172 810 morte

113 850 248 937 liberat,
276 863 308 925 et
337 854 415 949 ipso
439 864 569 952 perpet
592 864 744 949 peccato.
797 853 966 926 Ostendit
995 856 1173 925 orationes

89 980 254 1051 snostras
273 996 314 1042 ac
331 971 469 1064 jejunia
485 973 603 1042 minus
620 994 723 1065 posse
740 971 808 1042 nisi
824 970 1057 1065 eleemosynis
1074 974 1173 1065 adju-

5 1122 6 1189 3
114 1098 256 1171 rentur,
284 1088 551 1181 deprecationes
572 1087 663 1159 solas
688 1111 814 1182 parum
840 1088 884 1157 ad
910 1089 1172 1182 impetrandum

113 1204 245 1287 valere,
265 1206 333 1275 nisi
350 1206 525 1276 factorum
547 1214 585 1275 et
602 1228 749 1298 operum
772 1206 972 1275 accessione
989 1207 1171 1276 satientur.

115 1321 272 1393 Revelat
306 1321 453 1416 angelus
483 1330 520 1391 et
557 1322 761 1391 manifestat
797 1328 835 1391 et
865 1320 983 1391 firmat
1018 1321 1173 1394 eleemo-

115 1440 211 1531 synis
242 1437 434 1531 petitiones
463 1446 600 1508 nostras
630 1438 789 1508 efficaces
819 1438 905 1520 fieri,
940 1436 1173 1530 eleemosynis

75 1558 230 1627 rovitam
267 1558 312 1627 de
345 1554 511 1649 periculis
545 1556 680 1639 redimi,
715 1554 949 1648 eleemosynis
982 1556 1118 1625 animas
1151 1578 1173 1627 a

114 1680 234 1743 morte
252 1670 404 1743 liberari.

5 1864 6 1867 ,
166 1787 239 1860 IV.
264 1787 345 1859 Nec
367 1790 427 1872 sic,
450 1790 577 1859 fratres
602 1791 781 1873 carissimi,
803 1790 873 1860 ista
896 1789 1106 1882 proferimus
1131 1799 1173 1861 ut

5 1894 8 1959 l
113 1926 187 1975 non
204 1904 303 1997 quod
321 1905 481 1999 Raphaiil
502 1904 651 2000 angelus
672 1908 765 1977 dixit
788 1906 947 1976 veritatis
967 1906 1172 1975 testimonio

114 2022 399 2116 comprobemus.
451 2023 496 2093 In
520 2022 674 2093 Actibus
697 2022 953 2116 Apostolorum
977 2023 1062 2094 facti
1084 2023 1173 2095 fides

5 2132 6 2155 ³
73 2142 233 2234 rsposita
259 2148 334 2223 est;
365 2149 403 2210 et
429 2140 524 2232 qnod
549 2139 791 2234 elecmosynis,
814 2164 887 2211 non
911 2149 1052 2211 tantum
1076 2164 1098 2211 a
1120 2164 1174 2212 se-

115 2258 244 2339 camda,
272 2258 334 2327 sed
359 2280 381 2328 a
405 2258 519 2351 prima
543 2266 658 2327 morte
684 2258 814 2327 animae
838 2257 1033 2328 liberentur
1060 2266 1172 2352 gestae

116 2382 155 2445 st
171 2372 334 2466 impletae
357 2375 409 2443 rei
432 2371 639 2466 probatione
663 2382 886 2466 compertum
903 2383 969 2445 est.
1020 2374 1173 2446 Tabitha

116 2490 385 2584 operationibus
403 2491 511 2581 justis
539 2498 576 2561 et
602 2490 835 2583 eleemosynis
860 2492 1070 2583 praestandis
1095 2492 1174 2585 plu-

116 2610 251 2678 rimum
269 2607 389 2677 dedita
406 2630 488 2677 cnm
509 2606 686 2676 infirmata
709 2614 803 2677 esset
826 2615 864 2677 et
884 2615 1035 2690 mortua,
1053 2609 1098 2678 ad
1116 2633 1173 2679 ca-

75 2752 109 2791 ιο
117 2724 229 2799 darer
250 2725 413 2793 exanime
432 2722 560 2794 Petrus
583 2725 718 2794 accitus
739 2730 811 2794 est:
838 2725 999 2815 quicum
1023 2726 1173 2819 impigre

116 2864 183 2935 pro
210 2838 405 2933 apostolica
424 2838 649 2911 humanitate
675 2842 840 2923 venisset,
862 2842 1173 2912 circumsteterunt

118 2980 205 3030 aum
228 2958 346 3027 riduae
370 2956 496 3028 flentes
522 2965 559 3028 et
582 2965 757 3052 rogantes,
780 2957 889 3051 pallia
911 2967 949 3029 et
971 2960 1109 3029 tunicas
1135 2967 1173 3028 et

116 3076 242 3147 omnia
266 3073 329 3146 illa
353 3097 430 3166 quae
459 3075 556 3168 prius
586 3082 808 3167 sumpserant
833 3075 1043 3145 indumenta
1072 3098 1173 3147 mon-

115 3200 284 3275 strantes,
310 3214 377 3263 nec
403 3214 467 3283 pro
493 3191 662 3262 defuncta
691 3192 763 3261 suis
790 3192 945 3274 vocibus,
975 3192 1037 3263 sed
1064 3194 1173 3285 ipsius

76 3338 108 3397 25
118 3307 288 3403 operibus
305 3309 545 3402 deprecantes
590 3305 710 3378 Sensit
729 3305 856 3377 Petrus
873 3308 1053 3400 impetrari
1071 3332 1172 3402 posse

118 3426 217 3519 quod
234 3426 285 3495 sic
308 3424 506 3517 petebatur,
530 3446 596 3494 nec
620 3422 827 3493 defuturum
844 3424 976 3495 Christi
999 3426 1172 3497 auxilinm

119 3544 237 3614 viduis
267 3540 547 3635 deprecantibus,
582 3541 723 3633 quando
757 3548 850 3611 esset
879 3542 917 3611 in
952 3542 1067 3612 viduis
1096 3544 1172 3636 ipse

120 3660 283 3731 vestitus.
335 3658 428 3729 Cum
450 3658 571 3750 itaque
593 3656 745 3750 genibus
766 3658 872 3727 nixus
895 3666 1036 3742 orasset,
1060 3668 1098 3728 et
1121 3661 1173 3730 vi-

121 3776 274 3847 duarum
291 3796 333 3845 ac
354 3796 549 3867 pauperum
572 3773 722 3843 idoneus
738 3774 930 3845 advocatus
950 3774 1085 3870 legatas
1105 3775 1171 3846 sibi

5 3898 6 3907 ’
76 3912 246 3985 30preccs
262 3888 307 3959 ad
325 3887 520 3959 Dominum
534 3888 748 3982 pertulisset,
766 3912 954 3961 conversus
973 3892 1017 3962 ad
1036 3914 1171 3984 corpus,

121 4005 219 4099 quod
246 4004 284 4073 in
310 4003 433 4075 tabula
448 4006 526 4098 jam
546 4004 661 4075 lotum
681 4005 835 4097 jacebat,
866 4003 1020 4090 Tobitdo,
1045 4008 1171 4100 inquit,
1181 4035 1237 4085 aa
1250 4034 1285 4084 a.

5 4158 6 4165 κ
121 4142 269 4216 campe
295 4118 333 4190 ia
354 4120 492 4193 nomiae
512 4118 602 4192 Jcau
626 4117 771 4193 Christi.
824 4118 905 4191 Nec
926 4121 1040 4193 deluit
1063 4122 1171 4195 Petro

121 4258 194 4327 quo
219 4234 338 4306 minus
360 4239 480 4309 statim
506 4237 613 4308 ferret
639 4236 813 4307 auxilium
839 4237 898 4328 qui
924 4238 961 4307 in
989 4238 1172 4335 evangelio

600 4358 702 4445 Qq2
