2867 4817
307 982 637 1067 SYMBOLUM
668 981 981 1080 NICAENUM,

220 1220 277 1277 AD
309 1218 529 1277 EXEMPLAR
563 1216 678 1287 QUOD
713 1216 845 1274 ΕΧΤΑΤ
874 1216 919 1273 ΙΝ
952 1215 1068 1275 ΑΕἾῚΒ

278 1416 745 1486 OHALOEDONENSIS
775 1418 1014 1486 OONOILII.

503 1669 785 1721 —*-—

119 1894 504 2026 ΠΙΣΤΕΥΟΜΕΝ
523 1893 572 1972 εἷς
599 1886 661 1967 ἕνα
679 1885 776 1967 Θεὸν
799 1888 946 1992 πατέρα,
965 1886 1170 1994 παντοκρά-

89 2048 107 2107 5
213 2050 313 2120 τορα,
337 2016 483 2097 πάντων
508 2017 648 2119 ὁρατῶν
671 2049 710 2095 τε
735 2019 795 2095 καὶ
823 2018 986 2121 οἱορατιῦν
1008 2016 1171 2119 ποιητήν.

122 2146 197 2223 Καὶ
206 2149 255 2227 εἰς
268 2144 330 2224 ἕνα
342 2142 476 2248 Κύρων
485 2144 631 2243 Ἰησοῦν
641 2140 817 2247 Χριστὸν,
827 2142 892 2224 τὸν
903 2142 978 2224 υἱὸν
990 2152 1055 2224 τοῦ
1067 2151 1174 2243 Θεοῦ,

120 2271 337 2373 γεννηθέντα
353 2274 392 2351 έκ
410 2278 476 2351 τοῦ
488 2268 635 2375 πατρὸς,
650 2273 838 2372 μονογενῆ,
856 2272 1043 2351 τουτέστιν
1060 2274 1099 2353 έκ
1111 2278 1176 2374 τῆς

121 2398 249 2483 οὐσίας
278 2406 342 2478 τοῦ
368 2397 516 2503 πατρός·
557 2396 653 2478 Θεὸν
675 2401 714 2478 ἐκ
742 2403 849 2496 Θεοῦ,
875 2404 953 2505 φῶς
980 2400 1019 2478 έκ
1044 2406 1175 2508 φῶτος,

122 2524 220 2607 Θεὸν
237 2524 410 2627 ἀληθινὸν
428 2528 468 2607 ε’κ
487 2531 583 2606 Θεοῦ
601 2528 786 2626 ἀληθινοῦ,
805 2526 1018 2629 γεννηθέντα
1036 2529 1079 2608 οὐ
1095 2563 1176 2609 ποο-

70 2693 112 2733 ιο
121 2653 265 2756 ηθέντα,
291 2652 483 2754 ὁμοούσιον
500 2658 552 2760 τῷ
569 2654 689 2757 πατρί.
749 2654 809 2733 Δι’
833 2654 875 2734 οῦ
892 2652 940 2734 τὰ
955 2652 1076 2736 πάντα
1092 2657 1170 2760 ε’γέ-

122 2816 216 2881 νετο,
233 2778 318 2862 τότε
345 2784 384 2863 ἐν
410 2786 462 2891 τῷ
489 2782 627 2889 οὐρανῷ
654 2783 714 2861 καὶ
741 2779 787 2859 τὸ
814 2782 853 2861 ἐν
879 2786 1008 2888 τῇγῇ·
1048 2782 1112 2863 τὸν
1129 2787 1172 2865 δι’

121 2909 218 3011 ἡμᾶς
244 2906 327 2993 τοῦς
354 2907 573 3012 ἀνθρώπους,
592 2910 652 2987 καὶ
678 2906 738 2987 διὸ
765 2904 832 3008 τὴν
855 2908 1028 3013 ἡμετέραν
1048 2945 1172 3013 σοπη-

120 3037 206 3143 ρέαν
236 3034 469 3134 κατελθόντα,
491 3039 551 3116 καὶ
579 3033 823 3140 σαρκωθέντα,
853 3039 912 3116 καὶ
943 3039 1171 3143 ε’νονθρωπῆ-

122 3196 255 3247 σαντα·
295 3162 470 3262 παθόντα,
502 3166 562 3243 καὶ
597 3160 807 3245 ἀναστάντα
837 3170 883 3271 τῇ
914 3172 1017 3272 τριτῇ
1043 3166 1170 3275 ἡμέρα·

71 3329 87 3369 ι
94 3292 325 3388 5ἀνελθόντα
351 3297 399 3376 εἷς
426 3289 510 3376 τοῦς
537 3290 720 3395 οὐροὶνονς·
759 3293 818 3371 καὶ
845 3292 959 3373 πόλιν
985 3294 1175 3400 ε’ρχόμενον

123 3422 242 3527 κρίναι
269 3418 401 3523 <ame
429 3422 488 3499 καὶ
515 3419 670 3523 νεκρούς.
731 3422 804 3499 Καὶ
826 3426 875 3504 εἷς
895 3418 938 3501 τὸ
967 3425 1116 3522 Πνεῦμα
1133 3421 1176 3503 τὸ

124 3546 242 3653 ἅγιον.
302 3547 398 3633 Τούο
424 3546 463 3628 δέ
486 3547 670 3650 λέγοντας·
711 3547 757 3647 ἤν
779 3582 869 3629 ποτε
886 3548 946 3629 ῦτε
963 3551 1027 3630 οὐκ
1044 3548 1100 3650 ἦν,
1118 3554 1177 3631 καὶ

123 3680 211 3782 πρὶν
229 3680 442 3781 γεννηθῆναι
465 3676 529 3755 οὐκ
546 3674 602 3776 ἦν,
620 3678 679 3755 καὶ
700 3674 756 3756 ὅτι
774 3675 818 3782 έξ
840 3676 903 3755 οὐκ
925 3674 1039 3757 ὅντων
1056 3676 1173 3780 ἐγένε-

124 3839 183 3903 το,
205 3803 228 3906 ἢ
248 3803 292 3912 ἐξ
307 3803 428 3907 ἑτέρας
453 3800 731 3904 ι’ποστᾶσεωοῆ
753 3803 878 3887 οὐσίας
896 3803 1106 3911 φάσκοντας
1123 3800 1172 3885 εἶ-

74 3968 195 4032 αοναι,
214 3930 237 4033 ἢ
255 3930 420 4036 πρεπτὸν,
438 3930 461 4031 ἢ
481 3929 683 4011 ἀλλοιοπὸν
699 3928 763 4011 τὸν
782 3929 858 4012 υἱὸν
876 3940 940 4012 τοῦ
958 3937 1069 4030 Θεοῦ,
1089 3931 1173 4012 τού-

125 4096 210 4145 τοος
238 4059 530 4162 ἀναθεματιζειὴ
568 4056 743 4159 καθολικὴ
770 4060 829 4137 καὶ
860 4058 1087 4161 ἀποοτολικὴ
1115 4062 1173 4140 ε’κ·

125 4189 277 4289 κλησία,
339 4202 431 4283 Apud
455 4202 566 4262 Concil.
594 4200 770 4262 Chalcedon.
793 4201 862 4262 Act.
877 4204 908 4263 ii.
936 4204 1007 4263 edit.
1030 4204 1175 4264 Harduin.

125 4340 193 4400 pag.
206 4318 273 4377 286.
288 4316 358 4379 edit.
374 4318 473 4379 labbe
486 4330 521 4379 et
532 4320 660 4379 Οοοοαη.
674 4338 704 4397 p.
713 4336 784 4397 339.
