2867 4817
634 315 1029 385 TERTULLIANUS.

345 855 422 913 ⁸De
436 850 558 910 Victore
579 868 603 908 c.
620 864 669 922 34.
684 845 722 906 de
742 843 903 925 Apollonio
923 853 1056 903 senatore
1076 842 1164 901 Rom.
1179 861 1204 900 c.
1218 859 1270 914 4²·
1294 840 1366 898 Fa.

305 969 522 1106 1mllclllilssebius
536 1045 646 1103 Chron.
668 1042 748 1102 Vide
762 1041 839 1100 infra
853 1050 937 1098 notas
952 1039 994 1097 H.
1010 1039 1119 1097 Grovii.
1161 1036 1272 1096 Africae
1287 1058 1365 1117 pro-

304 1145 463 1207 consularis
477 1142 632 1224 provincie
646 1150 744 1220 caput,
759 1150 793 1199 ut
807 1138 991 1196 notissimum
1006 1147 1059 1203 est,
1076 1136 1223 1213 Carthago
1234 1135 1364 1194 Tertul.

304 1244 374 1304 liani
389 1243 491 1322 patria,
507 1240 557 1299 ubi
572 1259 675 1322 parens
689 1238 751 1315 ejus
766 1247 799 1296 ut
810 1235 942 1296 centurio
956 1235 1010 1294 sub
1024 1232 1196 1314 proconsule
1210 1233 1364 1317 stipendia

306 1341 422 1400 meruit.
445 1338 545 1398 Essa.

345 1450 359 1482 ⁰
374 1439 485 1497 Praeter
498 1435 606 1516 scripta
615 1433 799 1498 Tertulliani,
809 1453 874 1511 que
888 1441 1001 1499 extant,
1012 1430 1096 1490 fuere
1110 1429 1183 1490 liber
1197 1431 1233 1489 de
1247 1429 1363 1488 Animae

307 1537 507 1602 Submissione‚
522 1534 597 1593 alius
618 1533 653 1590 de
676 1531 885 1611 Superstitione
905 1529 1009 1587 Seculi
1029 1539 1059 1587 et
1073 1528 1148 1586 alius
1167 1527 1202 1588 de
1219 1527 1318 1588 carne
1333 1538 1362 1590 et
1426 1587 1429 1592 .

306 1635 421 1701 Animo,
437 1652 560 1711 quorum
580 1629 683 1689 titulos
705 1630 737 1687 in
761 1628 962 1706 antiquissimo
983 1626 1083 1685 codice
1097 1626 1287 1704 Agobardino
1303 1627 1364 1686 Ri.

305 1734 413 1813 galtius
439 1731 570 1811 reperit:
603 1740 666 1788 tum
689 1727 764 1786 liber
788 1728 823 1785 de
851 1727 910 1805 Spe
934 1725 1085 1790 fidelium,
1110 1723 1196 1802 cujus
1221 1725 1363 1784 meminit

308 1833 516 1910 Hieronymus,
537 1826 782 1907 supra,c.18.et
803 1826 839 1884 dc
860 1825 892 1884 S.
911 1824 1056 1887 Trinitas
1079 1823 1159 1901 Opas
1183 1823 1268 1900 cujus
1293 1825 1363 1903 epi·

307 1942 405 1988 tomen
417 1947 479 1986 esse
488 1925 520 1984 N
522 1925 648 1986 ovatiaui
660 1924 767 1988 librum
776 1923 906 2001 ejusdem
920 1921 1083 2000 ergunreuti
1092 1921 1216 1980 affirmat
1229 1943 1254 1979 c.
1267 1938 1318 1998 70.
1329 1933 1363 1982 et

306 2023 371 2084 libri
388 2023 461 2082 v11.
477 2025 512 2082 de
526 2023 652 2089 Bostari,
668 2022 705 2081 de
726 2022 833 2100 quibus
853 2021 985 2089 inferius,
1001 2021 1057 2078 hoc
1077 2020 1142 2102 ipso
1161 2019 1264 2101 capite.
1313 2021 1364 2078 De

311 2121 441 2180 Vestibus
455 2121 590 2190 daronis,
606 2140 659 2178 nec
680 2139 739 2177 non
760 2119 796 2177 de
810 2117 991 2176 Animalibus
1011 2117 1125 2176 mundis
1145 2125 1172 2176 et
1193 2117 1362 2184 isentrudis,

306 2219 387 2279 etde
403 2217 633 2284 Circumcisione,
648 2217 700 2276 sed
714 2229 744 2275 et
758 2219 794 2274 de
813 2215 995 2294 Virginitate,
1010 2235 1134 2292 quorum
1149 2216 1362 2295 opusculorum

306 2314 394 2374 variis
408 2315 608 2394 Epistularum
624 2335 741 2372 suarum
756 2313 828 2372 locis
842 2312 975 2371 meminit
989 2312 1065 2371 idem
1083 2312 1291 2392 Hieronymus.
1313 2313 1362 2371 Et

307 2422 407 2476 contra
421 2413 624 2492 Apelliciams
640 2412 815 2475 Vincentius
829 2412 929 2472 Lerin.
944 2433 968 2470 o
986 2430 1033 2485 24.
1049 2411 1283 2471 Commonitorii.
1313 2411 1362 2472 Et

306 2510 342 2570 de
357 2511 503 2572 Paradiso
514 2509 641 2571 Tertull.
656 2533 680 2570 c.
693 2527 741 2590 55.
751 2510 788 2568 de
798 2509 924 2570 Anime:
942 2509 1045 2570 Habes
1058 2509 1143 2569 etiam
1158 2510 1193 2568 de
1209 2509 1362 2570 Porodieo

307 2630 325 2667 a
340 2608 419 2668 nobit
433 2610 565 2680 libellum,
581 2631 635 2690 quo
655 2608 851 2668 constituimus
870 2628 976 2666 omnem
998 2608 1122 2667 animam
1144 2607 1224 2687 apud
1244 2606 1361 2687 inferos

306 2706 483 2787 sequestrari
496 2708 526 2766 in
541 2707 614 2766 diem
629 2707 757 2768 Domini.
780 2706 916 2784 Denique
930 2717 964 2763 ut
979 2705 1056 2767 idem
1071 2706 1133 2784 ipse
1148 2705 1242 2771 testis,
1255 2705 1361 2766 Graeca

306 2806 455 2885 opuscula,
471 2805 506 2864 de
521 2805 709 2884 Spectaculis,
726 2804 761 2862 de
775 2803 936 2883 Baptismo,
949 2803 984 2863 de
995 2803 1125 2864 velandis
1140 2802 1318 2882 Virginibus,
1328 2815 1360 2864 et

307 2905 343 2964 dc
360 2905 472 2964 Corone
489 2903 606 2963 Militis.
629 2903 729 2961 Esne.
1154 2963 1162 2976 .

347 2999 362 3046 (ἲ
378 3003 446 3062 MS.
463 3002 611 3064 Gemblac.
632 3001 804 3070 Concedite,
817 2999 923 3079 oppido
937 2999 1043 3059 Italic.
1071 2998 1121 3058 Ad
1135 3001 1214 3060 hune
1230 2999 1359 3061 Paulum

307 3099 550 3158 concordiensem
566 3098 702 3178 Epistola
717 3097 892 3178 Hieronymi
907 3098 968 3156 xxi.
983 3099 1037 3156 &c
1060 3098 1161 3158 Faus.

348 3196 474 3255 eVetus
495 3216 601 3275 nempe
622 3196 699 3255 inter
724 3195 891 3273 Aquileiam
913 3207 943 3256 et
957 3194 1106 3268 Altinum,
1126 3215 1195 3262 non.
1213 3207 1248 3258 ut
1269 3198 1359 3278 vulgo

307 3293 500 3361 existimatur,
513 3293 691 3354 Mirandulae
702 3295 829 3354 vicinum
845 3293 996 3373 oppidum.
1019 3293 1049 3352 V
1050 3294 1089 3353 id.
1101 3294 1198 3374 Epist.
1212 3295 1244 3353 in
1259 3308 1359 3356 nostra

307 3391 474 3449 recensione
488 3390 528 3451 X.
543 3390 763 3460 Vannunsrue,
779 3391 839 3470 Op.
855 3391 886 3449 S.
902 3391 1077 3470 Hieronymi
1092 3392 1187 3451 editor
1202 3413 1344 3472 nuperus.

348 3485 485 3546 flllirum
508 3509 545 3548 ne
568 3489 657 3549 semel
682 3489 800 3567 quidem
822 3489 1038 3550 Tertullianum
1059 3491 1142 3550 citari
1164 3491 1195 3549 in
1216 3492 1358 3572 Cypriani

307 3585 501 3665 scriptisque
522 3597 635 3659 extant,
650 3588 720 3647 licet
734 3587 935 3666 Hieronymus
949 3586 1085 3666 Epistola
1097 3588 1149 3664 65.
1164 3588 1251 3647 etiam
1266 3601 1358 3649 teste.

307 3695 356 3744 tur
377 3683 517 3764 Cypriani
538 3686 654 3766 scriptis
675 3687 800 3766 probari,
822 3685 900 3763 quod
922 3685 1106 3744 Tertulliano
1126 3685 1267 3764 magistro
1287 3708 1360 3748 usus

306 3781 408 3844 luerit.
452 3784 510 3844 l‘ro
525 3784 564 3844 da
579 3784 759 3863 magistrum,
774 3783 866 3844 codex
887 3783 1003 3842 Gembl.
1016 3794 1132 3845 tantum
1146 3784 1235 3844 habet
1249 3787 1357 3866 magis·

306 3889 392 3949 imm,
418 3881 497 3960 quod
522 3881 651 3941 Suffrido
678 3881 759 3940 Petri
784 3880 901 3940 videtur
926 3883 1144 3957 ἐμφωικώτιρον,
1166 3902 1222 3961 ego
1246 3882 1357 3944 librarii

307 3979 458 4036 oscitantis
486 3979 641 4038 omissione
665 3978 797 4037 voculam
826 3979 865 4036 da
893 3980 992 4038 abesse
1017 4001 1076 4038 non
1103 3979 1218 4039 dubito.
1256 3983 1357 4042 Fron.

307 4073 444 4134 Fortasse
465 4076 548 4153 cujus
569 4073 767 4135 delectabatur
788 4075 916 4155 ingenio,
931 4077 1057 4136 nominis
1077 4075 1223 4137 declinare
1241 4080 1358 4140 studuit

308 4171 455 4230 invidiam.
478 4173 642 4232 Vannius.

349 4269 460 4328 ⁸Circa
474 4291 581 4329 annum
597 4271 708 4330 Christi
726 4287 792 4346 205.
807 4283 894 4330 natus
911 4291 1003 4331 asinos
1023 4272 1090 4351 plus
1103 4273 1202 4334 minus
1216 4275 1257 4334 xl.
1301 4277 1357 4336 Per
