<?xml version="1.0" encoding="UTF-8"?>
<!DOCTYPE html PUBLIC "-//W3C//DTD XHTML 1.0 Transitional//EN"
    "http://www.w3.org/TR/xhtml1/DTD/xhtml1-transitional.dtd">
<html xmlns="http://www.w3.org/1999/xhtml" xml:lang="en" lang="en">
 <head>
  <title>
</title>
<meta http-equiv="Content-Type" content="text/html;charset=utf-8" />
  <meta name='ocr-system' content='tesseract 3.04.00' />
  <meta name='ocr-capabilities' content='ocr_page ocr_carea ocr_par ocr_line ocrx_word'/>
</head>
<body>
  <div class='ocr_page' id='page_1' title='image "./scriptorumeccle03routgoog_0109.png"; bbox 0 0 2867 4817; ppageno 0'>
   <div class='ocr_carea' id='block_1_1' title="bbox 184 335 1132 414">
    <p class='ocr_par' dir='ltr' id='par_1_1' title="bbox 184 335 1132 414">
     <span class='ocr_line' id='line_1_1' title="bbox 184 335 1132 414; baseline 0.007 -14"><span class='ocrx_word' id='word_1_1' title='bbox 184 335 231 401; x_wconf 88' lang='lat' dir='ltr'><strong>IN</strong></span> <span class='ocrx_word' id='word_1_2' title='bbox 252 338 284 401; x_wconf 92' lang='lat' dir='ltr'><strong>S.</strong></span> <span class='ocrx_word' id='word_1_3' title='bbox 307 336 580 407; x_wconf 86' lang='lat' dir='ltr'>HIPPOLYTI</span> <span class='ocrx_word' id='word_1_4' title='bbox 603 340 800 407; x_wconf 82' lang='lat' dir='ltr'><strong>CONTRA</strong></span> <span class='ocrx_word' id='word_1_5' title='bbox 823 342 1042 408; x_wconf 84' lang='lat' dir='ltr'><strong>NOETUM.</strong></span> <span class='ocrx_word' id='word_1_6' title='bbox 1090 344 1132 414; x_wconf 83' lang='lat'><strong>91</strong></span> 
     </span>
    </p>
   </div>
   <div class='ocr_carea' id='block_1_2' title="bbox 92 506 1133 3963">
    <p class='ocr_par' dir='ltr' id='par_1_2' title="bbox 105 506 1132 923">
     <span class='ocr_line' id='line_1_2' title="bbox 144 506 1132 599; baseline 0.01 -26"><span class='ocrx_word' id='word_1_7' title='bbox 144 506 177 573; x_wconf 89' lang='grc' dir='ltr'><strong>Ρ.</strong></span> <span class='ocrx_word' id='word_1_8' title='bbox 192 524 240 592; x_wconf 84' lang='lat'><strong>72.</strong></span> <span class='ocrx_word' id='word_1_9' title='bbox 252 510 274 575; x_wconf 86' lang='grc' dir='ltr'><strong>Ι.</strong></span> <span class='ocrx_word' id='word_1_10' title='bbox 290 530 341 577; x_wconf 86' lang='lat'><strong>12.</strong></span> <span class='ocrx_word' id='word_1_11' title='bbox 361 513 518 598; x_wconf 74' lang='grc' dir='ltr'>ἁμαρτίας]</span> <span class='ocrx_word' id='word_1_12' title='bbox 545 512 676 578; x_wconf 80' lang='lat' dir='ltr'><strong>Omittit</strong></span> <span class='ocrx_word' id='word_1_13' title='bbox 697 514 795 579; x_wconf 82' lang='lat' dir='ltr'><strong>verba</strong></span> <span class='ocrx_word' id='word_1_14' title='bbox 819 516 873 579; x_wconf 74' lang='grc' dir='ltr'><strong>καλ</strong></span> <span class='ocrx_word' id='word_1_15' title='bbox 890 517 957 599; x_wconf 72' lang='grc' dir='ltr'>περὶ</span> <span class='ocrx_word' id='word_1_16' title='bbox 980 518 1132 599; x_wconf 80' lang='grc' dir='ltr'>ἀμορτίος,</span> 
     </span>
     <span class='ocr_line' id='line_1_3' title="bbox 108 596 1131 681; baseline 0.009 -23"><span class='ocrx_word' id='word_1_17' title='bbox 108 614 167 678; x_wconf 76' lang='lat' dir='ltr'><strong>que</strong></span> <span class='ocrx_word' id='word_1_18' title='bbox 178 603 210 661; x_wconf 86' lang='lat' dir='ltr'><strong>et</strong></span> <span class='ocrx_word' id='word_1_19' title='bbox 222 596 254 659; x_wconf 93' lang='lat' dir='ltr'><strong>in</strong></span> <span class='ocrx_word' id='word_1_20' title='bbox 267 619 332 661; x_wconf 91' lang='lat' dir='ltr'><strong>uno</strong></span> <span class='ocrx_word' id='word_1_21' title='bbox 343 598 460 663; x_wconf 82' lang='lat' dir='ltr'><strong>Oovehi</strong></span> <span class='ocrx_word' id='word_1_22' title='bbox 473 600 582 663; x_wconf 84' lang='lat' dir='ltr'><strong>codice</strong></span> <span class='ocrx_word' id='word_1_23' title='bbox 595 600 722 677; x_wconf 88' lang='lat' dir='ltr'><strong>absunt,</strong></span> <span class='ocrx_word' id='word_1_24' title='bbox 739 602 795 665; x_wconf 92' lang='lat' dir='ltr'><strong>sed</strong></span> <span class='ocrx_word' id='word_1_25' title='bbox 816 602 859 665; x_wconf 89' lang='lat' dir='ltr'><strong>ab</strong></span> <span class='ocrx_word' id='word_1_26' title='bbox 875 602 946 666; x_wconf 86' lang='lat' dir='ltr'><strong>eliis</strong></span> <span class='ocrx_word' id='word_1_27' title='bbox 961 602 1131 681; x_wconf 81' lang='lat' dir='ltr'><strong>codicibus,</strong></span> 
     </span>
     <span class='ocr_line' id='line_1_4' title="bbox 106 682 1131 773; baseline 0.009 -29"><span class='ocrx_word' id='word_1_28' title='bbox 106 682 352 765; x_wconf 74' lang='lat' dir='ltr'><strong>quenadmodum</strong></span> <span class='ocrx_word' id='word_1_29' title='bbox 375 692 411 749; x_wconf 89' lang='lat' dir='ltr'><strong>et</strong></span> <span class='ocrx_word' id='word_1_30' title='bbox 432 686 628 751; x_wconf 74' lang='lat' dir='ltr'>versionibus</span> <span class='ocrx_word' id='word_1_31' title='bbox 652 687 793 771; x_wconf 73' lang='lat' dir='ltr'><strong>antiquis</strong></span> <span class='ocrx_word' id='word_1_32' title='bbox 818 688 970 773; x_wconf 77' lang='lat' dir='ltr'><strong>Epistola</strong></span> <span class='ocrx_word' id='word_1_33' title='bbox 999 690 1043 753; x_wconf 86' lang='lat' dir='ltr'><strong>ad</strong></span> <span class='ocrx_word' id='word_1_34' title='bbox 1069 689 1131 753; x_wconf 68' lang='lat' dir='ltr'><strong>aa</strong></span> 
     </span>
     <span class='ocr_line' id='line_1_5' title="bbox 105 772 1131 923; baseline 0.007 -90"><span class='ocrx_word' id='word_1_35' title='bbox 105 788 201 912; x_wconf 54' lang='grc' dir='ltr'>ἲοεοοο</span> <span class='ocrx_word' id='word_1_36' title='bbox 218 778 445 921; x_wconf 57' lang='grc' dir='ltr'><strong>οςοοοοιοιιᾶοζ.</strong></span> <span class='ocrx_word' id='word_1_37' title='bbox 462 772 568 923; x_wconf 41' lang='lat' dir='ltr'><strong>&amp;aa</strong></span> <span class='ocrx_word' id='word_1_38' title='bbox 612 773 749 837; x_wconf 79' lang='lat' dir='ltr'><strong>Addidit</strong></span> <span class='ocrx_word' id='word_1_39' title='bbox 772 772 887 839; x_wconf 85' lang='lat' dir='ltr'><strong>Oovelli</strong></span> <span class='ocrx_word' id='word_1_40' title='bbox 909 774 1009 839; x_wconf 87' lang='lat' dir='ltr'><strong>codici</strong></span> <span class='ocrx_word' id='word_1_41' title='bbox 1034 776 1131 840; x_wconf 87' lang='lat' dir='ltr'><strong>alium</strong></span> 
     </span>
     <span class='ocr_line' id='line_1_6' title="bbox 123 875 603 921; baseline 0.006 -2"><span class='ocrx_word' id='word_1_42' title='bbox 123 875 300 919; x_wconf 71' lang='lat' dir='ltr'><strong>&#39;rennemem</strong></span> <span class='ocrx_word' id='word_1_43' title='bbox 314 879 353 920; x_wconf 92' lang='lat' dir='ltr'><strong>c.</strong></span> <span class='ocrx_word' id='word_1_44' title='bbox 399 879 463 921; x_wconf 86' lang='lat' dir='ltr'><strong>nes</strong></span> <span class='ocrx_word' id='word_1_45' title='bbox 556 881 603 921; x_wconf 82' lang='lat' dir='ltr'><strong>us</strong></span> 
     </span>
    </p>

    <p class='ocr_par' dir='ltr' id='par_1_3' title="bbox 101 938 1132 1373">
     <span class='ocr_line' id='line_1_7' title="bbox 140 938 1130 1030; baseline 0.008 -27"><span class='ocrx_word' id='word_1_46' title='bbox 140 938 213 1004; x_wconf 86' lang='lat' dir='ltr'><strong>Ibid</strong></span> <span class='ocrx_word' id='word_1_47' title='bbox 227 941 247 1004; x_wconf 91' lang='grc' dir='ltr'><strong>Ι.</strong></span> <span class='ocrx_word' id='word_1_48' title='bbox 263 942 314 1006; x_wconf 89' lang='lat'><strong>18.</strong></span> <span class='ocrx_word' id='word_1_49' title='bbox 336 944 386 1006; x_wconf 78' lang='grc' dir='ltr'><strong>καὶ</strong></span> <span class='ocrx_word' id='word_1_50' title='bbox 406 944 441 1007; x_wconf 84' lang='grc' dir='ltr'><strong>τὸ</strong></span> <span class='ocrx_word' id='word_1_51' title='bbox 463 945 565 1008; x_wconf 81' lang='grc' dir='ltr'>κοινὸν</span> <span class='ocrx_word' id='word_1_52' title='bbox 588 946 683 1023; x_wconf 80' lang='grc' dir='ltr'>ὄνομα</span> <span class='ocrx_word' id='word_1_53' title='bbox 707 950 759 1024; x_wconf 76' lang='grc' dir='ltr'><strong>τῆς</strong></span> <span class='ocrx_word' id='word_1_54' title='bbox 783 948 825 1013; x_wconf 71' lang='grc' dir='ltr'><strong>εἰς</strong></span> <span class='ocrx_word' id='word_1_55' title='bbox 848 947 1019 1027; x_wconf 74' lang='grc' dir='ltr'>ἀνθρώπους</span> <span class='ocrx_word' id='word_1_56' title='bbox 1043 954 1130 1030; x_wconf 76' lang='grc' dir='ltr'>φιλο·</span> 
     </span>
     <span class='ocr_line' id='line_1_8' title="bbox 103 1028 1131 1115; baseline 0.008 -24"><span class='ocrx_word' id='word_1_57' title='bbox 103 1028 228 1107; x_wconf 73' lang='lat' dir='ltr'><strong>mpys&#39;os</strong></span> <span class='ocrx_word' id='word_1_58' title='bbox 247 1029 472 1113; x_wconf 72' lang='grc' dir='ltr'>ἀνολψβάνει]</span> <span class='ocrx_word' id='word_1_59' title='bbox 490 1030 596 1115; x_wconf 86' lang='lat' dir='ltr'><strong>Supra</strong></span> <span class='ocrx_word' id='word_1_60' title='bbox 616 1031 742 1096; x_wconf 78' lang='lat' dir='ltr'><strong>dixerat</strong></span> <span class='ocrx_word' id='word_1_61' title='bbox 759 1032 799 1096; x_wconf 83' lang='lat' dir='ltr'><strong>da</strong></span> <span class='ocrx_word' id='word_1_62' title='bbox 822 1032 959 1111; x_wconf 78' lang='lat' dir='ltr'><strong>ChristO,</strong></span> <span class='ocrx_word' id='word_1_63' title='bbox 975 1034 1009 1097; x_wconf 78' lang='grc' dir='ltr'><strong>’τὸ</strong></span> <span class='ocrx_word' id='word_1_64' title='bbox 1033 1034 1131 1099; x_wconf 86' lang='grc' dir='ltr'>κοινὸν</span> 
     </span>
     <span class='ocr_line' id='line_1_9' title="bbox 102 1112 1128 1199; baseline 0.012 -26"><span class='ocrx_word' id='word_1_65' title='bbox 102 1112 185 1192; x_wconf 79' lang='grc' dir='ltr'>ὄνομα</span> <span class='ocrx_word' id='word_1_66' title='bbox 203 1116 250 1177; x_wconf 76' lang='grc' dir='ltr'><strong>καὶ</strong></span> <span class='ocrx_word' id='word_1_67' title='bbox 269 1119 353 1196; x_wconf 73' lang='grc' dir='ltr'>παρὰ</span> <span class='ocrx_word' id='word_1_68' title='bbox 374 1117 540 1197; x_wconf 70' lang='grc' dir='ltr'>ἀνθρώποις</span> <span class='ocrx_word' id='word_1_69' title='bbox 560 1118 695 1199; x_wconf 82' lang='grc' dir='ltr'>χορητὸν</span> <span class='ocrx_word' id='word_1_70' title='bbox 714 1118 929 1199; x_wconf 77' lang='grc' dir='ltr'>ἀνελάμβανεν</span> <span class='ocrx_word' id='word_1_71' title='bbox 952 1122 995 1186; x_wconf 76' lang='grc' dir='ltr'><strong>εἰς</strong></span> <span class='ocrx_word' id='word_1_72' title='bbox 1013 1122 1128 1185; x_wconf 84' lang='grc' dir='ltr'><strong>ἑαυτόν.</strong></span> 
     </span>
     <span class='ocr_line' id='line_1_10' title="bbox 101 1201 1132 1287; baseline 0.011 -24"><span class='ocrx_word' id='word_1_73' title='bbox 101 1218 160 1283; x_wconf 71' lang='lat' dir='ltr'><strong>cop</strong></span> <span class='ocrx_word' id='word_1_74' title='bbox 180 1220 210 1279; x_wconf 89' lang='lat'>4</span> <span class='ocrx_word' id='word_1_75' title='bbox 252 1201 319 1265; x_wconf 86' lang='lat' dir='ltr'><strong>Sed</strong></span> <span class='ocrx_word' id='word_1_76' title='bbox 344 1202 545 1266; x_wconf 71' lang='lat' dir='ltr'><strong>scribendum</strong></span> <span class='ocrx_word' id='word_1_77' title='bbox 568 1203 722 1268; x_wconf 88' lang='lat' dir='ltr'><strong>hocloco</strong></span> <span class='ocrx_word' id='word_1_78' title='bbox 747 1211 806 1283; x_wconf 89' lang='lat' dir='ltr'><strong>est,</strong></span> <span class='ocrx_word' id='word_1_79' title='bbox 831 1207 866 1285; x_wconf 77' lang='grc' dir='ltr'><strong>τῇ</strong></span> <span class='ocrx_word' id='word_1_80' title='bbox 893 1208 934 1273; x_wconf 77' lang='grc' dir='ltr'><strong>εἰς</strong></span> <span class='ocrx_word' id='word_1_81' title='bbox 960 1207 1132 1287; x_wconf 75' lang='grc' dir='ltr'>ἀνθρώπους</span> 
     </span>
     <span class='ocr_line' id='line_1_11' title="bbox 101 1290 326 1373; baseline 0.036 -9"><span class='ocrx_word' id='word_1_82' title='bbox 101 1290 282 1373; x_wconf 62' lang='lat' dir='ltr'><strong>tamaris</strong></span> <span class='ocrx_word' id='word_1_83' title='bbox 296 1290 326 1351; x_wconf 71' lang='lat'><strong>‘&#39;1-</strong></span> 
     </span>
    </p>

    <p class='ocr_par' dir='ltr' id='par_1_4' title="bbox 92 1370 1133 3963">
     <span class='ocr_line' id='line_1_12' title="bbox 136 1370 1130 1463; baseline 0.009 -30"><span class='ocrx_word' id='word_1_84' title='bbox 136 1370 172 1435; x_wconf 92' lang='lat' dir='ltr'><strong>P.</strong></span> <span class='ocrx_word' id='word_1_85' title='bbox 185 1387 235 1457; x_wconf 82' lang='lat'><strong>73.</strong></span> <span class='ocrx_word' id='word_1_86' title='bbox 250 1373 271 1437; x_wconf 94' lang='grc' dir='ltr'><strong>Ι.</strong></span> <span class='ocrx_word' id='word_1_87' title='bbox 291 1394 319 1436; x_wconf 89' lang='lat'><strong>1.</strong></span> <span class='ocrx_word' id='word_1_88' title='bbox 336 1374 578 1444; x_wconf 71' lang='grc' dir='ltr'>Οὔτε-τέλειος</span> <span class='ocrx_word' id='word_1_89' title='bbox 590 1375 628 1455; x_wconf 76' lang='grc' dir='ltr'><strong>ἦν</strong></span> <span class='ocrx_word' id='word_1_90' title='bbox 641 1376 729 1463; x_wconf 74' lang='grc' dir='ltr'><strong>Υἱὸς]</strong></span> <span class='ocrx_word' id='word_1_91' title='bbox 743 1376 829 1441; x_wconf 80' lang='lat' dir='ltr'><strong>Nihil</strong></span> <span class='ocrx_word' id='word_1_92' title='bbox 844 1378 956 1443; x_wconf 85' lang='lat' dir='ltr'><strong>deerat</strong></span> <span class='ocrx_word' id='word_1_93' title='bbox 971 1377 1054 1441; x_wconf 88' lang='lat' dir='ltr'><strong>Filio</strong></span> <span class='ocrx_word' id='word_1_94' title='bbox 1070 1378 1130 1442; x_wconf 88' lang='lat' dir='ltr'><strong>Dei</strong></span> 
     </span>
     <span class='ocr_line' id='line_1_13' title="bbox 98 1457 1132 1560; baseline 0.006 -39"><span class='ocrx_word' id='word_1_95' title='bbox 98 1457 136 1521; x_wconf 81' lang='lat' dir='ltr'><strong>sd</strong></span> <span class='ocrx_word' id='word_1_96' title='bbox 152 1460 373 1542; x_wconf 75' lang='lat' dir='ltr'><strong>perfectionem</strong></span> <span class='ocrx_word' id='word_1_97' title='bbox 393 1462 609 1560; x_wconf 76' lang='lat' dir='ltr'><strong>generationis</strong></span> <span class='ocrx_word' id='word_1_98' title='bbox 629 1470 758 1527; x_wconf 81' lang='lat' dir='ltr'><strong>aeternae</strong></span> <span class='ocrx_word' id='word_1_99' title='bbox 779 1486 820 1527; x_wconf 84' lang='lat' dir='ltr'><strong>ex</strong></span> <span class='ocrx_word' id='word_1_100' title='bbox 835 1464 943 1541; x_wconf 85' lang='lat' dir='ltr'><strong>Patre,</strong></span> <span class='ocrx_word' id='word_1_101' title='bbox 959 1471 1132 1549; x_wconf 80' lang='lat' dir='ltr'><strong>antequam</strong></span> 
     </span>
     <span class='ocr_line' id='line_1_14' title="bbox 99 1542 1132 1643; baseline 0.006 -34"><span class='ocrx_word' id='word_1_102' title='bbox 99 1542 179 1643; x_wconf 69' lang='lat' dir='ltr'><strong>fieret</strong></span> <span class='ocrx_word' id='word_1_103' title='bbox 196 1545 295 1611; x_wconf 87' lang='lat' dir='ltr'><strong>Filius</strong></span> <span class='ocrx_word' id='word_1_104' title='bbox 319 1547 478 1611; x_wconf 78' lang='lat' dir='ltr'><strong>hominis:</strong></span> <span class='ocrx_word' id='word_1_105' title='bbox 502 1548 560 1613; x_wconf 90' lang='lat' dir='ltr'><strong>sed</strong></span> <span class='ocrx_word' id='word_1_106' title='bbox 581 1549 623 1613; x_wconf 88' lang='lat' dir='ltr'><strong>ad</strong></span> <span class='ocrx_word' id='word_1_107' title='bbox 647 1550 824 1634; x_wconf 83' lang='lat' dir='ltr'><strong>perfeetum</strong></span> <span class='ocrx_word' id='word_1_108' title='bbox 846 1550 1031 1635; x_wconf 77' lang='lat' dir='ltr'><strong>mysterium</strong></span> <span class='ocrx_word' id='word_1_109' title='bbox 1050 1572 1132 1615; x_wconf 73' lang='grc' dir='ltr'>ωοο-</span> 
     </span>
     <span class='ocr_line' id='line_1_15' title="bbox 99 1632 1132 1715; baseline 0.006 -20"><span class='ocrx_word' id='word_1_110' title='bbox 99 1650 198 1695; x_wconf 69' lang='lat' dir='ltr'><strong>nomm</strong></span> <span class='ocrx_word' id='word_1_111' title='bbox 211 1632 324 1698; x_wconf 82' lang='lat' dir='ltr'><strong>deerat</strong></span> <span class='ocrx_word' id='word_1_112' title='bbox 338 1634 472 1698; x_wconf 89' lang='lat' dir='ltr'><strong>Christo</strong></span> <span class='ocrx_word' id='word_1_113' title='bbox 487 1634 571 1699; x_wconf 85' lang='lat' dir='ltr'><strong>Filio</strong></span> <span class='ocrx_word' id='word_1_114' title='bbox 584 1634 655 1712; x_wconf 88' lang='lat' dir='ltr'><strong>Dei,</strong></span> <span class='ocrx_word' id='word_1_115' title='bbox 670 1642 708 1700; x_wconf 88' lang='lat' dir='ltr'><strong>ut</strong></span> <span class='ocrx_word' id='word_1_116' title='bbox 723 1636 814 1700; x_wconf 88' lang='lat' dir='ltr'><strong>fieret</strong></span> <span class='ocrx_word' id='word_1_117' title='bbox 826 1636 927 1700; x_wconf 87' lang='lat' dir='ltr'><strong>Filius</strong></span> <span class='ocrx_word' id='word_1_118' title='bbox 941 1636 1086 1715; x_wconf 90' lang='lat' dir='ltr'><strong>hominis,</strong></span> <span class='ocrx_word' id='word_1_119' title='bbox 1098 1643 1132 1701; x_wconf 91' lang='lat' dir='ltr'><strong>et</strong></span> 
     </span>
     <span class='ocr_line' id='line_1_16' title="bbox 99 1716 1132 1824; baseline 0.006 -43"><span class='ocrx_word' id='word_1_120' title='bbox 99 1716 138 1780; x_wconf 89' lang='lat' dir='ltr'><strong>sic</strong></span> <span class='ocrx_word' id='word_1_121' title='bbox 149 1724 227 1783; x_wconf 89' lang='lat' dir='ltr'><strong>essct</strong></span> <span class='ocrx_word' id='word_1_122' title='bbox 240 1719 402 1820; x_wconf 75' lang='lat' dir='ltr'><strong>perfectus</strong></span> <span class='ocrx_word' id='word_1_123' title='bbox 416 1719 573 1785; x_wconf 76' lang='lat' dir='ltr'><strong>Christus.</strong></span> <span class='ocrx_word' id='word_1_124' title='bbox 618 1722 699 1822; x_wconf 82' lang='lat' dir='ltr'><strong>Oum</strong></span> <span class='ocrx_word' id='word_1_125' title='bbox 721 1744 815 1787; x_wconf 88' lang='lat' dir='ltr'><strong>carue</strong></span> <span class='ocrx_word' id='word_1_126' title='bbox 835 1722 944 1807; x_wconf 87' lang='lat' dir='ltr'><strong>itaque</strong></span> <span class='ocrx_word' id='word_1_127' title='bbox 963 1724 1068 1822; x_wconf 66' lang='lat' dir='ltr'><strong>tactus</strong></span> <span class='ocrx_word' id='word_1_128' title='bbox 1082 1729 1132 1824; x_wconf 74' lang='lat' dir='ltr'><strong>est</strong></span> 
     </span>
     <span class='ocr_line' id='line_1_17' title="bbox 109 1806 1133 1991; baseline 0.004 -35"><span class='ocrx_word' id='word_1_129' title='bbox 109 1888 116 1900; x_wconf 90' lang='lat'><em>-</em></span> <span class='ocrx_word' id='word_1_130' title='bbox 156 1806 1133 1991; x_wconf 52' lang='lat' dir='ltr'><strong>aeaco{sternutamentum</strong></span> 
     </span>
     <span class='ocr_line' id='line_1_18' title="bbox 98 1978 1131 2067; baseline 0.006 -27"><span class='ocrx_word' id='word_1_131' title='bbox 98 1986 129 2040; x_wconf 85' lang='lat' dir='ltr'><strong>ut</strong></span> <span class='ocrx_word' id='word_1_132' title='bbox 139 1979 255 2063; x_wconf 83' lang='lat' dir='ltr'><strong>anhqui</strong></span> <span class='ocrx_word' id='word_1_133' title='bbox 269 1978 423 2065; x_wconf 79' lang='lat' dir='ltr'><strong>theologi,</strong></span> <span class='ocrx_word' id='word_1_134' title='bbox 438 1988 473 2045; x_wconf 92' lang='lat' dir='ltr'><strong>et</strong></span> <span class='ocrx_word' id='word_1_135' title='bbox 486 1979 690 2045; x_wconf 86' lang='lat' dir='ltr'><strong>ecclesiastici</strong></span> <span class='ocrx_word' id='word_1_136' title='bbox 705 1981 821 2045; x_wconf 88' lang='lat' dir='ltr'><strong>Patres</strong></span> <span class='ocrx_word' id='word_1_137' title='bbox 835 1983 977 2059; x_wconf 88' lang='lat' dir='ltr'><strong>tradunt,</strong></span> <span class='ocrx_word' id='word_1_138' title='bbox 990 1988 1040 2046; x_wconf 87' lang='lat' dir='ltr'><strong>est</strong></span> <span class='ocrx_word' id='word_1_139' title='bbox 1055 1982 1131 2067; x_wconf 89' lang='lat' dir='ltr'><strong>qnid</strong></span> 
     </span>
     <span class='ocr_line' id='line_1_19' title="bbox 97 2064 1132 2148; baseline 0.006 -22"><span class='ocrx_word' id='word_1_140' title='bbox 97 2064 273 2148; x_wconf 81' lang='lat' dir='ltr'><strong>completum</strong></span> <span class='ocrx_word' id='word_1_141' title='bbox 297 2088 340 2129; x_wconf 84' lang='lat' dir='ltr'><strong>ex</strong></span> <span class='ocrx_word' id='word_1_142' title='bbox 366 2066 490 2130; x_wconf 89' lang='lat' dir='ltr'><strong>duabus</strong></span> <span class='ocrx_word' id='word_1_143' title='bbox 512 2066 645 2143; x_wconf 88' lang='lat' dir='ltr'><strong>naturis,</strong></span> <span class='ocrx_word' id='word_1_144' title='bbox 669 2067 777 2131; x_wconf 87' lang='lat' dir='ltr'><strong>divina</strong></span> <span class='ocrx_word' id='word_1_145' title='bbox 800 2067 918 2132; x_wconf 87' lang='lat' dir='ltr'><strong>scilicet</strong></span> <span class='ocrx_word' id='word_1_146' title='bbox 936 2075 971 2132; x_wconf 89' lang='lat' dir='ltr'><strong>et</strong></span> <span class='ocrx_word' id='word_1_147' title='bbox 992 2067 1132 2132; x_wconf 89' lang='lat' dir='ltr'><strong>humana</strong></span> 
     </span>
     <span class='ocr_line' id='line_1_20' title="bbox 97 2150 1130 2238; baseline 0.007 -26"><span class='ocrx_word' id='word_1_148' title='bbox 97 2150 175 2214; x_wconf 80' lang='lat' dir='ltr'><strong>unita</strong></span> <span class='ocrx_word' id='word_1_149' title='bbox 188 2150 307 2217; x_wconf 89' lang='lat' dir='ltr'><strong>Verbo.</strong></span> <span class='ocrx_word' id='word_1_150' title='bbox 353 2152 400 2216; x_wconf 87' lang='lat' dir='ltr'><strong>Et</strong></span> <span class='ocrx_word' id='word_1_151' title='bbox 421 2152 536 2217; x_wconf 89' lang='lat' dir='ltr'><strong>beatus</strong></span> <span class='ocrx_word' id='word_1_152' title='bbox 557 2152 692 2238; x_wconf 70' lang='lat' dir='ltr'><strong>(tyrillus</strong></span> <span class='ocrx_word' id='word_1_153' title='bbox 714 2153 796 2218; x_wconf 91' lang='lat' dir='ltr'><strong>libro</strong></span> <span class='ocrx_word' id='word_1_154' title='bbox 818 2152 863 2219; x_wconf 90' lang='grc' dir='ltr'><strong>ΙΙ.</strong></span> <span class='ocrx_word' id='word_1_155' title='bbox 884 2160 997 2218; x_wconf 89' lang='lat' dir='ltr'><strong>contra</strong></span> <span class='ocrx_word' id='word_1_156' title='bbox 1017 2154 1130 2219; x_wconf 74' lang='lat' dir='ltr'><strong>Nesto</strong></span> 
     </span>
     <span class='ocr_line' id='line_1_21' title="bbox 98 2235 1130 2324; baseline 0.008 -28"><span class='ocrx_word' id='word_1_157' title='bbox 98 2235 183 2300; x_wconf 85' lang='lat' dir='ltr'><strong>rium:</strong></span> <span class='ocrx_word' id='word_1_158' title='bbox 199 2245 219 2273; x_wconf 89' lang='lat'>“</span> <span class='ocrx_word' id='word_1_159' title='bbox 228 2238 383 2324; x_wconf 80' lang='lat' dir='ltr'><strong>Corpus,”</strong></span> <span class='ocrx_word' id='word_1_160' title='bbox 396 2238 511 2323; x_wconf 91' lang='lat' dir='ltr'><strong>inquit,</strong></span> <span class='ocrx_word' id='word_1_161' title='bbox 528 2246 597 2303; x_wconf 84' lang='lat' dir='ltr'><strong>“ex</strong></span> <span class='ocrx_word' id='word_1_162' title='bbox 611 2238 743 2303; x_wconf 88' lang='lat' dir='ltr'><strong>muliere</strong></span> <span class='ocrx_word' id='word_1_163' title='bbox 758 2247 870 2304; x_wconf 90' lang='lat' dir='ltr'><strong>natum</strong></span> <span class='ocrx_word' id='word_1_164' title='bbox 884 2240 1007 2305; x_wconf 90' lang='lat' dir='ltr'><strong>unitum</strong></span> <span class='ocrx_word' id='word_1_165' title='bbox 1020 2240 1130 2304; x_wconf 87' lang='lat' dir='ltr'><strong>Verbo</strong></span> 
     </span>
     <span class='ocr_line' id='line_1_22' title="bbox 98 2324 1130 2410; baseline 0.004 -22"><span class='ocrx_word' id='word_1_166' title='bbox 98 2325 290 2389; x_wconf 79' lang='lat' dir='ltr'><strong>“semndum</strong></span> <span class='ocrx_word' id='word_1_167' title='bbox 318 2325 528 2410; x_wconf 72' lang='lat' dir='ltr'><strong>hypostasim,</strong></span> <span class='ocrx_word' id='word_1_168' title='bbox 559 2324 722 2390; x_wconf 78' lang='lat' dir='ltr'><strong>Christum</strong></span> <span class='ocrx_word' id='word_1_169' title='bbox 750 2347 848 2389; x_wconf 90' lang='lat' dir='ltr'><strong>unum</strong></span> <span class='ocrx_word' id='word_1_170' title='bbox 880 2333 913 2391; x_wconf 91' lang='lat' dir='ltr'><strong>et</strong></span> <span class='ocrx_word' id='word_1_171' title='bbox 943 2324 1060 2390; x_wconf 88' lang='lat' dir='ltr'><strong>Filium</strong></span> <span class='ocrx_word' id='word_1_172' title='bbox 1096 2334 1130 2392; x_wconf 88' lang='lat' dir='ltr'><strong>et</strong></span> 
     </span>
     <span class='ocr_line' id='line_1_23' title="bbox 97 2408 1130 2497; baseline 0.004 -24"><span class='ocrx_word' id='word_1_173' title='bbox 97 2408 290 2473; x_wconf 86' lang='lat' dir='ltr'><strong>“Dominum</strong></span> <span class='ocrx_word' id='word_1_174' title='bbox 318 2410 462 2496; x_wconf 78' lang='lat' dir='ltr'><strong>perfecit,</strong></span> <span class='ocrx_word' id='word_1_175' title='bbox 492 2411 558 2476; x_wconf 87' lang='lat' dir='ltr'><strong>sive</strong></span> <span class='ocrx_word' id='word_1_176' title='bbox 593 2411 762 2497; x_wconf 88' lang='lat' dir='ltr'><strong>complevit</strong></span> <span class='ocrx_word' id='word_1_177' title='bbox 792 2413 927 2477; x_wconf 90' lang='lat' dir='ltr'><strong>eundem</strong></span> <span class='ocrx_word' id='word_1_178' title='bbox 956 2414 1060 2477; x_wconf 91' lang='lat' dir='ltr'><strong>Deum</strong></span> <span class='ocrx_word' id='word_1_179' title='bbox 1097 2420 1130 2477; x_wconf 91' lang='lat' dir='ltr'><strong>et</strong></span> 
     </span>
     <span class='ocr_line' id='line_1_24' title="bbox 96 2494 1130 2583; baseline 0.002 -22"><span class='ocrx_word' id='word_1_180' title='bbox 96 2494 306 2575; x_wconf 72' lang='lat' dir='ltr'><strong>“hominem&#39;&#39;</strong></span> <span class='ocrx_word' id='word_1_181' title='bbox 321 2498 410 2582; x_wconf 91' lang='lat' dir='ltr'><strong>quod</strong></span> <span class='ocrx_word' id='word_1_182' title='bbox 430 2498 561 2583; x_wconf 84' lang='lat' dir='ltr'><strong>perinde</strong></span> <span class='ocrx_word' id='word_1_183' title='bbox 582 2505 641 2577; x_wconf 87' lang='lat' dir='ltr'><strong>est,</strong></span> <span class='ocrx_word' id='word_1_184' title='bbox 657 2507 695 2563; x_wconf 92' lang='lat' dir='ltr'><strong>ut</strong></span> <span class='ocrx_word' id='word_1_185' title='bbox 716 2497 857 2574; x_wconf 85' lang='lat' dir='ltr'><strong>diceret;</strong></span> <span class='ocrx_word' id='word_1_186' title='bbox 882 2499 998 2563; x_wconf 90' lang='lat' dir='ltr'><strong>Filium</strong></span> <span class='ocrx_word' id='word_1_187' title='bbox 1013 2498 1075 2563; x_wconf 89' lang='lat' dir='ltr'><strong>Dei</strong></span> <span class='ocrx_word' id='word_1_188' title='bbox 1096 2507 1130 2564; x_wconf 93' lang='lat' dir='ltr'><strong>et</strong></span> 
     </span>
     <span class='ocr_line' id='line_1_25' title="bbox 95 2583 1130 2670; baseline 0.004 -25"><span class='ocrx_word' id='word_1_189' title='bbox 95 2583 215 2646; x_wconf 83' lang='lat' dir='ltr'><strong>eundem</strong></span> <span class='ocrx_word' id='word_1_190' title='bbox 230 2583 352 2649; x_wconf 86' lang='lat' dir='ltr'><strong>Filium</strong></span> <span class='ocrx_word' id='word_1_191' title='bbox 373 2584 518 2648; x_wconf 80' lang='lat' dir='ltr'><strong>hominia</strong></span> <span class='ocrx_word' id='word_1_192' title='bbox 563 2584 762 2650; x_wconf 81' lang='lat' dir='ltr'><strong>Conveniunt</strong></span> <span class='ocrx_word' id='word_1_193' title='bbox 776 2606 848 2649; x_wconf 86' lang='lat' dir='ltr'><strong>cum</strong></span> <span class='ocrx_word' id='word_1_194' title='bbox 866 2586 925 2662; x_wconf 89' lang='lat' dir='ltr'><strong>his,</strong></span> <span class='ocrx_word' id='word_1_195' title='bbox 942 2608 1012 2670; x_wconf 85' lang='lat' dir='ltr'><strong>quae</strong></span> <span class='ocrx_word' id='word_1_196' title='bbox 1029 2584 1130 2649; x_wconf 87' lang='lat' dir='ltr'><strong>Leon-</strong></span> 
     </span>
     <span class='ocr_line' id='line_1_26' title="bbox 96 2667 1130 2757; baseline 0.004 -26"><span class='ocrx_word' id='word_1_197' title='bbox 96 2667 151 2732; x_wconf 85' lang='lat' dir='ltr'><strong>tius</strong></span> <span class='ocrx_word' id='word_1_198' title='bbox 156 2668 330 2754; x_wconf 74' lang='lat' dir='ltr'><strong>Byzantius</strong></span> <span class='ocrx_word' id='word_1_199' title='bbox 339 2670 396 2735; x_wconf 87' lang='lat' dir='ltr'><strong>lib.</strong></span> <span class='ocrx_word' id='word_1_200' title='bbox 408 2670 511 2757; x_wconf 89' lang='lat' dir='ltr'><strong>primo</strong></span> <span class='ocrx_word' id='word_1_201' title='bbox 526 2677 638 2735; x_wconf 88' lang='lat' dir='ltr'><strong>contra</strong></span> <span class='ocrx_word' id='word_1_202' title='bbox 647 2670 856 2737; x_wconf 87' lang='lat' dir='ltr'><strong>Nestorianos</strong></span> <span class='ocrx_word' id='word_1_203' title='bbox 870 2679 904 2736; x_wconf 90' lang='lat' dir='ltr'><strong>et</strong></span> <span class='ocrx_word' id='word_1_204' title='bbox 913 2671 1130 2757; x_wconf 76' lang='lat' dir='ltr'><strong>Eutychianos</strong></span> 
     </span>
     <span class='ocr_line' id='line_1_27' title="bbox 94 2755 1129 2843; baseline 0.006 -26"><span class='ocrx_word' id='word_1_205' title='bbox 94 2755 216 2839; x_wconf 86' lang='lat' dir='ltr'><strong>scripsit,</strong></span> <span class='ocrx_word' id='word_1_206' title='bbox 232 2757 394 2842; x_wconf 88' lang='lat' dir='ltr'><strong>duplicem</strong></span> <span class='ocrx_word' id='word_1_207' title='bbox 407 2779 476 2822; x_wconf 88' lang='lat' dir='ltr'><strong>esse</strong></span> <span class='ocrx_word' id='word_1_208' title='bbox 494 2756 720 2843; x_wconf 76' lang='lat' dir='ltr'><strong>perfectionem</strong></span> <span class='ocrx_word' id='word_1_209' title='bbox 740 2758 773 2820; x_wconf 92' lang='lat' dir='ltr'><strong>in</strong></span> <span class='ocrx_word' id='word_1_210' title='bbox 795 2758 1044 2836; x_wconf 80' lang='lat' dir='ltr'><strong>Christo,m1am</strong></span> <span class='ocrx_word' id='word_1_211' title='bbox 1060 2780 1129 2842; x_wconf 83' lang='lat' dir='ltr'><strong>quae</strong></span> 
     </span>
     <span class='ocr_line' id='line_1_28' title="bbox 95 2838 1129 2928; baseline 0.001 -24"><span class='ocrx_word' id='word_1_212' title='bbox 95 2838 265 2927; x_wconf 83' lang='lat' dir='ltr'><strong>simpliciter</strong></span> <span class='ocrx_word' id='word_1_213' title='bbox 294 2843 424 2922; x_wconf 89' lang='lat' dir='ltr'><strong>dicitur,</strong></span> <span class='ocrx_word' id='word_1_214' title='bbox 447 2844 582 2908; x_wconf 81' lang='lat' dir='ltr'><strong>alteram</strong></span> <span class='ocrx_word' id='word_1_215' title='bbox 607 2865 678 2928; x_wconf 82' lang='lat' dir='ltr'><strong>quae</strong></span> <span class='ocrx_word' id='word_1_216' title='bbox 703 2844 737 2907; x_wconf 93' lang='lat' dir='ltr'><strong>in</strong></span> <span class='ocrx_word' id='word_1_217' title='bbox 766 2843 952 2908; x_wconf 84' lang='lat' dir='ltr'><strong>habitudine</strong></span> <span class='ocrx_word' id='word_1_218' title='bbox 980 2844 1129 2921; x_wconf 87' lang='lat' dir='ltr'><strong>cernitur,</strong></span> 
     </span>
     <span class='ocr_line' id='line_1_29' title="bbox 95 2928 1129 3015; baseline 0.002 -23"><span class='ocrx_word' id='word_1_219' title='bbox 95 2928 253 2992; x_wconf 75' lang='lat' dir='ltr'><strong>secundm</strong></span> <span class='ocrx_word' id='word_1_220' title='bbox 265 2952 421 3015; x_wconf 84' lang='lat' dir='ltr'><strong>magnum</strong></span> <span class='ocrx_word' id='word_1_221' title='bbox 436 2930 642 3015; x_wconf 81' lang='lat' dir='ltr'><strong>Gregorium:</strong></span> <span class='ocrx_word' id='word_1_222' title='bbox 660 2929 874 2994; x_wconf 83' lang='lat' dir='ltr'><strong>“Perfectum</strong></span> <span class='ocrx_word' id='word_1_223' title='bbox 890 2929 1003 3007; x_wconf 59' lang='lat' dir='ltr'><strong>enim,V</strong></span> <span class='ocrx_word' id='word_1_224' title='bbox 1018 2929 1129 3013; x_wconf 86' lang='lat' dir='ltr'><strong>iuquit,</strong></span> 
     </span>
     <span class='ocr_line' id='line_1_30' title="bbox 96 3014 1131 3102; baseline 0 -24"><span class='ocrx_word' id='word_1_225' title='bbox 96 3020 170 3078; x_wconf 83' lang='lat' dir='ltr'><strong>“est</strong></span> <span class='ocrx_word' id='word_1_226' title='bbox 182 3014 339 3093; x_wconf 83' lang='lat' dir='ltr'><strong>Verbum,</strong></span> <span class='ocrx_word' id='word_1_227' title='bbox 355 3022 390 3080; x_wconf 91' lang='lat' dir='ltr'><strong>et</strong></span> <span class='ocrx_word' id='word_1_228' title='bbox 411 3015 547 3102; x_wconf 90' lang='lat' dir='ltr'><strong>plenum,</strong></span> <span class='ocrx_word' id='word_1_229' title='bbox 569 3024 604 3080; x_wconf 89' lang='lat' dir='ltr'><strong>et</strong></span> <span class='ocrx_word' id='word_1_230' title='bbox 625 3016 770 3100; x_wconf 83' lang='lat' dir='ltr'><strong>praebens</strong></span> <span class='ocrx_word' id='word_1_231' title='bbox 791 3015 1036 3100; x_wconf 67' lang='lat' dir='ltr'><strong>perfectionem</strong></span> <span class='ocrx_word' id='word_1_232' title='bbox 1062 3036 1131 3099; x_wconf 89' lang='lat' dir='ltr'><strong>per-</strong></span> 
     </span>
     <span class='ocr_line' id='line_1_31' title="bbox 95 3100 1131 3187; baseline 0.003 -24"><span class='ocrx_word' id='word_1_233' title='bbox 95 3108 112 3133; x_wconf 76' lang='grc'><strong>“’</strong></span> <span class='ocrx_word' id='word_1_234' title='bbox 122 3100 201 3167; x_wconf 74' lang='lat' dir='ltr'><strong>fecta</strong></span> <span class='ocrx_word' id='word_1_235' title='bbox 213 3110 327 3167; x_wconf 79' lang='lat' dir='ltr'><strong>autem</strong></span> <span class='ocrx_word' id='word_1_236' title='bbox 341 3109 393 3167; x_wconf 88' lang='lat' dir='ltr'><strong>est</strong></span> <span class='ocrx_word' id='word_1_237' title='bbox 407 3108 441 3167; x_wconf 90' lang='lat' dir='ltr'><strong>et</strong></span> <span class='ocrx_word' id='word_1_238' title='bbox 454 3101 562 3166; x_wconf 86' lang='lat' dir='ltr'><strong>anima</strong></span> <span class='ocrx_word' id='word_1_239' title='bbox 582 3102 718 3167; x_wconf 85' lang='lat' dir='ltr'><strong>hominis</strong></span> <span class='ocrx_word' id='word_1_240' title='bbox 737 3109 893 3187; x_wconf 85' lang='lat' dir='ltr'><strong>quantum</strong></span> <span class='ocrx_word' id='word_1_241' title='bbox 911 3102 951 3166; x_wconf 88' lang='lat' dir='ltr'><strong>ad</strong></span> <span class='ocrx_word' id='word_1_242' title='bbox 976 3102 1131 3166; x_wconf 90' lang='lat' dir='ltr'><strong>definitio-</strong></span> 
     </span>
     <span class='ocr_line' id='line_1_32' title="bbox 95 3187 1131 3273; baseline 0.002 -22"><span class='ocrx_word' id='word_1_243' title='bbox 95 3193 111 3219; x_wconf 85' lang='grc'>“</span> <span class='ocrx_word' id='word_1_244' title='bbox 122 3189 349 3253; x_wconf 79' lang='lat' dir='ltr'><strong>remessentioe</strong></span> <span class='ocrx_word' id='word_1_245' title='bbox 360 3210 444 3253; x_wconf 83' lang='lat' dir='ltr'><strong>suae:</strong></span> <span class='ocrx_word' id='word_1_246' title='bbox 461 3188 518 3252; x_wconf 89' lang='lat' dir='ltr'><strong>sed</strong></span> <span class='ocrx_word' id='word_1_247' title='bbox 528 3194 638 3252; x_wconf 90' lang='lat' dir='ltr'><strong>tamen</strong></span> <span class='ocrx_word' id='word_1_248' title='bbox 647 3210 749 3272; x_wconf 89' lang='lat' dir='ltr'><strong>neque</strong></span> <span class='ocrx_word' id='word_1_249' title='bbox 759 3188 903 3253; x_wconf 90' lang='lat' dir='ltr'><strong>Verbum</strong></span> <span class='ocrx_word' id='word_1_250' title='bbox 914 3195 964 3252; x_wconf 90' lang='lat' dir='ltr'><strong>est</strong></span> <span class='ocrx_word' id='word_1_251' title='bbox 973 3187 1131 3273; x_wconf 78' lang='lat' dir='ltr'><strong>perfectus</strong></span> 
     </span>
     <span class='ocr_line' id='line_1_33' title="bbox 94 3272 1131 3360; baseline 0.002 -22"><span class='ocrx_word' id='word_1_252' title='bbox 94 3279 112 3306; x_wconf 70' lang='lat'><strong>‘³</strong></span> <span class='ocrx_word' id='word_1_253' title='bbox 123 3272 263 3339; x_wconf 75' lang='lat' dir='ltr'><strong>Chnstus</strong></span> <span class='ocrx_word' id='word_1_254' title='bbox 285 3296 354 3339; x_wconf 88' lang='lat' dir='ltr'><strong>non</strong></span> <span class='ocrx_word' id='word_1_255' title='bbox 375 3273 466 3339; x_wconf 85' lang='lat' dir='ltr'><strong>unita</strong></span> <span class='ocrx_word' id='word_1_256' title='bbox 486 3274 695 3353; x_wconf 78' lang='lat' dir='ltr'><strong>humanitate,</strong></span> <span class='ocrx_word' id='word_1_257' title='bbox 711 3274 855 3360; x_wconf 87' lang='lat' dir='ltr'><strong>quamvis</strong></span> <span class='ocrx_word' id='word_1_258' title='bbox 869 3274 1028 3360; x_wconf 85' lang='lat' dir='ltr'><strong>perfectus</strong></span> <span class='ocrx_word' id='word_1_259' title='bbox 1043 3274 1131 3340; x_wconf 86' lang='lat' dir='ltr'><strong>Deus</strong></span> 
     </span>
     <span class='ocr_line' id='line_1_34' title="bbox 94 3360 1130 3446; baseline 0.003 -24"><span class='ocrx_word' id='word_1_260' title='bbox 94 3365 112 3395; x_wconf 76' lang='lat'><strong>‘¹</strong></span> <span class='ocrx_word' id='word_1_261' title='bbox 125 3360 172 3429; x_wconf 84' lang='lat' dir='ltr'><strong>sit,</strong></span> <span class='ocrx_word' id='word_1_262' title='bbox 186 3362 269 3428; x_wconf 74' lang='lat' dir='ltr'><strong>deut</strong></span> <span class='ocrx_word' id='word_1_263' title='bbox 283 3384 345 3425; x_wconf 90' lang='lat' dir='ltr'><strong>nec</strong></span> <span class='ocrx_word' id='word_1_264' title='bbox 359 3362 466 3425; x_wconf 86' lang='lat' dir='ltr'><strong>anima</strong></span> <span class='ocrx_word' id='word_1_265' title='bbox 480 3360 639 3446; x_wconf 78' lang='lat' dir='ltr'><strong>perfectus</strong></span> <span class='ocrx_word' id='word_1_266' title='bbox 652 3362 748 3425; x_wconf 91' lang='lat' dir='ltr'><strong>homo</strong></span> <span class='ocrx_word' id='word_1_267' title='bbox 767 3366 817 3425; x_wconf 91' lang='lat' dir='ltr'><strong>est</strong></span> <span class='ocrx_word' id='word_1_268' title='bbox 831 3361 898 3425; x_wconf 87' lang='lat' dir='ltr'><strong>sine</strong></span> <span class='ocrx_word' id='word_1_269' title='bbox 913 3382 1054 3446; x_wconf 88' lang='lat' dir='ltr'><strong>corpore,</strong></span> <span class='ocrx_word' id='word_1_270' title='bbox 1070 3362 1130 3425; x_wconf 90' lang='lat' dir='ltr'><strong>etsi</strong></span> 
     </span>
     <span class='ocr_line' id='line_1_35' title="bbox 93 3446 1130 3530; baseline -0.004 -17"><span class='ocrx_word' id='word_1_271' title='bbox 93 3453 112 3479; x_wconf 86' lang='lat'>“</span> <span class='ocrx_word' id='word_1_272' title='bbox 123 3448 291 3530; x_wconf 76' lang='lat' dir='ltr'><strong>perfectam</strong></span> <span class='ocrx_word' id='word_1_273' title='bbox 302 3448 517 3512; x_wconf 83' lang='lat' dir='ltr'><strong>substantiam</strong></span> <span class='ocrx_word' id='word_1_274' title='bbox 531 3446 669 3520; x_wconf 60' lang='lat' dir='ltr'><strong>habet?</strong></span> <span class='ocrx_word' id='word_1_275' title='bbox 690 3447 846 3512; x_wconf 85' lang='lat' dir='ltr'><strong>haetenus</strong></span> <span class='ocrx_word' id='word_1_276' title='bbox 858 3446 1020 3511; x_wconf 85' lang='lat' dir='ltr'><strong>Leontius.</strong></span> <span class='ocrx_word' id='word_1_277' title='bbox 1048 3446 1130 3511; x_wconf 81' lang='lat' dir='ltr'><strong>Tus-</strong></span> 
     </span>
     <span class='ocr_line' id='line_1_36' title="bbox 93 3532 1128 3618; baseline 0.004 -25"><span class='ocrx_word' id='word_1_278' title='bbox 93 3553 169 3596; x_wconf 72' lang='lat' dir='ltr'><strong>sms.</strong></span> <span class='ocrx_word' id='word_1_279' title='bbox 210 3534 343 3599; x_wconf 85' lang='lat' dir='ltr'><strong>Scilicet</strong></span> <span class='ocrx_word' id='word_1_280' title='bbox 372 3556 436 3598; x_wconf 92' lang='lat' dir='ltr'><strong>non</strong></span> <span class='ocrx_word' id='word_1_281' title='bbox 465 3534 513 3598; x_wconf 88' lang='lat' dir='ltr'><strong>ita</strong></span> <span class='ocrx_word' id='word_1_282' title='bbox 539 3532 670 3599; x_wconf 84' lang='lat' dir='ltr'><strong>insaniit</strong></span> <span class='ocrx_word' id='word_1_283' title='bbox 699 3532 745 3597; x_wconf 91' lang='lat' dir='ltr'><strong>Hi</strong></span> <span class='ocrx_word' id='word_1_284' title='bbox 790 3533 905 3618; x_wconf 82' lang='lat' dir='ltr'><strong>clytus,</strong></span> <span class='ocrx_word' id='word_1_285' title='bbox 935 3539 972 3597; x_wconf 90' lang='lat' dir='ltr'><strong>ut</strong></span> <span class='ocrx_word' id='word_1_286' title='bbox 1000 3533 1128 3611; x_wconf 80' lang='lat' dir='ltr'><strong>diceret,</strong></span> 
     </span>
     <span class='ocr_line' id='line_1_37' title="bbox 93 3618 1130 3705; baseline 0.001 -23"><span class='ocrx_word' id='word_1_287' title='bbox 93 3620 167 3700; x_wconf 84' lang='lat' dir='ltr'><strong>quod</strong></span> <span class='ocrx_word' id='word_1_288' title='bbox 183 3620 304 3685; x_wconf 83' lang='lat' dir='ltr'><strong>dixisse</strong></span> <span class='ocrx_word' id='word_1_289' title='bbox 325 3620 415 3684; x_wconf 89' lang='lat' dir='ltr'><strong>illum</strong></span> <span class='ocrx_word' id='word_1_290' title='bbox 435 3620 616 3685; x_wconf 82' lang='lat' dir='ltr'><strong>Zwickerus</strong></span> <span class='ocrx_word' id='word_1_291' title='bbox 630 3618 738 3697; x_wconf 84' lang='lat' dir='ltr'><strong>voluit,</strong></span> <span class='ocrx_word' id='word_1_292' title='bbox 789 3620 866 3683; x_wconf 90' lang='lat' dir='ltr'><strong>erbo</strong></span> <span class='ocrx_word' id='word_1_293' title='bbox 885 3620 950 3685; x_wconf 85' lang='lat' dir='ltr'><strong>sive</strong></span> <span class='ocrx_word' id='word_1_294' title='bbox 967 3619 1130 3705; x_wconf 82' lang='lat' dir='ltr'><strong>unigenito</strong></span> 
     </span>
     <span class='ocr_line' id='line_1_38' title="bbox 93 3704 1131 3792; baseline -0.002 -21"><span class='ocrx_word' id='word_1_295' title='bbox 93 3704 250 3790; x_wconf 85' lang='lat' dir='ltr'><strong>quicquam</strong></span> <span class='ocrx_word' id='word_1_296' title='bbox 259 3706 443 3772; x_wconf 73' lang='lat' dir='ltr'><strong>intrinsecas</strong></span> <span class='ocrx_word' id='word_1_297' title='bbox 454 3704 655 3792; x_wconf 81' lang='lat' dir='ltr'><strong>perfectionis</strong></span> <span class='ocrx_word' id='word_1_298' title='bbox 664 3728 776 3771; x_wconf 84' lang='lat' dir='ltr'><strong>revera</strong></span> <span class='ocrx_word' id='word_1_299' title='bbox 789 3705 958 3771; x_wconf 83' lang='lat' dir='ltr'><strong>accessisse</strong></span> <span class='ocrx_word' id='word_1_300' title='bbox 972 3727 1013 3769; x_wconf 82' lang='lat' dir='ltr'><strong>ex</strong></span> <span class='ocrx_word' id='word_1_301' title='bbox 1027 3706 1131 3769; x_wconf 89' lang='lat' dir='ltr'><strong>carnis</strong></span> 
     </span>
     <span class='ocr_line' id='line_1_39' title="bbox 92 3790 1131 3877; baseline 0 -22"><span class='ocrx_word' id='word_1_302' title='bbox 92 3794 297 3867; x_wconf 80' lang='lat' dir='ltr'><strong>assumtione;</strong></span> <span class='ocrx_word' id='word_1_303' title='bbox 321 3792 386 3857; x_wconf 92' lang='lat' dir='ltr'><strong>imo</strong></span> <span class='ocrx_word' id='word_1_304' title='bbox 411 3792 606 3857; x_wconf 88' lang='lat' dir='ltr'><strong>contrarium</strong></span> <span class='ocrx_word' id='word_1_305' title='bbox 629 3799 742 3877; x_wconf 87' lang='lat' dir='ltr'><strong>aperte</strong></span> <span class='ocrx_word' id='word_1_306' title='bbox 768 3792 870 3857; x_wconf 88' lang='lat' dir='ltr'><strong>docet.</strong></span> <span class='ocrx_word' id='word_1_307' title='bbox 916 3790 999 3855; x_wconf 88' lang='lat' dir='ltr'><strong>Nam</strong></span> <span class='ocrx_word' id='word_1_308' title='bbox 1028 3791 1131 3876; x_wconf 87' lang='lat' dir='ltr'><strong>primo</strong></span> 
     </span>
     <span class='ocr_line' id='line_1_40' title="bbox 93 3875 1131 3963; baseline 0.005 -26"><span class='ocrx_word' id='word_1_309' title='bbox 93 3875 199 3943; x_wconf 85' lang='lat' dir='ltr'><strong>diserte</strong></span> <span class='ocrx_word' id='word_1_310' title='bbox 212 3880 273 3955; x_wconf 83' lang='lat' dir='ltr'><strong>ait,</strong></span> <span class='ocrx_word' id='word_1_311' title='bbox 291 3879 463 3943; x_wconf 90' lang='lat' dir='ltr'><strong>Dominum</strong></span> <span class='ocrx_word' id='word_1_312' title='bbox 476 3885 622 3943; x_wconf 88' lang='lat' dir='ltr'><strong>nostrum</strong></span> <span class='ocrx_word' id='word_1_313' title='bbox 636 3878 813 3963; x_wconf 79' lang='lat' dir='ltr'><strong>perfeetum</strong></span> <span class='ocrx_word' id='word_1_314' title='bbox 826 3877 923 3941; x_wconf 86' lang='lat' dir='ltr'><strong>fuisse</strong></span> <span class='ocrx_word' id='word_1_315' title='bbox 939 3876 1082 3941; x_wconf 88' lang='lat' dir='ltr'><strong>Verbum</strong></span> <span class='ocrx_word' id='word_1_316' title='bbox 1097 3886 1131 3942; x_wconf 89' lang='lat' dir='ltr'><strong>et</strong></span> 
     </span>
    </p>
   </div>
   <div class='ocr_carea' id='block_1_3' title="bbox 92 3962 1131 4460">
    <p class='ocr_par' dir='ltr' id='par_1_5' title="bbox 93 3962 1130 4048">
     <span class='ocr_line' id='line_1_41' title="bbox 93 3962 1130 4048; baseline 0.002 -24"><span class='ocrx_word' id='word_1_317' title='bbox 93 3962 280 4048; x_wconf 83' lang='lat' dir='ltr'><strong>unigenitum</strong></span> <span class='ocrx_word' id='word_1_318' title='bbox 287 3972 365 4030; x_wconf 83' lang='lat' dir='ltr'><strong>ante</strong></span> <span class='ocrx_word' id='word_1_319' title='bbox 375 3965 625 4030; x_wconf 76' lang='lat' dir='ltr'><strong>incarnationem</strong></span> <span class='ocrx_word' id='word_1_320' title='bbox 651 3964 775 4029; x_wconf 88' lang='lat' dir='ltr'><strong>Deinde</strong></span> <span class='ocrx_word' id='word_1_321' title='bbox 786 3963 870 4028; x_wconf 87' lang='lat' dir='ltr'><strong>clare</strong></span> <span class='ocrx_word' id='word_1_322' title='bbox 882 3964 974 4028; x_wconf 89' lang='lat' dir='ltr'><strong>docet</strong></span> <span class='ocrx_word' id='word_1_323' title='bbox 986 3963 1130 4027; x_wconf 91' lang='lat' dir='ltr'><strong>Verbum</strong></span> 
     </span>
    </p>

    <p class='ocr_par' dir='ltr' id='par_1_6' title="bbox 93 4046 1129 4139">
     <span class='ocr_line' id='line_1_42' title="bbox 93 4046 1129 4139; baseline 0.003 -28"><span class='ocrx_word' id='word_1_324' title='bbox 93 4046 149 4113; x_wconf 78' lang='lat' dir='ltr'><strong>sive</strong></span> <span class='ocrx_word' id='word_1_325' title='bbox 161 4051 359 4139; x_wconf 84' lang='lat' dir='ltr'><strong>unigenitum</strong></span> <span class='ocrx_word' id='word_1_326' title='bbox 375 4053 555 4137; x_wconf 81' lang='grc' dir='ltr'>(μονογενῆ)</span> <span class='ocrx_word' id='word_1_327' title='bbox 570 4051 651 4115; x_wconf 84' lang='lat' dir='ltr'><strong>adeo</strong></span> <span class='ocrx_word' id='word_1_328' title='bbox 666 4074 705 4115; x_wconf 85' lang='lat' dir='ltr'><strong>cx</strong></span> <span class='ocrx_word' id='word_1_329' title='bbox 721 4072 815 4115; x_wconf 86' lang='lat' dir='ltr'><strong>came</strong></span> <span class='ocrx_word' id='word_1_330' title='bbox 830 4050 970 4114; x_wconf 86' lang='lat' dir='ltr'><strong>humana</strong></span> <span class='ocrx_word' id='word_1_331' title='bbox 984 4072 1047 4114; x_wconf 91' lang='lat' dir='ltr'><strong>uon</strong></span> <span class='ocrx_word' id='word_1_332' title='bbox 1066 4070 1129 4114; x_wconf 85' lang='lat' dir='ltr'><strong>me·</strong></span> 
     </span>
    </p>

    <p class='ocr_par' dir='ltr' id='par_1_7' title="bbox 92 4132 1131 4237">
     <span class='ocr_line' id='line_1_43' title="bbox 92 4132 1131 4237; baseline 0 -36"><span class='ocrx_word' id='word_1_333' title='bbox 92 4132 229 4201; x_wconf 81' lang='lat' dir='ltr'><strong>lieratum</strong></span> <span class='ocrx_word' id='word_1_334' title='bbox 244 4160 326 4216; x_wconf 80' lang='lat' dir='ltr'><strong>esee,</strong></span> <span class='ocrx_word' id='word_1_335' title='bbox 342 4144 378 4203; x_wconf 91' lang='lat' dir='ltr'><strong>ut</strong></span> <span class='ocrx_word' id='word_1_336' title='bbox 393 4159 468 4203; x_wconf 85' lang='lat' dir='ltr'><strong>caro</strong></span> <span class='ocrx_word' id='word_1_337' title='bbox 482 4137 537 4203; x_wconf 80' lang='lat' dir='ltr'><strong>illa</strong></span> <span class='ocrx_word' id='word_1_338' title='bbox 550 4138 651 4237; x_wconf 82' lang='lat' dir='ltr'><strong>ipsum</strong></span> <span class='ocrx_word' id='word_1_339' title='bbox 658 4140 756 4202; x_wconf 67' lang='lat' dir='ltr'><strong>suam</strong></span> <span class='ocrx_word' id='word_1_340' title='bbox 772 4134 1009 4202; x_wconf 86' lang='lat' dir='ltr'><strong>subsistentiam</strong></span> <span class='ocrx_word' id='word_1_341' title='bbox 1021 4136 1131 4201; x_wconf 87' lang='lat' dir='ltr'><strong>Verbo</strong></span> 
     </span>
    </p>

    <p class='ocr_par' dir='ltr' id='par_1_8' title="bbox 95 4219 1130 4311">
     <span class='ocr_line' id='line_1_44' title="bbox 95 4219 1130 4311; baseline 0.001 -26"><span class='ocrx_word' id='word_1_342' title='bbox 95 4219 209 4289; x_wconf 80' lang='lat' dir='ltr'><strong>debeat.</strong></span> <span class='ocrx_word' id='word_1_343' title='bbox 255 4225 339 4306; x_wconf 80' lang='lat' dir='ltr'><strong>Quid</strong></span> <span class='ocrx_word' id='word_1_344' title='bbox 369 4246 455 4311; x_wconf 80' lang='lat' dir='ltr'><strong>ergo,</strong></span> <span class='ocrx_word' id='word_1_345' title='bbox 480 4224 612 4308; x_wconf 82' lang='lat' dir='ltr'><strong>inqures,</strong></span> <span class='ocrx_word' id='word_1_346' title='bbox 636 4224 736 4288; x_wconf 85' lang='lat' dir='ltr'><strong>voluit</strong></span> <span class='ocrx_word' id='word_1_347' title='bbox 756 4222 961 4307; x_wconf 90' lang='lat' dir='ltr'><strong>Hippolytus,</strong></span> <span class='ocrx_word' id='word_1_348' title='bbox 986 4244 1058 4287; x_wconf 86' lang='lat' dir='ltr'><strong>oum</strong></span> <span class='ocrx_word' id='word_1_349' title='bbox 1083 4224 1130 4287; x_wconf 88' lang='lat' dir='ltr'><strong>ait</strong></span> 
     </span>
    </p>

    <p class='ocr_par' dir='ltr' id='par_1_9' title="bbox 96 4304 1130 4460">
     <span class='ocr_line' id='line_1_45' title="bbox 96 4304 1130 4399; baseline 0 -27"><span class='ocrx_word' id='word_1_350' title='bbox 96 4304 227 4374; x_wconf 77' lang='lat' dir='ltr'><strong>Verbum</strong></span> <span class='ocrx_word' id='word_1_351' title='bbox 251 4319 290 4375; x_wconf 87' lang='lat' dir='ltr'><strong>et</strong></span> <span class='ocrx_word' id='word_1_352' title='bbox 314 4312 513 4399; x_wconf 83' lang='lat' dir='ltr'><strong>unigenitum</strong></span> <span class='ocrx_word' id='word_1_353' title='bbox 539 4311 606 4375; x_wconf 86' lang='lat' dir='ltr'><strong>siue</strong></span> <span class='ocrx_word' id='word_1_354' title='bbox 630 4331 725 4375; x_wconf 87' lang='lat' dir='ltr'><strong>earne</strong></span> <span class='ocrx_word' id='word_1_355' title='bbox 751 4308 924 4394; x_wconf 81' lang='lat' dir='ltr'><strong>perfeetum</strong></span> <span class='ocrx_word' id='word_1_356' title='bbox 948 4330 1012 4373; x_wconf 93' lang='lat' dir='ltr'><strong>non</strong></span> <span class='ocrx_word' id='word_1_357' title='bbox 1035 4309 1130 4373; x_wconf 87' lang='lat' dir='ltr'><strong>fuisse</strong></span> 
     </span>
     <span class='ocr_line' id='line_1_46' title="bbox 580 4413 635 4460; baseline 0.055 -3"><span class='ocrx_word' id='word_1_358' title='bbox 580 4418 600 4457; x_wconf 77' lang='lat' dir='ltr'>N</span> <span class='ocrx_word' id='word_1_359' title='bbox 617 4413 635 4460; x_wconf 83' lang='lat'>2</span> 
     </span>
    </p>
   </div>
   <div class='ocr_carea' id='block_1_4' title="bbox 0 0 1438 4817">
    <p class='ocr_par' dir='ltr' id='par_1_10' title="bbox 0 0 1438 4817">
     <span class='ocr_line' id='line_1_47' title="bbox 0 0 1438 4817; baseline 0 3"><span class='ocrx_word' id='word_1_360' title='bbox 0 0 1438 4817; x_wconf 95' lang='lat' dir='ltr'><strong> </strong></span> 
     </span>
    </p>
   </div>
  </div>
 </body>
</html>
