2867 4817
760 946 810 1005 IN

407 1146 690 1227 GELASII
727 1147 1163 1226 EXCERP'I'UM

525 1369 1036 1456 ANNOTATIONES.

675 1596 893 1628 ——§-—

306 1774 345 1841 P.
368 1794 440 1861 139·
463 1773 485 1838 l.
506 1793 538 1855 4„
561 1772 614 1837 Ds
639 1795 760 1839 onasus
783 1796 916 1840 nsnnnu
938 1798 972 1839 m
1001 1774 1136 1841 (insisto
1157 1796 1317 1839 snvsssus

264 1861 439 1926 Eumenen
461 1882 498 1923 nn
517 1858 716 1949 anmmuu]
744 1859 910 1949 Philippus
925 1860 1035 1925 Labbe
1049 1860 1086 1925 dc
1108 1860 1319 1946 emposta

261 1946 490 2047 Bccksiostioia
513 1945 574 2010 vol.
590 1945 616 2010 Ι.
639 1969 713 2033 pag.
727 1965 801 2033 342.
841 1956 860 1984 “
876 1948 908 2013 S.
924 1947 1069 2047 Gelasius
1083 1948 1111 2011 I.
1129 1968 1318 2047 papa-.-

263 2041 284 2070 “
299 2033 456 2099 Baromus
469 2032 512 2097 ad
525 2053 645 2096 annum
654 2036 730 2119 496.
757 2032 863 2099 (lanus
878 2034 911 2097 in
926 2033 1002 2097 locis
1017 2033 1203 2133 theologius
1216 2032 1236 2097 l.
1250 2032 1315 2097 vl.

263 2128 283 2155 “
297 2141 324 2183 c.
335 2120 365 2183 8.
391 2116 609 2196 Bellarminus,
626 2118 789 2197 schottus,
806 2119 925 2195 Binius,
941 2126 974 2183 et
993 2118 1100 2204 plures
1119 2118 1174 2183 alii
1192 2120 1317 2204 passim

263 2212 283 2243 “
297 2205 494 2269 contendunt
523 2226 586 2268 non
617 2226 687 2268 esse
711 2204 887 2291 legitimum
913 2205 1044 2289 hujusce
1075 2226 1167 2290 papae
1193 2204 1317 2269 Gelasii

263 2298 283 2327 “
298 2312 378 2376 opus
395 2291 434 2355 de
457 2288 576 2354 mata
599 2291 721 2355 amon
740 2300 843 2355 contra
864 2291 1039 2355 Nestorium
1058 2300 1085 2355 st
1107 2291 1315 2373 Euam,

263 2384 283 2413 “
298 2378 383 2461 quod
404 2376 438 2445 in
459 2375 692 2462 haereseologia,
715 2375 1034 2463 orthodoxographis‚
1057 2384 1091 2441 et
1113 2375 1317 2441 bibliothecis

264 2469 283 2499 “
298 2469 441 2527 veterum
462 2470 592 2545 patrum
613 2461 780 2547 reperitur.
825 2462 946 2527 Verum
967 2484 1003 2527 re
1025 2460 1136 2526 melius
1161 2462 1314 2539 discussa,

264 2549 394 2612 “modo
419 2546 498 2632 pleri
521 2569 560 2611 ue
585 2554 714 2612 censent
739 2568 803 2612 non
830 2570 899 2613 esse
924 2548 968 2612 illi
993 2547 1249 2634 abjudicandum,
1277 2556 1317 2613 ut

264 2641 284 2670 “
299 2635 333 2701 in
351 2632 494 2719 margine
544 2632 681 2718 pitomes
700 2632 890 2699 Baroniamc
904 2634 947 2699 ad
965 2654 1085 2700 annum
1098 2636 1171 2721 496.
1189 2632 1317 2699 notavit

264 2728 284 2756 “
299 2718 529 2785 illustrissimus
542 2740 591 2804 ep.
606 2718 810 2805 Apamiensis
826 2719 985 2785 Henrious
1000 2720 1199 2806 spondanus,
1215 2728 1317 2805 atquc

265 2813 285 2842 ‘⁴
299 2828 341 2871 ex
363 2827 402 2871 eo
425 2803 558 2870 Miraeus
578 2826 650 2905 pag.
668 2824 719 2887 72.
738 2812 772 2870 et
795 2824 868 2872 201.
890 2828 955 2871 suae
978 2806 1185 2871 Bibliothecae
1206 2806 1317 2871 Eccle-

265 2899 285 2928 “
299 2891 447 2957 siasticae.
484 2892 512 2954 1.
528 2890 611 2973 Qum
630 2898 668 2955 ut
689 2890 767 2954 mihi
788 2891 927 2978 locuples
945 2892 1040 2957 testis
1057 2899 1107 2956 est
1127 2892 1317 2957 Sirmondus

265 2980 317 3041 “6
338 2978 498 3059 μακαρίτης
519 2976 554 3041 in
576 2976 673 3041 MSS.
699 2977 859 3042 codicibus
877 2978 986 3063 proba
1011 2984 1097 3042 notae
1120 2978 1318 3064 descriptum

265 3064 458 3150 “reperitur
479 3062 564 3127 inter
585 3062 783 3129 indubitatas
809 3063 927 3129 Gelasii
952 3063 1112 3150 epistolas.
1155 3063 1199 3127 Il.
1221 3064 1319 3145 Quod

265 3155 285 3186 “
300 3149 418 3215 Gelnsii
441 3148 567 3213 nomine
589 3148 709 3214 citatur
729 3170 751 3214 a
773 3149 806 3213 S.
822 3148 992 3235 Fulgentio
1011 3150 1045 3213 in
1066 3150 1147 3215 libro
1166 3150 1208 3213 de
1225 3151 1319 3235 quin·

265 3242 286 3272 “
301 3258 362 3322 que
384 3234 629 3318 Quaestionibns,
651 3236 738 3320 apud
765 3234 965 3301 Ferrandum
987 3236 1154 3301 diaconum
1177 3256 1247 3321 cap.
1266 3238 1318 3300 18.

266 3328 286 3359 “
302 3323 376 3409 (vel.
397 3342 444 3406 19.
476 3327 510 3385 et
524 3319 686 3386 aJoanne
702 3322 753 3385 ΙΙ.
773 3344 815 3407 pn
875 3322 908 3385 in
928 3322 1075 3407 Epistola
1093 3322 1136 3387 ad
1156 3322 1319 3387 Avienum

266 3414 287 3444 “
301 3416 497 3492 oaeterosque
525 3414 698 3484 senatores,
725 3429 789 3509 (pua
812 3342 909 3471 illem
933 3408 974 3472 de
999 3406 1117 3473 Christi
1148 3408 1320 3474 divinitate

266 3500 287 3531 “
302 3502 336 3559 ot
360 3492 578 3557 incarnatione
603 3493 768 3578 exquisitis
793 3495 1002 3579 undequaque
1027 3494 1218 3559 testimoniis
1243 3516 1320 3559 con·

268 3586 288 3617 ⁴‘
302 3580 420 3658 firmat,
438 3577 491 3643 ali'
530 3600 570 3643 ue
586 3579 824 3644 recentioribus.
863 3580 1169 3647 mutuatantes
1182 3580 1235 3645 alii
1254 3580 1320 3645 suf·

268 3672 288 3703 “
302 3600 688 3751 fragatoreswgennadius
714 3664 923 3730 Massiliensis
946 3688 1017 3751 cap.
1033 3686 1085 3750 94
1111 3667 1152 3731 de
1175 3666 1321 3753 Scripto-

268 3759 288 3789 “
303 3751 391 3817 ribus
409 3750 649 3828 Ecclesinstiois,
670 3758 759 3816 etex
774 3774 812 3816 eo
828 3752 994 3816 Honorius
1009 3752 1191 3838 Augustod.
1211 3752 1321 3817 libello

269 3845 289 3874 “
305 3837 370 3902 ΙΙΙ.
394 3858 463 3922 cap.
480 3856 533 3923 93.
557 3843 655 3922 atque
677 3836 745 3921 ipse
769 3837 961 3903 Anastasius
984 3837 1018 3903 S.
1032 3838 1072 3902 R.
1085 3837 1124 3902 E.
1150 3838 1321 3904 bibliothe-

269 3931 289 3960 ‘⁴
303 3924 420 4001 camus,
434 3939 492 3987 aut
507 3923 578 4008 quis
596 3922 678 3987 alius
698 3922 732 3986 in
754 3923 873 3989 Gelasii
894 3924 989 3989 vita?
1032 3924 1088 3989 Ad
1109 3926 1178 3989 htec
1200 3925 1320 4011 accipe,

269 4032 340 4095 quoe
361 4010 423 4074 hac
448 4010 488 4073 de
513 4030 549 4072 re
573 4009 697 4074 monuit
724 4009 796 4074 Gul.
818 4010 932 4076 (invius
954 4009 987 4073 in
1009 4009 1092 4075 Hist.
1118 4011 1183 4076 nu.
1206 4011 1268 4076 vol.
1293 4011 1321 4075 Ι.

268 4118 301 4183 p.
312 4096 388 4180 463.
409 4116 484 4159 voce
507 4096 669 4160 Gauianus.
703 4101 723 4130 ‘⁶
738 4094 831 4160 hibor
852 4104 956 4161 comm
977 4096 1143 4180 meysam
1163 4108 1192 4161 ct
1212 4098 1323 4162 Nesto-

271 4190 290 4218 “
304 4182 387 4245 rium
417 4182 457 4246 de
488 4179 612 4245 duabus
637 4181 670 4244 in
702 4179 831 4247 Christo
859 4181 993 4259 naturis,
1020 4203 1041 4245 a
1070 4183 1238 4248 Gennadio
1264 4184 1323 4267 (de

271 4274 290 4302 “
306 4267 422 4354 Soript.
438 4264 525 4329 Eccl.
542 4288 570 4329 c.
581 4268 650 4349 34.)
670 4264 744 4330 olim
767 4274 970 4347 memoratus,
986 4289 1007 4332 a
1028 4268 1062 4331 S.
1075 4267 1248 4354 Fulgentio
1265 4268 1322 4333 lib.
