2867 4817
263 255 308 317 28
366 254 399 317 S.
425 252 630 319 CYRILLI
653 252 802 319 ALEX.
826 253 894 317 AD
918 251 1206 317 NESTORIUM

265 421 374 533 δόξης
391 434 455 506 τοῦ
476 431 573 507 Θεοῦ
583 436 608 524 ⁸,
627 425 717 507 καθὸ
735 423 934 528 γεγόναμεν
959 425 1057 525 ἡμεῖς
1072 424 1205 523 ἕτοιμοι
1226 422 1320 526 πρὸς

264 551 490 659 παραφορὰν,
520 555 578 633 καὶ
608 551 911 656 κατηῤῥῶστησεν
938 552 960 650 ἡ
987 551 1177 656 ἀνθρώπου
1205 551 1321 656 φύσις

264 678 330 780 τὴν
348 681 537 784 ἁμαρτίαν·
566 679 672 763 αὐτὸς
695 679 733 760 δὲ
755 681 822 784 οῦχ
851 680 954 774 οὕτω,
973 681 1032 759 καὶ
1054 679 1243 779 ἡττώμεθα
1260 675 1321 757 διὰ

264 817 370 888 τοῦτο
382 811 446 907 τῆς
462 805 570 914 δόξης
583 807 704 887 αὐτοῦ·
735 812 813 890 πῶς
832 802 876 885 ἂν
890 805 942 906 ε’ίη
955 803 1084 886 λοιπὸν
1097 805 1321 912 ἀμφίβολον,

265 932 320 1014 ὅτι
339 934 481 1016 τέθυται
509 935 551 1013 δι’
572 934 742 1033 ἡμᾶςκαὶ
766 931 854 1037 ι’πέρ
879 933 979 1033 ἡμων
997 934 1018 1012 ὁ
1042 930 1154 1030 ἀμνὸς
1178 934 1199 1011 ὃ
1221 935 1349 1032 ‹Dan-5

264 1058 386 1158 θινός;
428 1058 553 1140 καὶτὸ
577 1059 695 1161 λέγειν
723 1058 771 1157 δέ,
795 1058 851 1140 ότι
881 1055 1162 1162 προσκεκόμυεεν
1194 1058 1324 1138 ἐαυτὸν

265 1186 353 1292 ῦπέρ
371 1221 413 1290 γε
432 1191 558 1268 ἑαυτοῦ
572 1189 631 1266 καὶ
644 1187 755 1286 ἡμῶν,
769 1183 993 1287 ἀμοιρήσειεν
1006 1182 1051 1265 ἂν
1068 1188 1230 1284 οὐδαμῶς
1248 1193 1325 1266 τῶν

264 1321 313 1399 εἰς
330 1311 548 1410 δυσσέβειαν
564 1312 813 1416 ἐγκλημάτων.
843 1312 1126 1414 πεπλημμέληκε
1150 1312 1223 1417 γὰρ
1241 1315 1322 1393 κατ’

265 1441 390 1522 οὐδένα
403 1439 548 1544 τρόπον,
562 1443 642 1520 οὔτε
660 1438 733 1540 μὴν
746 1442 914 1540 ἐποίησεν
927 1441 1113 1543 ἁμαρτίαν.
1138 1441 1244 1523 ποίας
1258 1439 1325 1518 οὖν

265 1566 389 1669 ἐδεήθη
412 1572 638 1673 προσφορᾶς,
657 1569 832 1673 ἁμαρτίας
856 1569 919 1649 οῦκ
944 1569 1066 1675 οὔσης,
1086 1570 1141 1675 ἐφ’
1161 1565 1256 1674 ᾗπερ
1278 1565 1326 1647 ἂν
1339 1609 1373 1646 ιο

264 1695 426 1800 γεύοιτο;
453 1697 512 1774 καὶ
529 1693 631 1793 μάλα
648 1691 800 1778 εἰκότως.

778 1919 809 1994 l.

315 2059 435 2142 Ὅταν
467 2059 506 2141 δὲ
533 2060 624 2166 λε’γη
646 2062 729 2164 περὶ
757 2067 822 2139 τοῦ
850 2057 1063 2159 πνεύματος·
1102 2061 1230 2142 ἐκεῖνος
1262 2057 1327 2158 ἐμὲ

266 2185 451 2297 δοξάσειδ·
484 2197 645 2272 νοοῦντες
670 2189 795 2292 ὀρθῶς,
819 2187 887 2292 οὐχ
904 2188 953 2272 ὠς
979 2183 1088 2293 δόξης
1110 2188 1230 2266 ἐπιδεᾶ
1258 2189 1327 2284 τῆς

265 2316 349 2419 παρ’
365 2315 484 2417 ἑτέρου
496 2313 625 2422 φαμὲν,
644 2313 707 2394 τὸν
726 2314 788 2394 ἕνα
800 2311 966 2417 Χριστόν
981 2315 1040 2392 καὶ
1054 2312 1129 2394 υἱόν
1141 2311 1209 2413 τὴν
1222 2311 1327 2414 παρὰ
1339 2337 1373 2399 15

265 2451 329 2524 τοῦ
359 2442 463 2542 ἁγίου
487 2441 688 2540 πνεύματος
710 2439 822 2547 δόξαν
847 2443 951 2536 ἑλεῖν,
973 2440 1028 2520 ὅτι
1052 2439 1141 2542 μηδὲ
1165 2447 1328 2545 κρεῖττον

265 2571 385 2667 αὐτοῦ,
403 2571 462 2648 καὶ
480 2566 567 2672 ῦπέρ
586 2567 694 2647 αὑτὸν
712 2567 754 2647 τὸ
772 2575 912 2666 πνεῦμα
929 2569 1049 2649 αὐτοῦ.
1074 2567 1191 2670 ἐπειδὴ
1211 2567 1250 2648 δὲ
1274 2573 1327 2653 είς

266 2696 415 2803 ἔνδειξιν
439 2701 502 2795 τῆς
521 2700 646 2776 ἑαυτοῦ
664 2691 830 2794 θεότητος
848 2694 1014 2799 ε’κέχρητο
1038 2702 1090 2802 τῷ
1108 2697 1198 2804 ἁγίιρ
1216 2696 1327 2777 πνεό-

266 2858 353 2924 ματι
388 2822 480 2926 πρὸς
514 2823 792 2926 μεγαλουργίαν,
829 2820 1046 2929 δεδοξάσθαι
1086 2825 1172 2927 παρ’
1214 2827 1326 2904 αῦτοῦ

268 2955 393 3059 φησὶν,
412 2949 537 3054 ὥσπερ
555 2949 599 3030 ἂν
617 2957 647 3030 εὶ
669 2951 732 3031 καί
746 2985 800 3034 τις
823 2950 926 3051 λέγοι
942 2956 1016 3029 τῶν
1034 2952 1111 3030 καθ
1130 2952 1224 3051 ἡμᾶς
1240 2954 1327 3054 περὶ
1337 2989 1376 3030 20

267 3083 331 3176 τῆς
349 3079 498 3175 ἐνούσης
512 3077 639 3180 ἰσχύος
657 3078 753 3183 αιληῖ
766 3074 922 3182 τυχὸν,ἢ
940 3086 1030 3178 γοῦν
1042 3077 1242 3178 ἐπιστήμης
1259 3083 1326 3177 τῆς

268 3208 323 3312 ἐφ’
351 3208 495 3312 ὁτῳοῦν,
524 3205 579 3285 ὅτι
605 3203 811 3312 δοξάσουσί
832 3237 890 3303 με.
926 3209 955 3282 εί
979 3201 1051 3307 γὰρ
1078 3207 1137 3284 καὶ
1160 3204 1260 3284 ἐστιν
1285 3207 1326 3283 ἐν

269 3331 470 3413 ὑποστάσει
498 3329 540 3411 τὸ
567 3337 708 3431 πνεῦμα
731 3336 834 3436 ίδαεῇ,
856 3333 916 3410 καὶ
938 3328 983 3430 δὴ
1005 3334 1064 3411 καὶ
1091 3337 1220 3411 νοεῖται
1242 3337 1323 3411 καθ’

268 3459 383 3557 ἑαιπὸ,
403 3457 492 3540 καθὸ
510 3457 650 3558 πνεῦμά
672 3461 753 3539 ἐστι
771 3461 829 3538 καὶ
848 3459 915 3562 οὐχ
937 3457 1019 3556 υἱὸς,
1038 3461 1122 3538 ἀλλ’
1143 3460 1206 3539 οῦν
1223 3462 1325 3539 ἐστὶν

269 3588 333 3667 οὐκ
345 3583 540 3690 α’λλότριον
554 3587 675 3666 αὐτοῦ.
689 3592 830 3685 πνεῦμα
843 3584 914 3690 γὰρ
927 3587 1095 3685 ἀληθείαις
1105 3583 1324 3689 ὠνόμασται,
1336 3628 1373 3686 ²5

269 3717 328 3794 καὶ
339 3713 418 3794 ἐστι
430 3710 592 3817 Χριστός
605 3711 628 3812 ἡ
640 3710 822 3812 ἆλήθειαο·
839 3715 898 3792 καὶ
911 3717 1096 3816 προχεῖται
1108 3714 1191 3816 παρ’
1203 3715 1322 3799 αὐτοῦ,

269 3839 427 3944 καθάπερ
453 3839 576 3939 ἁμέλει
602 3842 660 3918 καὶ
687 3840 726 3917 ἐκ
757 3847 821 3918 τοῦ
849 3843 945 3918 Θεοῦ
966 3842 1024 3918 καὶ
1044 3836 1191 3941 πατρός.
1224 3842 1320 3943 ἐνερ-

269 3972 391 4070 γῆσαν
408 3973 598 4069 τοιγαροῦν
616 3962 658 4044 τὸ
675 3973 816 4074 πνεῦμα
834 3968 892 4044 καὶ
908 3963 968 4044 διὰ
983 3963 1100 4071 χειρὸς
1118 3971 1191 4044 τῶν
1212 3968 1324 4068 ἁγίων

352 4128 465 4187 ¹R0m.
481 4127 522 4184 iii.
540 4144 586 4201 23.
690 4125 807 4185 bJoan.
823 4127 883 4186 xvi.
902 4145 949 4200 14.
1046 4125 1121 4186 ς[(1.
1136 4126 1195 4184 xiv.
1209 4127 1240 4186 6.
