2867 4817
269 321 334 386 soe
490 272 494 280 ¹
528 318 763 385 urnumur
789 319 1058 383 uacnaunn

270 498 414 576 incesta,
439 504 478 565 et
502 497 641 566 animus
665 495 835 585 impurus.
889 493 969 564 Nec
998 494 1064 566 bac
1092 493 1170 565 sola
1195 495 1326 588 volup

270 619 346 681 tate
370 610 618 681 abstinendum
650 609 715 680 sibi
746 609 824 701 quis
852 618 968 702 putet,
998 633 1078 702 quae
1105 612 1248 702 capitur
1274 633 1324 681 ex

271 726 427 796 foeminei
453 725 607 817 corporis
632 723 867 816 copulatione,
884 724 945 794 sed
972 735 1010 794 et
1036 727 1172 796 caeteris
1196 725 1324 819 volup-

271 842 405 912 tatibus
429 863 596 912 sensuum
621 840 858 932 reliquorum
887 839 970 933 quia
989 849 1027 910 et
1050 843 1133 934 ipsae
1158 850 1245 912 sunt
1272 843 1324 912 vi-

272 959 380 1041 tiore,
397 967 436 1028 et
451 958 609 1049 ejusdem
627 958 769 1026 virtutis
785 965 840 1026 est
857 977 916 1026 eas
932 963 1171 1028 contemnere.
1223 955 1323 1028 Ocu-

273 1074 388 1144 lorum
413 1073 574 1166 voluptas
599 1073 792 1165 percipitur
817 1093 862 1142 ex
889 1095 1006 1141 rerum
1032 1072 1322 1164 pulchritudine;

272 1192 410 1260 aurium
436 1190 481 1259 de
506 1188 652 1259 vocibus
676 1187 813 1258 canoris
840 1196 878 1258 et
907 1188 1146 1270 suavioribus3
1180 1191 1323 1258 narium

272 1307 317 1377 de
342 1306 450 1377 odore
468 1305 649 1398 jucund03
683 1305 816 1396 saporis
841 1304 887 1373 de
912 1303 1000 1373 cibis
1024 1303 1208 1386 dulcibus;
1244 1305 1325 1396 qui-

273 1421 339 1492 bus
356 1422 520 1490 omnibus
543 1422 654 1490 virtue
676 1441 874 1513 repugnare
895 1418 1036 1489 fortiter
1057 1417 1240 1500 debetne
1267 1419 1324 1490 his

274 1536 448 1607 illecebris
473 1537 630 1606 irretitus
652 1535 800 1616 animus,
823 1557 844 1604 a
868 1533 1070 1604 coelestibus
1095 1535 1140 1603 ad
1169 1543 1324 1616 terrens,

274 1653 321 1724 ab
345 1654 484 1724 aeternis
508 1652 553 1723 ad
579 1651 838 1743 temporaliaa
863 1651 937 1721 vita
960 1651 1150 1722 immortali
1176 1653 1223 1722 ad
1248 1673 1327 1744 poe-

275 1791 358 1838 nam
385 1778 591 1861 perpetuam
622 1766 849 1859 deprimatur.
901 1765 946 1836 Iu
976 1769 1107 1860 saporis
1135 1779 1174 1838 et
1204 1769 1326 1840 odoris

276 1883 518 1975 voluptatibus
545 1882 614 1952 boc
647 1881 842 1973 periculum
878 1890 944 1966 est,
974 1883 1068 1974 quod
1102 1883 1244 1954 trahere
1278 1886 1325 1955 ad

276 1999 451 2070 luxuriem
469 2008 626 2090 possunt.
677 1998 751 2081 Qui
766 1998 862 2068 enim
883 1997 990 2068 fuerit
1012 1996 1067 2068 his
1089 1998 1243 2082 deditus,
1260 2012 1326 2072 aut

277 2137 348 2185 non
365 2114 511 2185 habebit
532 2113 643 2184 ullam
665 2136 741 2184 rem
764 2113 982 2197 familiarem,
1003 2123 1075 2196 aut,
1098 2115 1127 2185 si
1147 2115 1325 2196 habuerit,

278 2229 450 2312 absumet,
479 2238 518 2300 et
545 2239 630 2323 aget
658 2229 883 2323 postmodum
918 2231 1028 2301 vitam
1063 2230 1325 2302 detestabilem.

280 2347 351 2430 Qui
378 2355 499 2416 autem
524 2346 660 2438 rapitur
683 2345 818 2426 auditu,
840 2349 897 2433 (ut
919 2353 1056 2416 taceam
1080 2347 1126 2416 de
1148 2349 1324 2431 cantibus,

279 2463 341 2554 qui
357 2483 480 2532 sensus
502 2462 647 2531 intimos
668 2462 720 2531 ita
744 2482 835 2552 saepe
860 2459 1045 2544 deliniunt,
1061 2472 1104 2532 ut
1124 2465 1235 2534 etiam
1256 2475 1328 2536 sta-

279 2587 357 2648 tum
373 2579 503 2648 mentis
519 2576 637 2646 furore
653 2576 887 2670 perturbent)
905 2578 1109 2670 compositis
1126 2589 1225 2649 certe
1249 2605 1327 2652 ora-

279 2692 444 2776 tionibus,
466 2692 733 2782 numerosisque
757 2691 979 2775 carminibus,
1006 2702 1069 2762 aut
1094 2697 1230 2789 argutis
1256 2697 1328 2769 dis-

279 2808 520 2900 putationibus
537 2809 582 2877 ad
598 2807 726 2899 impios
738 2806 856 2878 cultus
872 2806 976 2877 facile
992 2810 1199 2881 traducitur.
1235 2811 1328 2884 lnde

279 2925 445 3016 estquod
462 2924 601 3015 scriptis
617 2922 829 3006 coelestibus,
847 2925 930 3015 quia
946 2926 1112 2996 videntur
1133 2928 1328 3021 incompta,

279 3063 352 3110 non
367 3038 470 3110 facile
496 3039 655 3120 credunt,
673 3039 734 3130 qui
757 3048 821 3109 aut
843 3039 909 3131 ipsi
931 3048 1015 3110 sunt
1037 3041 1168 3124 diserti,
1186 3053 1252 3114 aut
1274 3045 1328 3114 di-

279 3166 374 3228 serta
390 3155 508 3249 legere
524 3152 672 3223 malunt.
717 3152 803 3223 Non
820 3162 981 3246 quaerunt
998 3179 1089 3240 vera
1107 3160 1169 3229 sed
1186 3161 1327 3235 dulcia:

279 3275 351 3344 imo
374 3271 444 3342 illis
470 3270 545 3341 hoec
570 3268 736 3339 videntur
762 3291 838 3339 esse
864 3271 1053 3354 verissima,
1076 3298 1154 3366 quae
1180 3280 1328 3351 auribus

279 3389 518 3459 blandiuntur.
569 3386 627 3456 Ita
642 3395 814 3478 respuunt
830 3388 1026 3472 veritatem,
1045 3391 1130 3460 dum
1154 3399 1328 3468 sermonis

279 3505 453 3575 suavitate
487 3504 683 3595 capiuntur.
738 3501 915 3594 Voluptas
949 3527 1042 3584 vero,
1077 3530 1155 3598 quae
1186 3522 1327 3603 spectat

279 3623 323 3692 ad
341 3620 465 3702 visum,
482 3617 711 3688 multiformis
730 3626 796 3688 est.
848 3618 944 3688 Nam
967 3642 1044 3712 quae
1066 3626 1263 3718 percipitur
1279 3653 1327 3702 ex

279 3759 397 3805 rerum
436 3735 668 3827 pretiosarum
707 3732 980 3825 pulchritudine,
1017 3741 1200 3810 avaritiam
1241 3767 1327 3817 con-

280 3853 376 3933 citat,
393 3874 471 3942 quae
495 3849 611 3920 aliena
627 3871 704 3919 esse
721 3848 828 3920 debet
850 3871 872 3918 a
896 3851 1054 3942 sapiente
1076 3863 1184 3946 atque
1203 3858 1327 3948 justo:

279 3987 357 4054 quae
381 3970 502 4033 autem
527 3963 665 4054 capitur
684 3962 730 4032 de
753 3963 870 4055 specie
895 3965 1094 4048 mulierum,
1118 3969 1154 4037 in
1175 3969 1326 4044 alteram

279 4079 371 4169 rapit
401 4079 633 4171 voluptatem,
661 4079 706 4148 de
737 4101 806 4169 qua
828 4080 903 4169 jam
934 4083 1092 4173 superius
1123 4083 1235 4157 locuti
1271 4111 1330 4160 su-

280 4215 369 4262 mus.
