2867 4817
271 344 338 410 DE
361 344 520 410 OPERE
543 344 609 411 ET
632 344 985 411 ELEEMOSYNIS.
1091 344 1152 410 311

105 520 289 592 dedecoris
318 544 360 592 ac
390 520 620 614 turpitudinis
653 544 729 593 suae
757 522 867 593 rubor
895 523 1017 606 cadat,
1046 532 1157 616 ponat

103 639 348 731 unusquisque
373 648 459 709 ante
481 637 602 710 oculos
625 660 706 711 suos
729 639 911 710 diabolum
938 663 1021 711 cnm
1047 641 1156 711 servis

4 740 8 753 ’
103 756 185 839 suis,
213 756 254 827 id
282 764 347 839 est,
378 778 461 827 cum
490 754 622 849 populo
650 755 858 849 perditionis
884 780 926 828 nc
954 759 1089 841 mortis,
1117 758 1156 828 in

102 872 265 942 medium
282 870 463 964 prosilire3
487 870 629 964 plebem
653 872 796 956 Christi,
813 882 985 967 prasente
1002 884 1040 945 et
1060 876 1157 968 judi-

77 998 209 1065 scante
237 989 324 1081 ipso,
347 989 618 1081 comparationis
638 989 803 1060 examine
822 1013 1014 1084 provocare
1038 992 1157 1064 diceu-

104 1114 200 1176 tem:
239 1104 318 1198 Ego
343 1126 407 1196 pro
431 1105 509 1175 istis
534 1128 621 1197 quos
645 1129 789 1177 mecum
818 1107 917 1177 vides
945 1130 1011 1178 neo
1038 1106 1156 1202 alapas

103 1222 237 1314 accepi,
255 1243 322 1291 nec
344 1220 485 1314 flagella
504 1223 664 1305 sustinui,
682 1246 749 1294 neo
770 1246 912 1295 enicem
931 1224 1072 1317 pertuli,
1089 1249 1156 1297 nec

104 1338 316 1431 mnguinem
333 1336 419 1419 fudi,
437 1359 503 1407 nac
526 1337 696 1409 familiam
714 1362 832 1411 meam
853 1342 967 1433 pretio
987 1344 1157 1435 passionis

104 1463 142 1525 et
177 1456 314 1525 cruoris
343 1454 498 1539 redemi3
535 1456 597 1526 sed
626 1479 693 1527 nec
727 1480 877 1551 regnum
910 1455 980 1529 illis
1012 1458 1157 1531 coeleste

60 1572 289 1663 10promitt0,
313 1593 379 1641 neo
405 1571 451 1641 od
473 1572 673 1665 paradisum
699 1574 867 1644 restituta
887 1572 1157 1646 immortalitate

104 1688 226 1757 denno
243 1708 391 1769 revoco;
417 1694 456 1758 et
471 1710 619 1759 munera
634 1688 723 1759 mihi
739 1712 847 1781 quam
863 1690 1026 1783 pretiosa,
1049 1712 1156 1782 quam

104 1803 265 1897 grandia
282 1826 387 1895 quam
411 1804 522 1874 nimio
546 1814 584 1876 et
606 1803 713 1900 longo
736 1805 858 1877 labore
873 1808 1020 1898 quaesita
1038 1830 1158 1901 sump-

106 1920 320 1991 tuosissimis
351 1921 576 2015 apparatibus
609 1932 824 2016 comparant,
857 1922 964 1994 rebus
996 1925 1068 1995 suis
1100 1923 1159 1995 vel

105 2035 276 2131 obligatis
304 2038 340 2107 in
367 2037 524 2110 muneris
548 2040 810 2133 comparatione
836 2039 894 2110 uel
920 2041 1090 2125 venditis;
1115 2064 1158 2113 ac

61 2154 176 2234 15uisi
206 2153 316 2223 editio
350 2152 499 2226 honesta
527 2159 743 2240 successerit,
773 2158 941 2228 conviciis
972 2180 1015 2229 ac
1046 2158 1158 2229 sibilis

106 2270 311 2363 ejiciuntur,
328 2280 366 2342 et
388 2270 506 2343 fauore
530 2274 690 2367 populari
715 2297 970 2368 nonnunquam
994 2298 1086 2369 pene
1108 2275 1159 2346 ia-

78 2386 288 2480 pidantur.
338 2386 433 2459 'lbos
457 2388 547 2460 tales
576 2391 802 2474 munerarios,
833 2389 983 2473 Christe,
1014 2392 1158 2462 demon-

107 2512 193 2585 stra,
217 2502 296 2573 ilios
319 2503 455 2587 divites,
477 2503 556 2576 illos
579 2508 729 2600 copiosis
751 2506 877 2600 opibus
892 2506 1087 2589 affluentes,
1113 2530 1159 2578 an

108 2621 148 2689 in
188 2618 339 2691 ecclesia
375 2621 587 2713 praesidente
621 2631 659 2694 et
692 2630 876 2717 spectante
913 2633 953 2694 te
987 2623 1159 2716 ejusmodi

61 2760 242 2809 romanus
265 2737 381 2821 edant,
405 2740 642 2834 oppigneratis
666 2740 723 2812 vel
747 2742 922 2813 distractis
947 2742 1053 2812 rebus
1078 2741 1160 2825 suis,

109 2858 223 2927 immo
248 2856 294 2926 ad
319 2853 480 2927 coelestes
502 2856 686 2929 thesauros
708 2866 848 2929 mutata
870 2861 907 2930 in
929 2856 1056 2929 melius
1081 2881 1161 2951 pos·

111 2975 268 3044 sessione
285 2972 472 3044 translatis.
526 2972 569 3043 In
586 2975 663 3046 istis
683 2974 890 3046 muneribus
909 2976 999 3045 meis
1019 2975 1161 3047 caducis

110 3098 221 3182 atque
247 3090 396 3160 terrenis
420 3112 526 3161 nemo
551 3092 716 3184 pascitur,
742 3114 848 3163 nemo
873 3093 1031 3174 vestitur,
1055 3114 1160 3162 nemo

111 3208 183 3279 cibi
209 3206 356 3299 alicujus
385 3216 448 3278 aut
478 3217 583 3301 potus
612 3208 739 3279 solatio
767 3210 971 3280 sustinetur.
1023 3209 1162 3281 Cuncta

65 3346 100 3405 ²5
113 3328 208 3395 inter
230 3324 384 3395 furorem
408 3325 547 3395 edentis
570 3334 607 3396 et
629 3328 821 3419 spectantis
842 3349 996 3397 errorem
1016 3327 1164 3421 prodiga

112 3450 152 3514 et
185 3441 298 3513 stulta
330 3440 556 3536 voluptatum
585 3442 831 3514 frustrantium
867 3445 1023 3515 vanitate
1058 3444 1164 3538 depe-

113 3566 230 3629 reunt.
270 3557 349 3629 Illic
365 3560 403 3628 in
419 3559 633 3653 pauperibus
649 3561 722 3631 tuis
739 3568 780 3630 tu
794 3560 930 3631 vestiris
947 3567 985 3631 et
1001 3562 1163 3655 pasceris,

113 3684 155 3747 tu
172 3684 345 3747 aeternam
363 3676 474 3747 vitam
496 3676 723 3769 operantibus
744 3677 940 3770 polliceris3
970 3685 1009 3748 et
1031 3680 1092 3748 vix
1109 3677 1163 3748 tui

113 3794 204 3864 meis
227 3794 458 3886 pereuntibus
482 3794 719 3887 adaquantur,
737 3795 798 3886 qui
819 3816 842 3865 a
865 3803 904 3865 te
924 3795 1050 3865 divinis
1072 3816 1166 3865 mer-

65 3906 262 3985 aocedibus
285 3914 323 3976 et
344 3907 494 4000 praemiis
515 3906 718 3977 coelestibus
738 3906 966 3978 honorantur.
1006 3904 1102 3990 Quid
1119 3906 1165 3976 ad

114 4024 190 4094 baec
213 4024 475 4117 respondemus,
497 4022 623 4095 fiatres
644 4024 837 4096 carissimi?
863 4022 1044 4117 Sacrilego
1066 4024 1167 4094 steri·

114 4142 219 4212 litate
244 4148 283 4211 et
307 4141 460 4234 quadam
485 4142 712 4213 tenebrarum
737 4149 844 4213 nocte
869 4149 1053 4234 coopertas
1078 4141 1167 4212 divi-

115 4268 194 4331 tum
221 4266 361 4330 mentes
385 4280 455 4351 qua
487 4260 624 4331 ratione
658 4258 891 4343 defendimus,
922 4282 992 4352 qua
1020 4282 1167 4330 excusa
