2867 4817
398 1085 448 1179 S.
483 1079 796 1181 CAECILII
830 1074 1209 1177 CYPRIANI

749 1316 854 1359 mun

457 1482 545 1566 DE
578 1477 745 1565 ZELO
774 1478 858 1563 ET
887 1473 1141 1561 LIVORE.

695 1718 921 1753 ..-..0..-..

281 1922 310 1994 Ι.
399 1920 569 1992 ELARE
594 1917 689 2012 quod
714 1920 848 1990 bonum
869 1918 988 1987 videas
1010 1925 1049 1986 et
1073 1914 1231 1985 invidere
1252 1936 1331 1984 me·

410 2036 555 2107 lioribus
568 2036 647 2106 leve
659 2034 754 2128 apud
767 2034 937 2125 quosdam
950 2040 989 2102 et
1000 2032 1181 2101 modicum
1194 2030 1331 2100 crimen
1343 2054 1361 2115 5

280 2151 429 2235 videtur,
448 2153 572 2223 lintres
589 2151 823 2234 dileetissimi3
845 2150 1001 2241 dumque
1014 2149 1239 2219 existimatur
1250 2146 1332 2216 leve

280 2288 357 2337 esse
385 2277 422 2337 et
447 2269 638 2351 modicum,
668 2290 740 2337 non
767 2268 939 2349 timetur3
969 2266 1054 2335 dum
1083 2286 1156 2333 non
1180 2264 1333 2332 timetur

281 2384 539 2467 contemnitur3
575 2384 661 2453 dum
682 2384 931 2463 contemnitur,
956 2402 1029 2449 non
1055 2378 1159 2449 facile
1186 2379 1330 2459 vitatur,

279 2506 318 2567 et
344 2498 386 2568 fit
413 2522 510 2568 ooeos
539 2508 576 2569 et
603 2496 745 2569 ooonlto
770 2498 961 2589 pernicies:
996 2518 1073 2586 qnae
1100 2494 1187 2563 dum
1212 2495 1332 2563 minus

280 2615 489 2706 perspicitur
511 2623 553 2684 ut
577 2616 692 2685 cereri
716 2638 739 2683 u
763 2611 1030 2707 providentibus
1054 2612 1175 2704 possit,
1200 2611 1333 2701 impro-
1347 2636 1386 2699 ro

281 2729 378 2800 vidus
402 2739 541 2801 mentes
564 2730 717 2801 latenter
741 2729 877 2823 affligit.
929 2728 1039 2798 Porro
1061 2735 1183 2797 autem
1206 2724 1334 2795 Domi-

281 2867 348 2915 nus
370 2846 562 2938 prudentes
586 2868 662 2918 esse
688 2868 752 2915 nos
770 2845 887 2937 jussit,
906 2853 944 2915 et
967 2853 1072 2914 cauto
1093 2842 1332 2913 sollieitudine

282 2960 427 3055 vigilare
453 2964 623 3055 praeoepit
647 2984 693 3030 ne
715 2962 933 3031 adversarius
956 2959 1105 3053 vigilans
1131 2979 1270 3050 semper
1292 2964 1333 3029 et

282 3098 421 3169 semper
446 3078 622 3160 insidians,
646 3079 707 3147 ubi
730 3078 769 3147 in
790 3085 916 3169 peetus
942 3075 1145 3169 obrepserit,
1170 3076 1215 3144 de
1240 3073 1333 3144 sein-

282 3192 369 3262 tillis
388 3192 519 3264 oonllet
535 3194 707 3276 incendis,
731 3193 777 3263 de
800 3194 916 3285 parvis
938 3193 1096 3262 maxima
1118 3198 1381 3284 exaggeret315

283 3316 321 3378 et
355 3308 440 3377 dum
469 3309 621 3379 remissis
651 3318 688 3379 et
718 3310 869 3379 ineuntis
899 3308 1032 3377 leniore
1061 3329 1147 3378 aura
1175 3314 1214 3377 et
1244 3304 1333 3376 flutu

282 3422 443 3494 molliore
466 3422 655 3508 blanditur,
679 3424 843 3518 procellis
867 3446 910 3495 oo
931 3424 1131 3494 turbinibus
1156 3423 1333 3503 excitatis,

283 3541 401 3609 ruinas
425 3540 508 3610 fidei
538 3548 576 3611 et
605 3540 728 3611 solutis
757 3564 799 3611 no
829 3542 914 3612 vitae
943 3540 1126 3633 naufragia
1154 3537 1333 3608 molietur.

284 3656 545 3727 Excubandum
571 3665 625 3727 est
650 3658 780 3750 itaque,
811 3657 937 3728 fratres
966 3656 1194 3739 dilectissimi,
1225 3664 1335 3747 atque

284 3772 447 3843 omnibus
483 3773 614 3844 viribus
644 3773 896 3844 elaborandum
926 3780 967 3843 ut
996 3774 1139 3843 inimico
1164 3773 1334 3857 saevie'nti,
1347 3800 1385 3840 20

285 3896 322 3959 et
333 3888 453 3981 jaculo
470 3891 586 3960 suain
603 3912 727 3962 omnes
743 3891 897 3983 eorporis
913 3898 1031 3982 partes
1048 3890 1176 3981 quibus
1195 3890 1337 3981 percuti

285 4013 323 4075 et
352 4006 528 4076 vulnerari
556 4028 742 4099 possumus
771 4007 948 4099 dirigenti,
978 4005 1129 4076 sollicita
1161 4012 1200 4076 et
1228 4004 1337 4099 plens

286 4119 468 4215 vigilantia
492 4144 738 4215 repugnemus,
762 4122 957 4192 seeundum
980 4121 1074 4213 quod
1101 4120 1229 4191 Petrus
1251 4143 1337 4212 opo-

286 4236 397 4308 stolus
422 4240 459 4308 in
485 4238 635 4331 epistola
659 4261 724 4309 sue
752 4246 950 4329 praemonet
980 4246 1018 4307 et
1047 4238 1162 4318 dooet,
1193 4237 1335 4307 dicens:
