2867 4817
277 327 342 392 422
615 323 997 390 ANNOTATIONES

275 517 352 562 num
371 495 580 575 oolleotiones,
596 501 630 561 et
647 495 772 562 oodioes
791 495 902 580 seripti
921 494 1097 574 Bodleiani,
1112 503 1334 584 proeteiquam

276 583 363 670 quod
376 601 435 647 neo
449 586 518 661 τῶν,
534 604 592 647 neo
607 584 727 661 τούτων,
742 583 842 648 habet
856 583 957 648 eodex
974 585 1024 648 26.

320 669 359 735 P.
376 683 452 754 395.
473 668 542 751 l9.
568 667 716 753 ἐξετάσει]
742 668 808 732 Vul
875 669 965 748 τάξει,
992 668 1049 733 sed
1075 667 1219 748 ἐξετάσει,
1242 673 1334 755 quod

275 755 387 821 melius
407 761 466 832 est,
482 755 524 819 nd
544 775 634 819 oram
656 754 783 820 Oodiois
838 755 901 820 niv.
920 754 1072 820 Eoolesiae
1091 775 1113 818 a
1131 753 1273 821 Justello
1294 765 1334 822 nt

275 841 371 908 leotio
381 841 508 906 varians
522 839 664 905 affertur.
686 841 798 926 Atque
812 841 897 906 idem
910 840 988 906 illud
1003 840 1163 906 Labbaeus
1176 841 1278 908 habet
1288 845 1334 908 ad

276 949 377 1014 marg.
402 925 632 1002 (loneiliorum3
657 933 790 992 extante
809 950 848 992 eo
869 927 955 1014 apud
975 926 1136 992 Joannem
1154 927 1333 994 Antioche-

276 1036 353 1077 num
366 1012 400 1077 in
415 1012 549 1098 Digesto
564 1011 739 1092 Ganonum,
754 1035 926 1099 omnesque
942 1013 1058 1078 MStos
1077 1013 1281 1093 Bodleianos,
1297 1022 1333 1080 et

277 1099 349 1164 MS.
370 1121 392 1164 a
412 1097 545 1184 Iiloydio
565 1098 712 1184 episeopo
732 1098 892 1165 oollatnm.
937 1099 1039 1165 Paulo
1058 1105 1135 1164 anie
1153 1103 1252 1167 αὐτοῖς
1269 1123 1333 1186 pro

276 1185 376 1254 αὐτοῖς
390 1184 590 1250 seribendum
605 1185 740 1250 videtur.
778 1186 916 1251 Omnino
929 1186 1011 1262 silet,
1026 1194 1065 1250 nt
1079 1185 1184 1250 obiter
1197 1186 1260 1250 hoo
1273 1209 1333 1251 no-

275 1277 353 1350 tem,
377 1270 529 1337 OPtanus
554 1271 605 1336 hie
627 1293 730 1336 eanoii
752 1271 793 1336 de
813 1272 885 1337 ullis
906 1273 1120 1358 eujusounque
1139 1272 1265 1358 generis
1286 1274 1334 1338 ad

276 1357 384 1424 sedem
399 1357 577 1422 Romanam
591 1357 867 1442 appellationibus.

321 1443 405 1508 Ibid.
425 1443 447 1506 l.
468 1463 516 1529 13.
539 1441 777 1524 ἢοὶκονμενικὴν
790 1445 920 1510 σύνοδον
932 1443 1110 1528 ταράσσειν]
1129 1444 1243 1510 Coum
1263 1444 1333 1530 ple-

275 1549 383 1614 raeque
397 1529 617 1595 eoolesiostioae
633 1529 775 1617 exeeptis
794 1530 835 1595 de
854 1531 917 1596 fide
937 1529 1161 1596 oontroversiis
1174 1530 1227 1595 hio
1242 1553 1334 1616 spee-

276 1621 398 1682 tantur.

674 1733 829 1801 OANON
851 1733 931 1799 VII.

322 1867 406 1933 Ibid.
428 1866 451 1932 l.
468 1886 520 1935 νο.
549 1867 629 1937 Toto
649 1868 900 1952 προστιθεμένους
921 1870 957 1950 τῇ
978 1865 1136 1954 ὄρθοδοξίιι
1155 1868 1230 1956 bro]
1254 1869 1332 1950 Hie,

276 1955 390 2033 fateor,
406 1975 508 2020 eonon
522 1953 556 2018 in
571 1953 716 2018 omnibus
731 1953 930 2019 Balsamonis
941 1961 975 2018 et
986 1955 1122 2019 Zonarae
1136 1964 1334 2022 oommenta-

276 2043 396 2106 riorum
411 2039 602 2104 editionibus
617 2039 765 2105 habetur.
790 2039 918 2106 (litatur
932 2039 1031 2104 etiam
1045 2062 1066 2104 a
1084 2040 1203 2106 Photio
1217 2042 1250 2106 iii
1266 2042 1333 2107 No·

277 2147 452 2192 mooanone
471 2125 521 2191 tit.
538 2125 593 2191 xii.
612 2146 748 2212 oap.14
768 2147 891 2191 neenon
909 2126 944 2190 in
963 2125 1070 2190 Alexii
1089 2127 1234 2193 Aristoni
1254 2128 1334 2214 Epi-

277 2223 364 2279 tome
379 2218 563 2277 oontraotus
577 2219 679 2277 extat.
723 2212 789 2277 Sed
809 2211 843 2276 in
862 2211 1008 2277 omnibus
1029 2211 1154 2278 Latinis
1172 2235 1334 2279 canonum

278 2298 483 2378 versionibus,
502 2297 535 2362 in
554 2299 670 2364 veteris
688 2296 874 2384 interpretis
895 2298 1040 2383 Dionysii
1063 2297 1126 2362 Exi
1171 2300 1190 2378 ⁸,
1212 2300 1333 2366 Isidori

280 2385 472 2451 Mercatoris
489 2386 544 2448 bio.
569 2384 647 2449 item
668 2384 702 2449 in
724 2383 890 2470 Symeonis
913 2383 1102 2470 Logothotae
1154 2385 1275 2472 pitome
1295 2395 1333 2454 et

279 2471 421 2536 Arabioa
431 2470 455 2534 J
457 2469 567 2556 osephi
576 2470 728 2570 AEgyptii
742 2467 940 2571 paraphrasi,
956 2477 991 2536 et
1005 2471 1091 2555 qnod
1105 2471 1138 2536 iii
1152 2472 1262 2557 primis
1273 2473 1332 2538 ob·

279 2558 469 2623 servandum
490 2563 550 2634 est,
569 2556 603 2620 iii
625 2577 695 2642 ipsa
715 2555 854 2622 Joannis
870 2556 1065 2621 Antiooheni
1087 2557 1280 2638 eolleotione,
1296 2566 1333 2624 et

279 2665 505 2720 nomooanone,
521 2641 739 2718 desideratum
763 2642 859 2728 idque
881 2664 945 2707 noii
966 2643 977 2706 i
1017 2643 1065 2708 'us
1082 2643 1213 2721 ineuria,
1233 2652 1271 2709 ut
1289 2667 1334 2710 ex

279 2752 318 2795 eo
332 2737 433 2815 patet,
450 2729 536 2816 quod
549 2728 583 2792 in
598 2728 709 2792 ordine
724 2750 882 2793 oanonum
895 2751 916 2793 a
930 2751 964 2793 se
1001 2729 1139 2813 esoripto
1153 2751 1210 2794 sex
1227 2731 1333 2795 solum

280 2838 417 2882 oenones
431 2815 504 2880 huie
518 2815 664 2880 secundae
677 2815 817 2900 generali
831 2815 952 2900 synodo
962 2816 1131 2894 attribuat,
1143 2815 1259 2894 dioens,
1270 2823 1333 2882 τῶν

281 2905 315 2967 ἑν
327 2904 644 2967 Κωνσταντινουπόλει
655 2898 864 2966 συνελθόντων
873 2900 1020 2983 πατέρων,
1031 2900 1083 2984 ὑφ’
1095 2900 1139 2967 ὧν
1150 2901 1332 2983 ἐξετέθησαν

281 2987 405 3056 κανόνες
419 2986 456 3060 ς’.
472 2994 510 3052 ut
525 2995 619 3052 extra
633 2986 765 3052 dubium
778 2987 822 3052 sit
836 2994 1026 3072 proesentem
1046 2987 1130 3053 inter
1147 2988 1242 3072 hujus
1257 3011 1330 3053 oon-

281 3075 343 3140 oilii
358 3095 495 3140 oenones
514 3073 563 3138 his
583 3073 694 3138 diebus
713 3094 778 3137 non
792 3073 983 3138 reeensitum
997 3073 1102 3138 fuisse.
1147 3074 1331 3156 Quinetiam

280 3167 353 3226 tota
372 3159 501 3226 oanonis
520 3160 614 3246 hujus
633 3159 821 3244 oompositio
842 3181 924 3238 eum,
944 3181 1002 3224 neo
1023 3161 1174 3244 praesenti
1195 3182 1254 3226 nee
1274 3161 1331 3226 alii

281 3246 378 3311 ouivis
396 3247 526 3332 synodo,
542 3247 601 3310 nisi
620 3246 755 3311 forsitan
771 3244 939 3321 Trullanae,
955 3247 995 3310 de
1013 3267 1077 3330 qua
1093 3267 1170 3311 mox
1188 3269 1329 3333 agemus,

280 3332 524 3398 adscribendum
545 3353 613 3397 osse
633 3353 696 3396 non
716 3332 848 3397 obsoure
868 3331 997 3396 indioat.
1043 3329 1131 3396 Nihil
1145 3333 1229 3397 enim
1243 3333 1277 3396 iii
1290 3355 1331 3398 oo

280 3417 495 3496 constituitur,
506 3417 584 3482 nihil
595 3417 815 3492 oonfirmatur3
832 3417 889 3482 sed
900 3425 1028 3482 tantum
1038 3418 1172 3503 antiqua
1182 3419 1331 3505 quaedam

279 3504 446 3570 haeretioos
460 3525 627 3568 oonversos
640 3503 812 3590 reeipiendi
823 3504 1018 3569 eonsuetudo
1031 3503 1083 3568 hie
1096 3505 1261 3570 recitatur.
1283 3505 1331 3570 Et

280 3590 335 3656 ubi
355 3592 395 3656 de
415 3589 571 3656 nonnullis
591 3590 753 3677 signandis
772 3591 870 3655 verba
888 3591 980 3668 finnt,
995 3590 1074 3654 nihil
1090 3591 1275 3677 praeoipitur
1288 3592 1330 3656 do

279 3677 384 3757 modo,
401 3699 464 3762 quo
478 3677 701 3743 celebrandum
715 3685 774 3756 est,
790 3698 848 3741 neo
862 3676 903 3741 de
917 3677 1021 3741 verbis
1038 3675 1071 3740 iii
1088 3676 1154 3740 ritu
1173 3678 1236 3743 isto
1256 3699 1330 3763 pro-

279 3763 476 3838 nunoiandis,
486 3764 542 3828 sed
552 3770 680 3829 tantum
692 3786 764 3848 quae
773 3764 872 3828 verba
885 3762 1088 3848 pronunciari
1102 3763 1215 3841 solent,
1227 3770 1331 3847 Σφρα-

280 3852 327 3934 γὶς
348 3854 459 3933 δωρεᾶς
478 3850 652 3930 Πνεύματος
673 3851 769 3932 ἁγίου,
786 3871 857 3948 quae
878 3848 1037 3934 quideml
1079 3849 1175 3913 uendi
1194 3850 1332 3916 formula

280 3935 423 4022 synodali
438 3935 567 4000 cuilibet
579 3935 800 4001 constitutioni
815 3957 879 4001 non
893 3935 1050 4001 eonvenit.
1101 3959 1229 4000 sumno.
1253 3936 1331 4000 Per-

278 4021 328 4109 git
347 4023 396 4086 vir
414 4021 647 4086 eruditissimus
671 4021 863 4086 sententiam
884 4043 976 4086 suani
998 4043 1036 4085 eo
1058 4021 1172 4087 fortius
1194 4022 1329 4101 munire,

279 4109 365 4194 quod
379 4107 489 4173 existit
504 4107 639 4192 epistola
650 4107 808 4208 quaedam,
820 4130 860 4172 eii
871 4108 975 4173 verbis
986 4107 1081 4193 hujus
1089 4108 1220 4173 eanonis
1230 4109 1331 4173 omni·

279 4217 321 4259 no
335 4201 494 4273 oonstans,
507 4193 783 4279 Constantinopoli
796 4194 839 4259 ad
856 4194 1051 4280 Martyrium
1064 4194 1245 4281 episeopum
1261 4195 1331 4259 An·

278 4279 461 4347 tioehenum
471 4285 546 4366 post
556 4302 675 4346 anuum
684 4301 708 4364 4
706 4297 749 4366 55
761 4280 868 4346 missa.
895 4281 948 4346 Ex
961 4281 1023 4346 hiio
1036 4303 1112 4347 vero
1125 4281 1262 4368 epistola
1275 4281 1329 4346 de-
