2867 4817
290 302 490 368 CONTRA
515 302 752 368 HAERESIM
775 303 938 369 ΝΟΕΤῙ.
1101 307 1144 373 ts

98 472 348 575 ὥπλαιιθιὶνει,
367 477 388 556 ὁ
402 476 493 561 Υἱὸς
510 475 739 576 καλούμενος.
778 479 875 558 Οὔτε
893 475 966 582 γὰρ
983 477 1144 583 ἄσαρκος

97 606 149 681 καὶ
174 605 253 683 καθ
274 600 401 685 ἑαυτὸν
419 607 440 684 ὁ
459 601 593 705 Λόγος,
610 606 744 690 τέλειος
770 604 816 706 ἢν
833 603 930 703 Υἱὸς,
950 608 1064 687 καίτοι
1080 606 1140 687 τε’·

95 742 184 814 λεισς
202 728 325 833 Λόγος
353 729 405 812 ὦν
421 730 628 835 μονογενὴς,
647 734 763 834 οὕθῆ
791 732 893 841 σὰρξ
917 736 995 814 καθ
1015 730 1143 833 ἑαυτὴν

94 860 171 963 dixu
188 868 255 939 τοῦ
274 858 399 964 Λόγου
421 862 622 960 ὑποστῆναι
645 859 810 961 ἠδύνατο,
828 861 888 942 διὰ
911 858 954 941 τὸ
975 863 1013 943 ἐν
1031 860 1142 969 Λόγῳ

71 986 155 1087 snio
180 986 372 1067 σύστασιν
407 988 513 1094 ἔχειν·
554 989 683 1073 Οὕτως
715 990 778 1069 οὖν
810 987 859 1075 εἷς
891 988 979 1075 Υἱὸς
1008 988 1143 1075 τέλειος

144 1243 202 1329 ις’.
219 1246 296 1325 Καὶ
306 1252 421 1325 ταῦτα
433 1242 500 1344 μὲν
511 1246 593 1348 περὶ
606 1243 826 1349 σαρκώσεως
839 1255 903 1327 τοῦ
913 1244 1037 1349 Λόγου
1049 1278 1141 1349 μαρ-

91 1370 201 1475 τύρια·
222 1370 327 1451 ἔστιν
345 1370 384 1452 δὲ
403 1374 462 1452 καὶ
479 1374 582 1476 ἕτερα
598 1379 770 1453 πλεῖστα.
792 1373 948 1473 Ἴδωμεν
966 1372 1005 1455 δὲ
1023 1372 1143 1455 καὶτὸ

91 1500 333 1601 προκείμενον·
358 1497 448 1581 Ὅτι
469 1497 591 1598 ὅντως,
610 1502 773 1607 ἀδελφοὶ,
795 1502 817 1601 ἡ
846 1500 994 1601 δύναμς
1016 1502 1040 1599 ἦ
1066 1535 1139 1580 πα·

54 1634 197 1735 ιοτρῷσ,
216 1628 238 1707 ὅ
256 1630 360 1707 ἐστιν
377 1624 508 1730 Λόγος,
530 1629 591 1707 ἀπ’
611 1630 762 1731 οὐρανοῦ
787 1634 976 1729 κατῆλθεν,
994 1634 1054 1709 καὶ
1079 1633 1142 1711 οὐκ

91 1754 195 1841 αὐτὸς
207 1756 230 1834 ὁ
241 1752 387 1861 Πατήρ.
409 1756 516 1859 Λέγει
530 1754 602 1859 γὰρ
617 1758 741 1840 οὕτως·
757 1756 859 1858 Ἐγὼ
868 1759 907 1836 ἐκ
920 1765 985 1837 τοῦ
997 1754 1143 1862 Harpis·

90 1884 257 1990 ἐξῆλθον,
269 1888 329 1964 καὶ
347 1886 434 1985 ἥκω.
465 1886 518 1965 Τι’
532 1886 575 1965 δέ
586 1887 687 1963 ἐστιν
702 1881 756 1983 τὸ,
770 1884 925 1991 ἐξῆλθον
941 1886 1021 1991 (for.
1039 1883 1060 1966 ὃ
1077 1886 1137 1993 ε’ξ·

90 2016 215 2115 ἦλθεν)
237 2014 279 2091 ἐκ
296 2019 361 2092 τοῦ
379 2010 534 2117 Πατρὸς,
554 2013 636 2093 ἀλλ’
656 2008 721 2112 ἢὸ
740 2010 860 2114 Λόγος
875 2046 885 2109 ;
917 2015 969 2093 Τι’
983 2011 1022 2093 δὲ
1040 2013 1083 2093 τὸ
1100 2012 1145 2119 ἐξ

91 2140 198 2219 αὐτοῦ
215 2138 398 2242 γενιυγθέν,
416 2142 501 2221 ἀλλ’
520 2140 544 2241 ἢ
564 2146 728 2239 Πνεῦμα,
749 2141 934 2221 τουτέστιν
952 2145 973 2223 ὁ
992 2141 1111 2244 Λόγος
1126 2175 1137 2239 ;

52 2310 61 2349 ι
66 2268 197 2366 5’Λλλ’
217 2269 309 2369 ε’ρεῖς
336 2300 407 2366 μοι,
429 2272 515 2351 Πῶς
541 2267 775 2370 γεγέννηται,
805 2267 885 2370 Τὴν
902 2267 968 2369 μὲν
986 2267 1078 2350 κατά
1096 2304 1142 2348 σε

89 2393 269 2497 dubunt»,
289 2396 339 2478 ὦς
361 2392 558 2496 ε’γένιυγσαι,
577 2395 619 2474 οὐ
646 2395 735 2502 δύνῃ
761 2396 921 2504 ἐξειπεῖν,
939 2400 1053 2479 καίτοι
1078 2402 1143 2496 τῆς

89 2520 245 2622 εἰιιίσπγς
263 2520 397 2625 ἡμέρας
415 2522 509 2625 ὁρῶν
526 2518 593 2621 τὴν
611 2521 703 2601 κατὰ
721 2523 911 2629 ἄνθρωπον
929 2526 1056 2605 αἰτίαν·
1083 2530 1142 2605 καὶ

90 2648 155 2751 τὴν
170 2652 257 2753 περὶ
273 2657 403 2730 τοῦτον
419 2649 619 2749 οὶκονομίιιν
637 2651 793 2755 ἀκριβῶς
810 2652 960 2761 ἐξειπεῖν
977 2654 1020 2733 οὐ
1037 2652 1142 2733 δύνοι

91 2812 166 2858 σαι.
218 2778 263 2858 οὐ
287 2776 360 2883 γὰρ
385 2776 561 2880 πάρεστίν
578 2811 641 2857 σοι
657 2780 848 2879 γινώσκειν
865 2779 931 2881 τὴν
949 2789 1013 2862 τοῦ
1035 2786 1138 2881 δημι-

92 2990 169 3048 euim
194 2988 329 3049 Verbum
390 3008 404 3046 r
428 3008 459 3047 ee
481 2999 512 3047 et
533 2989 596 3048 siue
637 2988 733 3048 virtus
744 2990 850 3061 Putris,
861 2990 942 3069 quod
953 3002 998 3049 est
1009 2989 1141 3049 Verbum

92 3090 178 3129 mue
253 3080 336 3129 ecum
372 3069 595 3137 iliueerut,cum
638 3068 740 3137 Dei‚e
760 3070 833 3130 ooelo
855 3070 1013 3139 deseendit,
1033 3083 1065 3130 et
1082 3090 1142 3129 nou

93 3162 192 3209 tumen
218 3162 296 3210 emet
327 3149 489 3229 perfeetum
519 3150 597 3209 Ver·
637 3152 700 3227 ipse
716 3151 812 3219 Pater,
827 3152 869 3211 uio
882 3153 959 3210 euim
973 3152 1032 3211 uit:
1055 3152 1142 3233 ⁸Ego

91 3232 172 3297 bum.
188 3230 370 3309 unigenitus.
411 3230 516 3309 Neque
530 3250 597 3290 curo
638 3253 673 3290 ετ
688 3232 878 3302 Ροιτεισὶυἱ,
893 3242 919 3291 ει
934 3232 1021 3292 venio.
1058 3233 1142 3305 Quid

93 3332 145 3391 per
171 3332 204 3371 ee
231 3312 297 3371 siue
320 3312 419 3371 verbo
442 3312 598 3371 subdetere
639 3323 684 3372 est
695 3324 792 3371 autem
801 3313 880 3391 quod
891 3334 927 3372 ex
941 3314 1029 3373 Putre
1039 3314 1140 3382 exivit,

94 3402 218 3471 poterut,
233 3392 303 3471 quia
318 3392 348 3450 iu
360 3392 461 3452 Verbo
474 3393 599 3452 habebut
639 3393 695 3452 nisi
720 3393 874 3453 Verbum?
894 3394 976 3467 Quid
997 3406 1042 3454 eet
1062 3394 1142 3472 quod

93 3477 140 3544 rip
154 3474 300 3541 σύστασιν,
323 3474 352 3533 id
377 3484 432 3543 eet,
454 3474 484 3533 iu
499 3474 599 3532 Verbo
639 3494 676 3533 ex
690 3475 755 3554 ipso
768 3476 900 3554 genitum
917 3486 962 3534 est
975 3476 1031 3534 uisi
1046 3475 1141 3553 Spiri.

94 3556 280 3615 mbtixtehut.
311 3555 359 3615 Sic
373 3574 442 3632 ergo
456 3574 532 3613 unus
547 3553 598 3612 Fi-
639 3566 699 3627 tus,
714 3556 745 3613 id
759 3566 813 3623 est,
824 3555 977 3614 Verbum?
998 3557 1048 3615 eed
1063 3556 1142 3614 dices

95 3634 152 3693 lius
171 3636 229 3695 Dei
252 3636 409 3716 perfectus,
431 3636 599 3694 manifestu-
640 3637 730 3694 mihi:
754 3636 910 3709 Quomodo
927 3638 1058 3715 genitum
1073 3641 1139 3696 eet?

95 3726 143 3774 tus
156 3728 211 3777 eet.
640 3716 876 3797 Explioutiouem
888 3717 1034 3794 quomodo
1045 3728 1079 3775 tu
1089 3736 1140 3795 ge-

134 3796 225 3857 xvl.
254 3798 356 3877 Atque
391 3796 453 3857 huc
479 3796 597 3875 quidem
639 3798 720 3857 nitus
734 3818 775 3866 ee,
791 3818 850 3856 non
863 3811 947 3876 poteo
960 3818 1140 3877 expromere,

94 3890 163 3937 mut
175 3878 211 3938 de
224 3878 424 3940 incarnatione
437 3878 525 3937 Verbi
540 3887 597 3937 tee-
639 3878 772 3956 quumvis
785 3877 918 3957 quotidie
932 3877 1013 3937 video
1026 3898 1141 3937 oausom

95 3959 226 4029 timonio,
241 3960 342 4020 etalio
364 3959 500 4039 plurimu.
543 3956 598 4016 Vi.
638 3960 805 4029 humanam,
828 3970 859 4017 et
879 3958 998 4017 modum
1020 3979 1141 4038 genero·

94 4038 212 4101 deamuu
225 4062 302 4102 nuuc
316 4040 398 4121 quod
415 4040 597 4119 propositum
639 4040 728 4099 tionis
742 4060 801 4098 nou
815 4051 899 4119 potes
914 4040 1042 4119 perfecte
1056 4040 1140 4099 effer·

95 4120 178 4181 nebu
197 4134 249 4193 eet,
274 4122 357 4202 quod
380 4140 458 4189 vere,
481 4121 596 4189 fratres,
638 4140 679 4180 re.
703 4121 862 4180 Nouenim
875 4120 1139 4197 licettibicognos·

520 4294 533 4323 Ι
545 4282 603 4333 Joh.
614 4286 664 4333 xvi.
678 4282 715 4333 28.

613 4390 630 4429 L
