2867 4817
289 332 354 395 324
541 329 774 395 FIRMIANI
801 328 1073 393 LACTANTII

291 506 413 577 datum
438 504 506 577 Dei
529 504 717 601 legemque
739 504 1014 589 transcenderet.
1065 502 1114 573 Et
1136 502 1205 573 hoc
1226 504 1337 573 modo

292 609 481 693 scientiam*
500 623 643 713 quidem
668 622 752 692 boni
777 643 819 691 ac
844 619 928 691 mali
953 621 1102 711 accepit,
1124 620 1187 690 sed
1211 620 1336 701 vitam,
1425 685 1426 688 ,

293 762 398 831 qnam
437 747 644 833 perpetuam
685 736 785 809 Deus
821 736 1005 820 tribuerat,
1040 737 1166 806 amisit.
1218 736 1338 828 Ejecit

294 854 377 949 ergo
399 864 621 949 peccatorem
645 856 689 926 de
714 862 838 925 sancto
860 852 949 937 loco,
967 861 1005 923 et
1029 854 1067 923 in
1091 853 1186 924 hunc
1212 842 1339 923 orbem

295 962 473 1067 relegauit,
491 981 533 1059 ut
555 972 689 1043 victum
713 977 883 1065 quaereret
907 991 971 1063 per
995 958 1161 1060 laborem,
1181 980 1224 1038 nt
1248 966 1340 1038 diffi-

296 1086 445 1159 cultates
463 1096 501 1160 et
517 1110 687 1159 aerumnaa
705 1110 768 1180 pro
785 1086 913 1156 merito
926 1084 1134 1170 sustineret3
1150 1086 1338 1177 ipsumque

296 1196 493 1296 paradisum
523 1198 616 1273 vallo
645 1204 750 1297 igneo
780 1200 1015 1284 circumfudit,
1042 1224 1088 1272 ne
1118 1202 1195 1293 qnis
1224 1198 1336 1269 borni-

297 1343 383 1390 num
400 1320 444 1389 ad
462 1312 556 1390 diem
573 1342 684 1411 usque
701 1318 827 1412 judicii
844 1318 890 1388 ad
906 1316 1023 1389 locum
1039 1318 1141 1389 illum
1159 1328 1337 1412 perpetue

297 1422 526 1507 beatitudinis
561 1444 749 1507 conaretur
783 1435 944 1527 irrepere.
999 1434 1090 1505 'l'um
1129 1445 1253 1505 secuta
1283 1444 1340 1504 est

298 1542 478 1625 hominen]
493 1548 589 1624 more
605 1576 651 1623 ex
669 1550 739 1623 Dei
756 1553 940 1633 sententia,
956 1562 995 1621 et
1018 1554 1139 1622 tamen
1156 1552 1232 1621 vita
1254 1552 1342 1643 ejus,

300 1661 384 1738 licet
406 1668 609 1761 temporalis
631 1690 707 1739 esse
729 1668 901 1761 coepisset
918 1667 961 1737 in·
975 1666 1074 1737 mille
1096 1668 1197 1740 annis
1218 1667 1344 1736 termi-

299 1808 385 1855 num
406 1786 540 1867 sumsit,
558 1793 596 1855 et
617 1785 653 1855 id
670 1784 739 1855 fuit
760 1785 927 1855 humanae
943 1784 1025 1854 ritae
1046 1784 1200 1877 spatium
1226 1804 1342 1875 usqne

302 1901 346 1970 ad
381 1900 582 1994 cataclysmi
617 1910 776 1995 tempus:
819 1924 904 1972 nam
936 1910 1014 1994 post
1048 1901 1219 1971 diluvium
1255 1922 1344 1993 pan-

223 1998 226 2005 ’
303 2016 402 2087 latim
429 2017 503 2087 rita
526 2016 711 2088 hominum
735 2018 901 2101 breviata
929 2026 965 2088 et
991 2018 1036 2089 ad
1060 2040 1170 2088 annos
1194 2025 1343 2087 centum

304 2130 429 2226 viginti
446 2132 588 2203 redacta
604 2139 669 2203 est.
721 2130 872 2228 Serpens
888 2156 971 2203 vero
992 2132 1063 2215 ille,
1080 2134 1141 2225 qui
1160 2133 1206 2203 de
1228 2132 1343 2213 factis,

305 2242 459 2331 Diaboli,
486 2247 523 2319 id
556 2246 620 2331 est,
650 2244 881 2319 criminatoris
908 2250 981 2319 sive
1014 2248 1179 2319 delatoris
1211 2270 1345 2318 nomen

306 2361 451 2455 accepit,
477 2360 548 2433 non
574 2362 711 2434 destitit
734 2364 856 2433 semen
879 2362 1041 2445 hominis,
1069 2385 1175 2456 quem
1200 2384 1223 2432 a
1248 2360 1346 2454 prin-

307 2478 399 2571 cipio
413 2510 414 2513 ¹
429 2470 624 2572 deceperat,
655 2476 825 2573 persequi.
877 2475 1040 2571 Denique
1070 2502 1161 2560 eum,
1187 2479 1248 2570 qni
1276 2478 1348 2571 pri-

309 2588 388 2665 mus
411 2596 448 2665 in
470 2592 538 2689 boc
562 2592 645 2667 orbe
659 2588 666 2597 ’
672 2604 858 2691 generatus
881 2606 944 2679 est,
970 2597 1136 2689 inspirato
1162 2594 1282 2677 livore,
1307 2596 1347 2664 in

311 2706 443 2783 cae'dem
468 2710 584 2783 fratris
606 2714 757 2783 armavit
764 2734 776 2795 ;
808 2720 851 2781 ut
874 2713 919 2782 de
944 2712 1080 2783 duobus
1103 2712 1347 2807 primogenitis

310 2808 511 2899 hominibus
528 2828 680 2900 alterum
699 2818 936 2924 extingueret,
949 2828 1100 2900 alterum
1115 2830 1247 2901 faceret
1267 2852 1349 2926 par·

310 2941 463 3014 ricidam.
517 2944 597 3015 Nec
620 2946 754 3038 quievit
777 2942 950 3037 deinceps,
968 2969 1037 3038 qno
1060 2948 1179 3016 minus
1194 2970 1259 3038 per
1278 2947 1352 3016 sin·

310 3053 410 3155 gulas
425 3062 668 3162 generationes
685 3062 885 3155 pectoribus
901 3062 1082 3132 hominum
1095 3062 1241 3133 malitiae
1253 3062 1352 3133 virus

312 3177 523 3272 infunderet,
554 3188 801 3271 corrumperet,
828 3178 1043 3273 depravaret,
1064 3179 1173 3249 tantis
1197 3178 1352 3271 denique

316 3293 504 3365 sceleribus
539 3294 712 3376 obrueret,
750 3302 791 3363 ut
823 3294 970 3387 justitia
997 3293 1073 3386 jam
1106 3317 1223 3364 rarum
1257 3306 1354 3367 esset

316 3412 528 3504 exemplum,
562 3410 623 3482 sed
658 3412 816 3481 viverent
849 3411 1007 3481 homines
1040 3409 1111 3481 ritu
1143 3410 1353 3482 belluarum.

316 3518 421 3612 Quod
451 3526 549 3621 Dens
578 3550 660 3599 cum
696 3524 841 3609 videret,
879 3526 1021 3621 angelos
1059 3528 1140 3599 suos
1173 3528 1279 3610 misit,
1308 3542 1356 3599 ut

317 3640 423 3715 vitam
441 3642 633 3743 'hominum
663 3642 874 3727 excolerent,
904 3666 1034 3738 eosque
1058 3640 1227 3715 ab‘omni
1256 3642 1355 3715 malo

317 3752 511 3833 tuerentur.
533 3741 622 3832 ιΗίἐ
645 3749 980 3857 1111111111ίιι11ὀες111,
997 3771 1039 3831 nt
1061 3784 1099 3831 se
1124 3763 1271 3833 terrenis
1293 3762 1357 3833 ab-

318 3874 500 3973 stinerent,
530 3876 575 3948 ne
608 3898 677 3970 qua
706 3876 787 3948 labe
819 3872 995 3961 maculati,
1021 3869 1161 3949 'honore
1192 3878 1356 3973 angelico

320 3987 584 4087 mulctarentur.
617 3988 706 4065 'Sed
734 4016 794 4064 eos
819 3985 957 4089 quoque
981 3996 1076 4065 idem
1101 3991 1162 4067 ille
1187 3994 1357 4067 subdolus

320 4095 529 4194 criminator,
548 4110 631 4182 dum
656 4112 749 4181 inter
770 4102 930 4183 homines
952 4123 1223 4197 commorantur,
1239 4112 1358 4185 illexit

320 4225 364 4295 ad
393 4218 600 4317 voluptates,
630 4236 672 4297 ut
705 4250 743 4299 se
772 4250 854 4297 cum
888 4228 1092 4300 mulieribus
1121 4230 1357 4321 inquinarent.
