2867 4817
514 261 746 327 EPlTOME.
1084 257 1149 321 ala

107 440 230 510 dinum
246 459 377 532 genera
393 407 576 507 eriercuit?
616 432 713 504 Nam
736 434 831 504 idem
848 430 1063 502 Alcmenam
1081 429 1150 500 Le·
1264 492 1267 498 .

107 551 259 644 danique
277 553 423 624 summis
446 553 530 623 viris
544 558 672 643 nuptas
688 549 862 619 adulterio
880 548 965 617 fecit
981 547 1150 628 infamem

107 669 202 738 idem
220 667 482 760 pulchritudine
504 668 604 758 pueri
622 672 755 757 captus,
774 670 961 732 venantem
979 685 1020 732 ac
1037 660 1151 730 virilia

107 783 350 863 meditantem,
384 783 430 851 ad
464 781 642 852 faemineos
671 801 756 850 usus
786 776 958 847 violenter
986 777 1151 869 abripuit.

109 898 204 982 Quid
222 899 396 990 virginum
414 905 535 988 stupra
555 915 839 974 commemorem,
859 915 1007 983 quarum
1029 890 1153 961 multi-

109 1014 196 1083 tudo
224 1019 356 1103 quanta
380 1011 497 1091 inerit,
523 1009 676 1080 filiorum
698 1031 866 1078 numerus
892 1007 1073 1078 ostendit?
1108 1007 1153 1076 In

108 1151 180 1198 una
215 1137 336 1197 tamen
363 1125 514 1218 Thetide
548 1124 780 1195 abstinentior
814 1123 903 1193 brit:
947 1131 1023 1193 erat
1057 1123 1152 1192 enim
1227 1102 1231 1109 ²
1265 1215 1267 1219 .

109 1243 326 1335 praedictum,
361 1241 455 1332 qnod
495 1241 534 1322 is,
570 1263 677 1330 quem
709 1240 866 1331 paritura
904 1247 1008 1320 esset,
1042 1240 1154 1329 major

109 1365 211 1449 patre
228 1379 292 1426 suo
309 1355 449 1424 fotmus
472 1364 576 1425 esset.
629 1340 807 1447 Pugnavit
824 1376 907 1446 ergo
925 1377 1006 1424 cum
1023 1376 1153 1436 amore,

110 1495 156 1542 ne
179 1471 259 1563 quis
284 1491 321 1540 se
344 1471 456 1561 major
481 1477 692 1538 nasceretur.
744 1468 887 1538 Sciebat
911 1491 1004 1561 ergo,
1023 1491 1060 1538 se
1083 1492 1155 1539 non
1221 1449 1227 1461 “

111 1611 188 1658 esse
213 1585 378 1679 perfectae
401 1586 549 1666 virtutis,
576 1584 837 1675 magnitudinis,
860 1585 1055 1676 potest-atie,
1084 1584 1154 1676 qui,

112 1703 208 1796 quod
233 1704 308 1794 ipse
336 1701 427 1793 patri
454 1701 596 1782 fecerat,
626 1701 758 1770 timuit.
809 1699 883 1769 Cur
911 1701 1019 1791 igitur
1044 1701 1157 1772 maxi-

112 1842 192 1889 mus
215 1819 370 1910 optimus
391 1811 483 1911 (sor.
509 1817 664 1908 optimus
686 1815 863 1885 maximus
884 1813 1021 1908 Dacia.)
1044 1818 1157 1886 nomi-

113 1943 229 2017 natur,
246 1956 329 2003 cum
354 1955 392 2002 se
417 1939 455 2001 et
479 1922 633 2025 peccatis
658 1933 959 2014 contaminaverit,
985 1933 1079 2024 quod
1103 1941 1157 2002 est

113 2051 237 2142 injusti
261 2071 302 2119 ac
327 2047 421 2129 mali,
448 2055 485 2117 et
509 2048 679 2139 majorem
704 2048 873 2130 timuerit,
895 2048 988 2139 quod
1012 2057 1066 2118 est
1093 2049 1159 2116 im-

114 2163 236 2236 becilli
252 2186 294 2234 ac
310 2163 464 2233 minoris.

533 2276 643 2348 OAP.
669 2278 741 2348 XI.

169 2396 241 2466 Sed
267 2395 362 2464 dicet
387 2391 512 2485 aliquis
537 2393 621 2464 ficta
645 2394 721 2464 haec
747 2419 823 2466 csse
851 2419 873 2465 a
898 2395 1021 2488 poetis.
1074 2392 1159 2466 Non

116 2522 173 2583 est
188 2511 258 2580 hoc
275 2509 453 2602 poeticum
471 2509 520 2578 sic
542 2508 684 2600 fingere,
702 2518 743 2578 ut
761 2519 878 2580 totum
898 2513 1080 2594 mentiare,
1098 2511 1160 2580 sed

117 2639 160 2698 ut
197 2651 248 2708 ea,
279 2648 359 2718 quae
394 2633 496 2716 gesta
524 2633 616 2705 sunt,
646 2625 759 2718 figura
788 2635 825 2696 et
855 2629 953 2719 quasi
987 2628 1161 2698 velamine

117 2743 238 2834 aliquo
268 2739 475 2810 versicolore
505 2748 691 2832 praetexas.
752 2740 861 2812 Hunc
888 2744 996 2814 habet
1024 2746 1163 2836 politica

118 2859 265 2930 licentia
299 2857 454 2938 modum,
491 2878 563 2924 non
598 2863 640 2925 ut
674 2863 793 2926 totum
829 2859 949 2952 fingat,
980 2861 1074 2951 quod
1108 2868 1163 2931 est

118 2973 300 3050 mendacis
318 2980 355 3042 et
377 2970 498 3062 inepti,
516 2972 577 3040 sed
599 2979 642 3040 ut
663 2971 796 3063 aliquid
812 2997 895 3044 cum
916 2976 1052 3045 ratione
1069 2998 1164 3045 com-

119 3098 249 3160 mutet.
302 3086 346 3155 In
362 3085 513 3155 imbrem
536 3107 574 3154 se
596 3107 742 3156 aureum
760 3091 905 3158 vertisse
928 3091 1105 3172 dixerunt,
1122 3100 1165 3161 ut

122 3205 272 3280 Danaen
297 3201 447 3272 falleret.
500 3199 588 3284 Quis
613 3211 667 3271 est
692 3203 808 3272 imber
834 3205 982 3274 aureus?
1030 3205 1165 3297 Utique

121 3322 220 3392 aurei
247 3320 395 3398 nummi,
419 3339 568 3408 quorum
589 3339 754 3410 magnam
778 3321 915 3411 copiam
943 3320 1101 3404 offerens,
1129 3322 1167 3392 e't

124 3439 162 3507 in
195 3438 312 3507 sinum
344 3434 542 3514 infundens,
576 3433 810 3527 fragilitatem·
842 3437 1020 3529 virginalis
1059 3438 1167 3506 animi

124 3553 192 3622 hac
225 3551 389 3620 mercede
423 3549 589 3641 corrupit.
642 3549 701 3619 Sic
748 3559 786 3619 et
832 3553 981 3622 imbrem
1015 3552 1168 3622 ferroum

125 3642 260 3748 dicdnt,
290 3687 373 3735 cum
403 3664 527 3734 volunt
556 3664 822 3735 multitudinem
855 3668 1050 3760 significare
1081 3667 1169 3737 telo-

126 3807 216 3854 rum.
260 3780 478 3851 Catamitnm
496 3782 532 3848 in
550 3781 667 3871 aquila
683 3781 809 3872 rapuit.
854 3783 941 3865 Qum
959 3791 1013 3852 est
1030 3783 1169 3874 aquila?

128 3899 241 3992 Legio
275 3895 419 3977 scilicet,
454 3895 620 3986 quoniam
648 3897 762 3988 figura
793 3897 908 3988 hujus..
927 3899 1086 3970 animalis
1120 3901 1172 3969 in-

128 4017 227 4109 signe
257 4012 405 4106 legionis
436 4019 500 4080 est.
553 4010 731 4102 Europam
766 4015 961 4083 transvexit
990 4016 1026 4082 in
1058 4023 1171 4086 tauro.

129 4131 219 4217 Quis
236 4137 291 4200 est
309 4125 453 4197 taurus?
492 4124 627 4216 Utique
645 4127 754 4211 navis,
771 4151 848 4220 quae
865 4128 1015 4200 tutelam
1038 4131 1173 4212 habuit,
