2867 4817
274 303 340 371 168
580 303 830 367 ADVERSUS
854 303 1016 367 OMNES

275 482 313 549 in
346 480 407 561 eis,
442 478 488 547 ob
522 500 628 570 quam
662 502 804 549 causam
840 480 958 549 omrria
991 479 1130 550 infirma
1164 502 1249 559 esse,
1285 486 1324 547 et

275 597 423 691 fragilia,
439 603 477 665 et
494 596 636 679 caduca,
654 606 692 666 et
713 595 887 679 mortalia,
911 618 1146 689 quaecumque
1171 604 1254 667 sunt
1278 594 1325 665 ab

275 716 352 808 ipso
383 714 499 785 facta:
525 714 859 805 quoniamquidem
888 714 965 807 ipse
988 713 1096 785 fuerit
1120 714 1165 783 de
1190 713 1327 805 aporia-

275 833 375 902 tione
399 837 592 922 conccptus
616 838 725 922 atque
751 829 929 923 prolatus:
954 830 1051 902 hunc
1074 840 1196 903 tamen
1224 831 1328 903 iusti-

276 949 387 1019 tuisse
414 948 523 1017 istum
550 947 725 1017 mundum
753 969 800 1018 ex
825 947 880 1019 his
905 949 1071 1031 materiis,
1098 970 1184 1041 quas
1205 946 1355 1025 Ache-5

277 1064 389 1148 moth,
411 1063 470 1135 vel
494 1063 666 1157 pavendo,
689 1062 748 1133 rel
775 1064 944 1146 timendo,
973 1063 1030 1135 vel
1056 1064 1328 1147 constristando,

278 1178 335 1251 vel
363 1177 522 1250 sudando
548 1179 770 1271 praestiterat.
830 1178 928 1250 Nam
955 1202 1001 1251 ex
1031 1202 1170 1273 pavore,
1200 1182 1329 1273 inquit,

277 1296 437 1367 tenchrae
449 1296 551 1367 facta
564 1302 666 1366 sunt:
693 1319 740 1367 ex
758 1296 886 1367 timone
903 1305 941 1366 et
958 1297 1165 1390 ignorantia,
1183 1298 1330 1389 spiritus

278 1415 445 1506 nequitia
471 1421 509 1483 et
536 1409 794 1505 malignitatis:
832 1434 879 1483 cx
909 1413 1054 1483 tristitia
1086 1420 1125 1483 et
1154 1412 1330 1506 lacrymis,

278 1531 426 1602 humida
451 1531 606 1601 fontium
630 1527 816 1599 fluminum
844 1527 938 1626 (for.
960 1538 998 1601 et
1023 1529 1225 1625 fluminum)
1253 1554 1332 1601 ma
1347 1550 1380 1589 ¹0

278 1648 379 1730 teria,
406 1648 593 1738 marisque.
644 1644 826 1717 Christum
856 1654 978 1717 autem
1005 1648 1150 1719 missmn
1185 1647 1231 1719 ab
1264 1647 1332 1719 illo

278 1772 478 1858 propatore,
502 1763 564 1854 qui
598 1768 653 1831 est
680 1760 828 1855 Bythos.
881 1762 988 1835 Hunc
1023 1772 1144 1835 autem
1179 1766 1217 1835 in
1246 1766 1333 1837 srib-

281 1881 413 1951 stantia
428 1879 582 1971 corporis
599 1878 709 1949 nostri
727 1901 801 1949 non
821 1879 938 1965 firisse,
956 1882 1018 1951 sed
1036 1882 1192 1975 spiritale
1209 1885 1332 1955 nescio

282 1996 378 2087 quod
419 2018 545 2088 corpus
588 1994 634 2066 de
671 1995 761 2067 coelo
805 1995 1034 2081 deferentem,
1065 1999 1165 2090 quasi
1200 2022 1332 2091 aquam

282 2135 347 2205 per
370 2112 525 2183 fistulam
550 2112 602 2183 sic
625 2134 690 2204 per
715 2111 870 2183 Mariam
896 2114 1068 2207 virginem
1085 2121 1331 2200 transmeasse,
1347 2134 1380 2193 ¹5

283 2227 371 2299 nihil
398 2229 482 2299 inde
498 2228 556 2297 rel
576 2229 819 2321 accipientem,
837 2228 894 2299 vel
911 2239 1147 2301 mutuantem.
1199 2232 1333 2303 Resur-

283 2347 478 2417 rectionem
506 2344 612 2438 hujus
638 2346 752 2416 carnis
779 2354 896 2439 negat,
923 2346 987 2417 sed
1015 2346 1169 2417 alterius.
1223 2347 1333 2444 legis

279 2472 320 2534 et
335 2461 587 2555 prophetarum
604 2462 768 2554 quaedam
793 2462 930 2555 probat
947 2465 1112 2555 quaedam
1131 2463 1332 2559 improbat:

280 2580 319 2649 id
352 2586 418 2663 est,
451 2579 572 2649 omnia
604 2578 791 2671 improbat,
825 2580 911 2651 dum
946 2580 1110 2673 quaedam
1153 2582 1330 2674 reprobat.

282 2696 518 2792 Evangelium
542 2695 651 2767 etiam
676 2694 786 2767 habet
811 2719 925 2781 aurun,
943 2706 1074 2791 praeter
1098 2697 1177 2768 haec
1199 2709 1330 2771 nostra
1343 2728 1383 2767 ιο

283 2813 370 2885 Post
389 2813 486 2885 hunc
515 2814 731 2885 exstiterunt
749 2813 963 2886 Ptolemaeus
988 2823 1026 2885 et
1049 2814 1235 2887 &eunius
1260 2815 1334 2887 hre-

281 2932 394 3015 retiai,
423 2932 485 3023 qui
511 2952 594 3002 cum
620 2928 816 3002 Valentino
845 2952 909 3023 per
938 2932 1058 3002 onmia
1082 2932 1332 3015 consentiunt;

282 3049 321 3119 in
348 3047 412 3118 illo
438 3046 515 3118 solo
543 3046 733 3131 diffenmt3
757 3070 838 3118 uam
866 3070 949 3119 cam
975 3046 1191 3121 Valentinus
1211 3070 1333 3121 aeonas

281 3172 425 3235 tantum
448 3164 595 3257 triginta
618 3164 789 3247 finxisset,
806 3164 865 3235 isti
890 3163 1103 3235 addiderunt
1122 3162 1212 3235 alios
1235 3187 1334 3235 ccm-

281 3278 422 3372 plurcs;
447 3286 598 3371 quatuor
614 3281 714 3351 enirn
733 3280 898 3373 primum,
915 3278 1044 3350 deinde
1067 3279 1154 3351 alios
1179 3288 1334 3373 quatuor
1344 3314 1358 3353 2
1362 3312 1379 3371 5

281 3404 591 3489 aggregavenmt3
628 3404 666 3466 st
699 3397 794 3489 quod
825 3396 912 3467 dicit
942 3394 1158 3467 Valentinus
1191 3420 1332 3469 mtrem

281 3512 502 3605 trigesimum
532 3513 725 3584 excessisse
754 3512 799 3583 de
832 3511 1040 3605 pleromate,
1067 3519 1110 3581 ut
1142 3512 1180 3582 in
1214 3512 1334 3583 defec-

281 3630 427 3711 tionem,
456 3636 589 3723 negant
615 3630 694 3701 isti:
723 3652 795 3700 non
825 3630 921 3699 enim
949 3652 996 3699 cx
1025 3627 1087 3698 illa
1111 3628 1333 3699 triacontade

281 3746 389 3817 irrisse
417 3744 523 3829 hunc,
554 3746 615 3838 qui
644 3746 812 3817 fueritin
838 3744 1038 3817 defectione
1070 3750 1216 3838 propter
1242 3743 1334 3814 desi·

280 3864 419 3935 demum
436 3863 578 3934 videndi
595 3864 801 3955 propatoris.
855 3862 1006 3934 Exstitit
1026 3870 1200 3955 praetcrea
1217 3859 1380 3940 Hera-30

281 3980 383 4053 cleon
408 3979 499 4051 alter
523 3979 724 4063 haereticus,
742 3981 802 4072 qui
820 4003 901 4051 cum
921 3978 1117 4053 Valentino
1134 3979 1233 4073 paria
1253 4000 1334 4049 scn-

283 4097 337 4180 tit,
361 4097 423 4168 scd
448 4097 608 4167 novitate
634 4097 785 4189 quadam
811 4096 1107 4189 pronuntiationis
1124 4094 1203 4165 vult
1220 4094 1333 4164 videri

175 4286 180 4295 ,
280 4210 351 4283 alia
379 4213 535 4296 sentim
560 4213 754 4284 introducit
779 4214 875 4285 enim
900 4214 938 4284 in
963 4213 1085 4306 primis
1108 4210 1197 4283 illud
1223 4210 1335 4283 fuisse
