2867 4817
277 344 343 408 152
578 340 648 404 Ex
671 340 819 405 LIBRO
843 339 1031 404 DIURNO

278 516 514 592 anathematis
530 524 661 587 aetema
684 538 833 586 censura
853 516 898 586 ab
920 514 1070 587 ecclesia
1086 514 1156 586 Dei
1180 516 1332 609 projecti

278 641 372 705 sunt.
406 632 498 704 Cum
511 632 566 704 his
582 642 620 703 et
633 631 794 727 epistola,
808 654 885 723 quae
903 630 979 702 lbae
993 633 1122 703 dicitur
1134 634 1180 703 ad
1194 632 1331 702 Marim

279 750 434 833 Persam,
455 757 494 820 et
516 750 647 842 scripta
668 748 873 820 Theodoriti
895 748 1062 819 adversus
1085 748 1331 821 beatissimum

280 864 462 963 cyrillum,
480 888 562 937 cum
579 866 876 937 condemnatione
892 866 1050 957 projecte
1067 873 1160 935 sunt.

330 982 375 1053 ln
398 983 467 1055 hoc
489 981 641 1054 Severus
663 979 886 1075 Acephalus,
902 1003 985 1051 cum
1011 978 1120 1051 Petro
1143 989 1183 1051 et
1204 979 1355 1079 Zoara5

279 1099 484 1192 caeterisque
507 1101 634 1170 eorum
652 1098 770 1191 impiae
793 1097 1007 1169 confusionis
1030 1097 1255 1169 consortibus
1280 1108 1334 1169 at·

267 1240 349 1310 ⁴que
383 1216 601 1309 sequacibus,
630 1224 803 1309 perpetua
836 1214 1130 1285 condemnatione
1163 1217 1331 1307 prostrati

279 1341 372 1415 sunt,
390 1342 429 1403 et
452 1355 575 1403 omnes
596 1333 728 1424 quiex
744 1332 891 1402 'duabus
914 1339 952 1401 et
975 1331 1012 1401 in
1035 1330 1172 1402 duabus
1195 1333 1333 1402 naturis

280 1450 354 1520 sive
382 1447 598 1531 substantiis,
628 1470 711 1519 oum
741 1469 863 1518 earum
896 1446 1180 1541 proprietatibus,
1215 1470 1331 1518 unum

280 1567 516 1659 eumdemque
551 1564 748 1637 Dominum
784 1572 946 1634 nostmm
983 1562 1108 1635 Jesum
1146 1564 1333 1636 Christum
1345 1586 1378 1623 10

281 1680 414 1752 Filium
430 1681 500 1752 Dei
517 1684 917 1776 cognoscere'renuunt.
969 1680 1140 1764 Quicum
1158 1679 1263 1753 Deus
1287 1684 1334 1753 sit

280 1798 587 1870 consubstantialis
614 1797 713 1869 Patri
740 1804 849 1890 atque
870 1802 1080 1879 coaternus
1096 1806 1243 1891 propter
1268 1822 1335 1870 nos

281 1926 507 2010 nostramque
540 1915 692 1987 salutem
727 1915 909 1985 descendit
943 1915 988 1985 de
1019 1912 1119 1997 ooelo,
1150 1922 1189 1984 et
1218 1915 1336 1987 ineur-

267 2034 386 2104 ‘natus
402 2041 457 2105 est
474 2034 519 2104 de
537 2032 673 2126 Spiritu
690 2030 834 2114 Sancto,
850 2032 889 2101 id
905 2039 970 2114 est,
989 2032 1193 2125 operatione
1206 2030 1334 2103 Sancti

282 2149 436 2243 Spiritus
460 2150 559 2245 virgo
589 2147 659 2219 Dei
689 2148 803 2220 filium
833 2149 1005 2241 concepit,
1036 2170 1140 2219 carne
1174 2150 1378 2233 animamr5

281 2266 437 2338 habente
469 2264 678 2337 rationalem
706 2271 815 2357 atque
847 2263 1146 2337 intellectualem:
1189 2266 1229 2335 in
1263 2289 1336 2360 qun

282 2406 387 2454 carne
410 2390 449 2453 et
465 2381 653 2454 crucifixus
669 2389 734 2465 est,
752 2388 790 2452 et
811 2388 973 2453 mortuus
990 2389 1055 2464 est,
1072 2388 1111 2451 et
1132 2382 1241 2453 tertia
1264 2383 1334 2465 die,

284 2500 376 2571 sicut
392 2499 516 2584 voluit,
532 2500 725 2570 remrrrexit
747 2520 769 2568 a
790 2498 949 2580 mortuis,
966 2499 1091 2568 mortis
1111 2507 1240 2569 nostrae
1264 2500 1336 2571 dis-

283 2615 422 2687 solvens
454 2616 662 2710 imperium:
706 2615 843 2706 inqua
872 2636 986 2697 carne,
1017 2636 1124 2706 quam
1153 2637 1200 2685 ex
1230 2615 1336 2687 nobis

121 2758 185 2809 neo.
193 2757 274 2821 aar,
283 2735 471 2828 assumpsit
495 2733 629 2825 absque
653 2731 730 2804 solo
759 2737 915 2825 peccato,
945 2730 1047 2801 sedet
1075 2730 1120 2801 ad
1145 2730 1333 2803 dexteram
1346 2764 1381 2803 ιο

285 2850 410 2934 Patris,
439 2852 477 2920 in
506 2873 549 2921 ea
578 2858 748 2920 venturus
770 2848 933 2941 judicare
959 2847 1058 2919 vivos
1087 2854 1125 2917 et
1151 2856 1333 2921 mortuos:

283 2969 384 3061 cujus
399 2968 500 3061 regni
516 2967 673 3037 nouerit
689 2966 779 3037 finis.

334 3084 434 3156 Inter
451 3083 526 3154 haec
548 3082 748 3154 veneranda
771 3082 980 3155 universalia
1003 3083 1158 3175 quinque
1182 3084 1335 3155 eoncilia

283 3203 393 3273 etiam
414 3210 575 3272 sanctmn
597 3208 741 3271 sextum
766 3198 956 3271 concilium
970 3196 1168 3270 universale
1185 3208 1334 3271 eentum

284 3318 508 3413 septuaginta
535 3316 691 3410 quinque
728 3316 982 3388 venerabilium
1019 3316 1208 3408 prmsulum
1246 3341 1383 3410 pra-25

284 3437 452 3519 dicamus,
469 3434 564 3528 quod
588 3434 732 3504 favente
753 3431 843 3515 Deo,
861 3440 899 3503 et
921 3442 1045 3504 votnm
1065 3434 1131 3526 piae
1153 3436 1335 3506 memoria

282 3554 402 3647 magni
418 3552 584 3645 principis
600 3552 711 3622 nostri
729 3548 875 3620 Domini
893 3547 1116 3621 Constantini
1137 3548 1337 3621 clementer

282 3669 464 3764 implente,
489 3670 527 3739 in
553 3670 642 3740 urbe
667 3668 773 3762 regia,
800 3688 843 3737 eo
867 3667 1086 3760 praesidente,
1113 3667 1335 3740 celebratum

282 3796 349 3871 est,
379 3788 437 3859 cui
465 3785 665 3879 apostolica
693 3784 945 3856 recordationis
975 3780 1119 3877 Agatho
1148 3806 1241 3878 papa
1271 3809 1336 3878 per

283 3904 419 3999 legatos
456 3926 538 3975 suos
572 3911 611 3974 et
645 3900 862 3996 responsales
899 3902 1050 3995 praefuit,
1086 3901 1188 3993 cujus
1225 3922 1380 3987 vene-30

283 4020 430 4092 rabilem
452 4029 591 4092 tornum
614 4018 801 4090 celebriter
823 4026 1058 4111 assequentes,
1077 4040 1138 4088 eoa
1155 4016 1223 4109 qui·
1239 4040 1335 4088 novo

283 4146 321 4209 et
353 4137 519 4209 haeretico
550 4138 718 4231 dogmate
747 4134 1011 4207 immaculatam
1047 4130 1115 4206 Dei
1147 4132 1335 4206 ecclesiam

283 4253 442 4346 polluere
474 4253 688 4335 nitebantur,
720 4261 757 4323 et
787 4274 918 4323 errasse
952 4252 1174 4323 manifestius
1208 4251 1335 4344 proba-
