2867 4817
187 339 242 404 IN
267 334 514 404 TERTULL.
539 334 604 402 DE
629 338 923 403 PRAESCRIPT.
948 340 1077 405 ΗΕΒ.
1107 344 1172 407 203

110 511 206 595 hujus
228 510 305 575 libri
326 510 443 576 editori
464 512 592 575 contai
613 533 651 575 ae
675 511 883 576 metati.
927 512 1049 578 Contra
1067 512 1168 579 Junio

109 597 261 683 placebat
282 596 379 662 lectio
401 598 561 671 veritates·
590 598 646 662 sed
670 598 794 661 monuit
815 596 984 677 Semlerus,
1004 600 1165 685 pertinere

107 684 237 748 coemi
251 684 296 748 ad
311 682 527 768 mandam,
544 683 571 747 si
585 683 646 747 hoc
660 683 790 747 verbum
804 692 942 749 maneat.
979 686 1090 770 Atque
1104 707 1163 773 ego

108 770 191 833 hanc
217 769 438 833 Pamelianam
463 769 597 854 praefero
621 769 789 833 lectionem
817 769 862 834 illi
891 770 1092 856 Rigaltianae‚
1118 774 1164 838 ad

100 856 376 941 principalitatem
389 855 535 921 veritatis
557 864 586 919 st
599 858 805 940 posteritatem
819 855 1041 921 mendacitatis
1055 858 1162 943 dispu-

107 942 255 1005 tandam.
301 942 419 1005 Omnes
434 942 527 1007 editt.
542 949 619 1005 ante
638 942 812 1027 Rigaltium
826 942 1054 1027 deponendam
1079 952 1113 1008 st
1127 946 1160 1009 in

105 1028 302 1113 Apoloyatico
318 1027 504 1091 Tertulliani
520 1027 749 1113 habese-epad
760 1028 900 1106 dominos
911 1029 941 1092 si
946 1030 1039 1113 forte,
1051 1030 1161 1094 detio

102 1115 222 1196 quitur,
239 1114 316 1177 dam
336 1114 529 1199 wpmmdm,
549 1114 624 1177 dms
645 1136 681 1176 ec
697 1116 813 1197 futoro
829 1136 975 1199 presens,
995 1115 1103 1179 dehinc
1124 1139 1161 1181 ca

99 1201 253 1283 praem
259 1201 457 1285 petentum
471 1201 653 1285 deputatur,
670 1222 740 1284 cap.
758 1219 808 1264 20.
845 1200 891 1264 Et
905 1200 1032 1285 ὡραῖον
1044 1203 1160 1286 anaclet

105 1294 198 1350 extat
224 1287 259 1348 in
282 1286 337 1349 lib.
360 1287 428 1369 ejus
450 1286 547 1349 Aee.
578 1284 807 1349 Valentinianos
827 1308 896 1371 cap.
911 1304 964 1370 32.
1008 1288 1157 1352 Oeterum

98 1372 329 1457 principalitas
341 1380 400 1447 est,
417 1379 454 1436 ut
468 1372 515 1435 ait
530 1372 635 1436 editor
644 1372 875 1436 laetamen
886 1372 971 1437 card.
985 1372 1156 1454 Thomasii,

105 1458 191 1541 quod
206 1480 229 1522 a
243 1458 409 1544 principio,
425 1459 467 1522 ab
481 1457 573 1521 initio
587 1457 658 1522 fuit.

147 1544 382 1627 P.147.l.10.
405 1545 598 1629 inprimere
623 1542 806 1628 constituit]
836 1544 994 1608 Nimirum
1018 1553 1159 1611 semente

104 1628 152 1693 vel
168 1638 257 1695 satu.
280 1630 304 1694 J
308 1652 409 1695 umus.

148 1716 233 1780 lbid.
250 1717 272 1781 Ι.
289 1737 338 1801 13.
353 1717 428 1801 quia
448 1723 482 1780 et
500 1716 577 1780 alibi
599 1717 729 1780 verbum
753 1715 814 1779 Dei
840 1715 982 1793 seminis]
1012 1716 1088 1780 For.
1115 1718 1158 1781 lc·

102 1802 254 1885 gendum,
270 1804 347 1888 quia
362 1809 398 1867 ut
413 1800 490 1866 auti
504 1802 591 1867 verbi
602 1801 663 1865 Dei
678 1822 795 1878 semera
808 1802 921 1886 juncto
938 1802 999 1865 hoc
1015 1804 1157 1867 membro

103 1888 263 1952 orationis
278 1910 351 1952 cum
366 1896 527 1973 sequente.

145 1974 184 2037 P.
202 1976 276 2052 148.
292 1974 314 2037 l.
332 1993 361 2040 2.
377 1975 529 2052 habeant]
548 1973 693 2038 Latinius
707 1972 790 2057 conj.
805 1971 921 2051 tabent,
936 1981 1026 2039 recte
1036 1975 1156 2059 judicio

101 2080 180 2123 meo.
204 2060 230 2123 J
234 2083 337 2124 umus.
383 2060 435 2124 Sic
449 2060 585 2124 mutavit
600 2066 634 2124 et
650 2060 842 2124 Pearsonius
856 2060 960 2123 locum
973 2061 1108 2125 afferens
1123 2062 1155 2127 in

109 2146 468 2231 vindedemiant,
483 2146 585 2232 partis
600 2145 645 2209 Il.
661 2168 732 2230 cap.
748 2164 778 2210 2.

143 2232 230 2297 Ibid.
246 2233 267 2299 l.
282 2252 332 2296 10.
349 2233 402 2316 qui
424 2234 465 2297 ab
487 2231 639 2317 apostolis
662 2232 869 2309 descivemnt,
886 2238 920 2296 et
936 2233 1020 2297 alter
1039 2234 1155 2318 praedi·

99 2324 270 2397 caverunt]
290 2318 344 2382 lta
360 2318 450 2383 editt.
467 2326 542 2383 ante
552 2317 736 2403 sigusium,
748 2317 801 2401 qui
816 2318 849 2379 in
863 2326 1000 2403 utraque
1014 2319 1154 2384 editione

98 2427 157 2469 sua
179 2406 302 2490 posuit,
317 2406 372 2490 qui
392 2403 431 2468 ab
452 2404 593 2490 apostolic
611 2404 797 2477 didicerant,
820 2404 913 2468 alitor
924 2406 1028 2489 prod.
1073 2406 1154 2470 (lum

100 2489 192 2576 Lupo
215 2498 319 2575 atque
339 2490 509 2554 Thomasio
532 2498 669 2554 veterem
692 2490 858 2554 lectionem
881 2491 1034 2555 revocavi.
1081 2492 1152 2556 MS.

97 2578 228 2662 Anglic.
260 2578 459 2641 dracmam
486 2584 570 2641 teste
600 2575 743 2639 Pamelio
772 2576 923 2640 habebat.
975 2575 1154 2660 scripserat

94 2672 213 2728 auctor
223 2664 297 2748 jam
311 2664 583 2748 supra—aliquem
599 2684 636 2726 oc
657 2662 806 2746 oposeta
820 2662 869 2726 ool
880 2663 1051 2747 apostolicis
1065 2664 1151 2741 oio-ie,

94 2760 354 2899 wiliielmi&
367 2749 800 2920 {Prisiioldilisiirliiiimltiiwliic
824 2855 949 2918 quoque
972 2833 1035 2898 fide
1058 2836 1151 2899 nixus

93 2922 277 2985 editionum
287 2922 445 2985 vetustiss.
456 2944 527 2985 cum
537 2920 629 3005 Lupo
640 2926 674 2983 et
685 2919 856 2983 Thomasio
867 2920 1034 2984 lectionem
1046 2921 1151 3005 pristi-

94 3028 170 3071 nam
181 3007 325 3072 restitui.
350 3006 460 3071 Habet
471 3005 638 3093 Rigaltins,
651 3006 684 3067 in
699 3013 836 3091 utraque
847 3005 986 3069 editione
999 3028 1066 3083 sua,
1076 3029 1150 3091 poe

92 3092 260 3157 maor.
294 3092 357 3157 Sed
373 3094 514 3177 proxime
529 3098 602 3178 post
617 3092 728 3155 scribit
745 3091 967 3168 Tertullianus,
984 3092 1039 3155 Ita
1052 3114 1151 3157 omnes

91 3180 221 3244 seraa
242 3180 291 3243 ad
311 3188 467 3265 atramque
482 3180 622 3264 saonam
643 3200 664 3241 a
680 3179 791 3241 πυκινὰ
809 3178 938 3241 mlestus
959 3186 1147 3262 provocatas,

92 3266 123 3329 h.
149 3289 180 3330 e.
209 3266 255 3329 ad
286 3266 514 3329 successionem
541 3264 758 3349 apostolicam,
783 3271 818 3327 et
840 3263 1148 3349 consanguinitatem

91 3353 264 3417 doctrinae.
305 3351 419 3415 Confer
433 3358 467 3415 et
481 3351 551 3415 init.
566 3350 681 3435 capitis
695 3369 749 3434 35.

136 3440 175 3503 P.
192 3459 269 3519 149·
285 3437 306 3500 l.
323 3440 353 3501 6.
368 3438 487 3502 factam
506 3438 575 3521 jam
599 3436 881 3499 resuncctionem:
905 3435 938 3498 id
962 3435 1001 3499 de
1023 3457 1058 3499 se
1082 3436 1147 3500 Va

91 3524 263 3589 lentiniani
285 3524 488 3607 adseverant]
513 3523 563 3588 De
589 3522 750 3587 Gnosticis
774 3521 842 3585 haec
863 3521 962 3586 scient
984 3521 1145 3597 Irenaeus3

96 3612 232 3675 Tantum
256 3608 366 3673 absum
386 3609 424 3673 al
445 3632 486 3685 eo,
507 3620 542 3673 ot
565 3618 716 3671 mortuom
738 3609 874 3684 excitem,
899 3607 1148 3693 quemadmodum

93 3698 248 3761 Dominus
267 3696 420 3771 metavit,
435 3706 463 3761 ct
483 3695 730 3781 apostoli—ot
749 3716 787 3757 oo
807 3694 929 3778 quidem
950 3693 1075 3757 madeat
1095 3695 1149 3758 lloc

90 3786 124 3847 io
147 3793 246 3847 totam
265 3804 354 3867 posse
369 3783 466 3865 fieri:
489 3802 548 3845 osse
571 3790 672 3844 cotem
695 3780 939 3845 reserationem
964 3801 985 3842 a
1009 3780 1146 3857 mortuis,

90 3871 280 3954 effictionem
301 3868 373 3951 ojus,
389 3888 458 3953 qaae
477 3866 515 3931 al
536 3868 579 3931 cio
597 3867 724 3940 dicitur,
740 3866 888 3929 caritatis
933 3865 1054 3930 Oontra
1070 3865 1146 3930 Has-

90 3978 186 4031 ηοω,
207 3954 254 4017 Il.
271 3976 298 4017 c.
313 3974 367 4038 31.
385 3956 414 4036 ξ.
433 3974 461 4018 2.

134 4042 219 4106 Ibid.
238 4041 258 4104 l.
276 4061 306 4123 9.
326 4040 399 4103 novi
421 4046 455 4103 ct
476 4060 541 4103 non
561 4038 653 4101 unius
678 4037 827 4116 nominis]
854 4038 1000 4101 AEonum
1025 4037 1145 4121 primus

93 4128 210 4203 Procul,
227 4150 286 4191 seu
305 4126 522 4211 praeexistens,
545 4131 578 4188 ct
593 4124 726 4208 Bythos,
742 4124 807 4187 sive
828 4124 1038 4209 profunditas,
1062 4123 1144 4189 dice-

93 4214 188 4279 batur
209 4212 393 4297 incognitus
422 4234 480 4297 per
501 4210 592 4311 plura
617 4211 711 4275 saecla
731 4209 836 4273 fuisse.
906 4210 1089 4273 Annorsno
1111 4211 1144 4278 in

94 4300 240 4365 Romana
254 4298 335 4364 edit.
357 4298 509 4383 Opusculr
525 4297 621 4361 Adae.
640 4298 747 4361 Omnes
760 4296 936 4374 Hoerctiooe,
952 4318 1021 4380 cap.
1036 4315 1068 4379 5.

575 4383 666 4447 nde
