2867 4817
298 248 364 327 200
585 252 827 330 GARNERII
852 267 995 333 Nom
1022 270 1077 334 &c

298 440 399 521 parte,
419 452 515 519 quem
535 435 716 521 negativam
734 436 808 522 Jure
827 436 974 515 dixerim,
990 458 1054 523 qua
1074 460 1191 525 nempe
1212 450 1345 527 negata

296 520 461 587 catholicis
474 523 545 601 dici,
562 544 634 607 quae
648 522 816 587 Nestorius
830 534 1005 589 assereret:
1028 532 1098 589 turn
1111 526 1145 589 in
1165 527 1346 591 deienucne

295 608 642 685 anathematismorum,
658 608 713 672 ubi
728 608 776 672 sin
818 608 921 673 lorum
937 610 1161 677 necessitatem
1175 622 1344 677 canatur:

294 702 365 795 turn
379 693 514 795 denique
525 695 557 758 in
571 694 751 793 admirabili
762 694 784 758 il
795 716 815 758 ο
826 695 961 797 dialogo,
971 696 1052 781 quael
1059 718 1137 761 unae
1146 698 1188 761 sii
1200 698 1345 771 oanan,

294 780 1348 952 lleilllriludrllsolulillbb’nldiassdaocllnlegrlndalldeiolrlllffilllcilrenhffi

293 953 466 1017 meriturus
481 960 574 1030 esset,
590 953 769 1039 trophaeum
784 952 844 1017 eibi
859 953 1038 1019 immortale
1052 955 1181 1041 erigere.

337 1038 447 1103 Tertia
466 1060 591 1138 quoque
609 1048 680 1103 arte
700 1060 778 1103 nsns
798 1046 848 1103 est
869 1039 1063 1104 admirabilis
1080 1040 1230 1105 defenser
1251 1043 1344 1107 fidei:

292 1123 575 1189 anathematismos
590 1147 664 1189 suos
678 1125 765 1189 aliud
784 1124 861 1188 nihil
876 1148 945 1190 esse
963 1126 1073 1201 voluit,
1089 1148 1184 1211 quam
1208 1128 1346 1193 Patrurn

292 1210 476 1288 sententias,
492 1211 549 1275 sed
563 1212 648 1275 velut
668 1211 701 1274 in
715 1210 848 1274 fulmine
862 1211 1025 1275 conflatae.
1070 1212 1231 1277 Adhibuit
1247 1214 1347 1299 igitur

291 1296 475 1361 testimonia
485 1296 621 1361 Petrum
635 1298 753 1373 decem,
764 1318 804 1360 ex
819 1298 933 1381 quibus
945 1296 1052 1361 Latini
1065 1305 1213 1382 quatuor,
1226 1299 1251 1363 J
1252 1300 1344 1379 nlius

292 1382 393 1460 Felix,
421 1382 609 1467 Cyprianus,
635 1391 669 1447 et
692 1383 901 1457 Ambrosius;
933 1390 1001 1446 tres
1026 1384 1184 1469 AEgyptii,
1212 1386 1342 1463 Petrus,

291 1467 499 1541 Athanasius,
524 1468 736 1554 Theophilus;
762 1469 865 1533 Graeci
885 1468 1030 1543 totidem,
1051 1470 1226 1555 Gregorius
1252 1472 1344 1536 Nazi-

289 1574 436 1631 anzenus,
452 1553 589 1618 Basilius
609 1561 643 1619 et
665 1554 845 1639 Nyssenus:
869 1576 987 1631 omnes,
1010 1561 1128 1639 praeter
1149 1574 1260 1631 unum,
1277 1580 1343 1623 ma

286 1642 392 1728 jorum
407 1639 609 1704 ecclesiarum
628 1652 662 1704 et
681 1641 895 1719 αὐτοκεφσλῶυ
915 1640 1084 1726 praesulem
1108 1663 1149 1705 ex
1164 1642 1342 1708 Occidente

288 1736 364 1804 tres,
375 1748 415 1791 ex
424 1726 555 1791 Oriente
565 1724 710 1803 totidem,
724 1734 862 1811 quatuor
872 1744 912 1791 ex
925 1727 1079 1791 Meridie:
1099 1748 1210 1792 omnes
1221 1732 1341 1794 nacti-

288 1821 357 1880 tate
371 1812 501 1890 nobiles,
518 1820 656 1897 quatuor
669 1812 767 1877 etiam
781 1818 865 1877 mart
905 1810 925 1876 ‘i
939 1834 998 1898 pro
1008 1812 1071 1878 fide
1085 1814 1192 1898 palma
1207 1814 1339 1900 inclyti3

287 1902 332 1967 sic
347 1900 431 1962 enim
445 1898 487 1963 ad
502 1906 623 1962 certam
637 1898 736 1962 voluit
750 1834 921 1980 epeotoltls
935 1900 1077 1984 regulam
1091 1900 1270 1965 examinari
1284 1924 1341 1965 sua

287 1984 435 2074 capitula,
458 1990 496 2049 ut
518 1984 631 2071 quibus
652 1984 731 2048 nihil
754 1985 978 2062 contineretur,
1005 1986 1075 2061 nisi,
1099 1986 1184 2071 qnod
1207 1987 1338 2073 ubique,

308 2072 372 2139 uod
393 2091 526 2156 semper,
547 2072 632 2156 quod
656 2092 765 2135 omnes
791 2070 981 2135 docuissent.
1028 2071 1109 2135 Vide
1136 2070 1339 2137 vincentium

287 2095 484 2225 lirinensem
497 2179 536 2221 ea
550 2158 590 2220 de
604 2178 640 2221 re
657 2178 715 2221 suo
735 2176 832 2231 more,
847 2157 881 2219 id
900 2164 959 2234 est,
975 2156 1102 2235 diserte,
1118 2158 1291 2235 subtiliter,
1305 2168 1338 2224 et

203 2284 206 2288 ›
284 2269 344 2333 pro
357 2244 494 2309 veritate
508 2249 710 2308 tractantem.

329 2330 471 2397 Observa
495 2350 601 2415 peric,
623 2327 814 2393 testimoniis
840 2328 974 2392 Petrum
998 2326 1154 2405 adductis,
1183 2329 1336 2413 Gyn‘llum

284 2440 348 2483 non
373 2415 479 2500 plures
505 2414 570 2478 lere
595 2413 826 2499 propositiones
851 2413 1030 2491 conscisse,
1059 2434 1155 2560 Quam
1185 2422 1336 2499 quatuor.

286 2505 314 2569 l.
331 2502 423 2585 Quod
446 2501 507 2565 Dei
530 2499 630 2562 Filius
651 2520 724 2563 vere
746 2498 788 2563 sit
808 2499 911 2563 lactus
930 2498 1035 2563 bomo.
1092 2498 1119 2563 Ι.
1137 2498 1231 2579 Quod
1251 2501 1336 2565 idem

284 2591 336 2668 sit,
353 2598 386 2654 et
405 2608 469 2649 non
487 2584 577 2661 alius,
594 2584 695 2648 Filius
714 2584 785 2658 Dei,
805 2585 858 2669 qui
878 2584 960 2650 filius
983 2584 1139 2658 bominis;
1163 2593 1264 2669 atque
1287 2587 1336 2651 ita

284 2676 372 2740 Deus
391 2693 431 2735 ex
452 2670 582 2733 muliere
601 2676 697 2753 natus
716 2670 768 2745 eit,
784 2670 926 2754 duasque
947 2670 1090 2735 Verbum
1150 2672 1335 2737 natationes

283 2757 439 2826 habuerit.
471 2754 535 2819 ΙΙΙ.
552 2756 644 2837 Quod
660 2756 762 2842 Virgo
777 2756 819 2820 sit
833 2756 982 2841 Deipara.
1020 2756 1081 2820 lv.
1128 2757 1190 2819 uod
1205 2756 1334 2820 immor

281 2846 356 2911 talis
371 2849 507 2910 mortem
526 2842 703 2929 pertulerit,
724 2850 758 2907 et
775 2842 859 2906 idem
879 2843 1046 2907 crucifixus
1060 2842 1114 2929 qui
1129 2842 1331 2907 adorandus:

281 2953 321 2996 ex
336 2933 385 2997 his
399 2930 483 2997 enim
498 2936 636 3013 quatuor
645 2928 715 2993 alise
728 2948 845 3005 ornnes,
858 2928 899 2992 de
914 2929 1027 3012 quibus
1037 2928 1146 3013 agitur
1156 2928 1188 2992 iu
1197 2928 1333 2993 anatha

280 3020 445 3093 matismis,
461 3014 552 3079 facile
566 3014 763 3086 efficiuntun
791 3022 941 3115 poterant
955 3036 1029 3079 vero
1046 3022 1079 3079 et
1098 3014 1175 3099 ipsse
1190 3022 1333 3099 quatuor

280 3107 322 3170 ad
337 3127 432 3169 unam
449 3100 629 3176 Athanasii,
645 3101 729 3185 quod
746 3101 806 3166 De1
822 3099 923 3165 Filius
937 3102 1077 3169 duraret
1087 3102 1214 3186 ἀληθείᾳ
1224 3100 1332 3167 iaetus

280 3192 323 3257 sit
336 3194 440 3271 homo,
455 3186 547 3251 facile
557 3187 674 3251 reduci.
