2867 4817
317 353 631 419 ROMANORUM
656 353 974 418 PONTIFICUM.
1107 355 1170 425 lla

118 528 214 621 quod
248 528 286 599 in
316 526 449 611 Nicaea,
477 528 544 598 snb
573 550 703 622 magno
732 530 891 623 principe
925 528 1169 613 Constantino,

117 645 295 727 convenit,
313 642 383 715 Dei
399 644 514 737 gratia
529 644 720 728 revelante,
737 647 875 741 redegit
897 646 936 716 in
958 646 1169 739 symbolum,

118 769 157 830 et
197 759 533 832 consubstantialem
567 759 666 832 Patri
701 760 833 831 Filium
867 762 1090 855 praedicavit3
1133 772 1170 834 et

119 875 285 948 Verbum
298 876 368 947 Dei
382 876 502 947 Deum
519 899 643 947 verum
660 899 737 948 esso
750 877 959 949 confirmans
973 878 1169 950 Dominum

89 1001 281 1079 5nostrum
297 991 422 1065 Jesum
440 992 633 1076 Christum,
651 990 781 1063 Arium
801 993 988 1067 Deitatem
1003 994 1168 1089 blasphe-

118 1118 289 1192 mantem,
306 1110 389 1180 cnm
412 1110 483 1179 suis
506 1109 727 1181 consortibus
747 1110 895 1204 expulit,
913 1120 951 1182 et
973 1120 1015 1183 nt
1038 1112 1169 1185 diaboli

118 1226 299 1296 ministros
315 1235 446 1296 aetemo
462 1225 689 1298 anathemate
706 1228 966 1298 condemnavit.

170 1340 311 1413 Dehinc
340 1344 536 1413 secundum
563 1341 996 1437 constantinopolitanum
1025 1344 1169 1437 adaeque
1216 1432 1219 1439 γ

119 1467 293 1541 sanctum,
315 1467 460 1530 centum
481 1482 623 1551 qnoque
640 1461 897 1554 quinquaginta
913 1470 1065 1554 patrum,
1087 1483 1171 1531 con-

71 1572 252 1657 rocilium,
282 1575 349 1645 sub
374 1574 565 1669 imperialis
591 1576 770 1648 memoriae
799 1578 933 1671 majore
962 1575 1170 1659 Theodosio,

118 1691 158 1760 in
185 1691 319 1785 regiam
344 1692 469 1762 urbem
495 1713 715 1776 concurrens,
744 1695 838 1785 quod
862 1692 1021 1788 symbolo
1049 1695 1171 1767 deesse

118 1806 322 1901 putabatur,
346 1809 521 1902 exposuit,
546 1816 585 1879 et
607 1810 723 1903 gratia
747 1808 899 1903 Spiritus
929 1809 1052 1881 Sancti
1079 1809 1171 1879 inlu-

119 1932 265 2007 strante,
292 1923 412 1994 Deum
437 1946 514 1995 esse
540 1923 713 2018 Spiritum
737 1924 919 2009 Sanctum,
942 1924 1110 2018 Patrique
1133 1933 1171 1995 et

120 2040 223 2124 Filio,
236 2047 362 2134 utpote
375 2041 722 2125 consubstantialem,
736 2030 996 2113 coadorandum
1008 2042 1186 2112 annexitt·

69 2156 217 2236 rsunde
234 2154 490 2228 Macedonium
506 2158 677 2229 rebellem
691 2157 844 2252 Spiritus
862 2157 995 2242 Sancti,
1009 2167 1046 2228 et
1059 2156 1171 2250 Apol-

118 2270 268 2343 linarem
298 2296 381 2343 cnm
415 2275 487 2343 suis
520 2274 698 2369 sacrilegis
732 2273 975 2367 complicibus,
1009 2274 1170 2367 perpetui

118 2389 357 2461 anathematis
374 2413 521 2461 censura
536 2394 735 2484 prostravit.

172 2505 243 2576 Per
261 2506 336 2578 haec
357 2508 428 2578 duo
450 2531 550 2579 sacra
574 2508 724 2580 concilia
748 2516 906 2579 sanctam
931 2516 970 2580 et
995 2509 1171 2603 insepara-

118 2622 231 2694 bilem
255 2623 476 2708 Trinitatem,
499 2648 612 2695 unum
635 2624 765 2708 Deum,
788 2648 966 2718 unamque
989 2624 1171 2697 Trinitatis

69 2761 111 2801 20
119 2740 355 2813 substantiam
372 2764 449 2813 esse
466 2744 720 2837 cognoscimus,
741 2741 1022 2834 'llinitatemque
1039 2742 1076 2812 in
1093 2744 1172 2813 uni-

119 2864 207 2940 tate,
224 2865 263 2927 et
284 2859 461 2929 unitatem
482 2860 522 2929 in
544 2859 718 2930 Trinitate
734 2858 850 2952 palam
872 2860 1061 2952 praedicare
1083 2859 1173 2929 didi-

120 2974 244 3057 cimus,
269 2982 311 3044 ut
335 2997 448 3045 unum
474 2973 604 3059 Deum,
626 2984 771 3069 propter
799 2976 975 3047 unitatem
1002 2977 1171 3058 essentia,

120 3089 306 3175 fateamur,
330 3100 368 3162 et
393 3091 604 3163 Trinitatem
626 3092 906 3185 inseparabilem,
923 3101 1068 3186 propter
1091 3084 1172 3163 sub-

121 3207 332 3277 stantiarum
344 3214 453 3300 atque
465 3229 692 3300 personarum
706 3206 951 3292 differentiam,
968 3208 1172 3291 doceamus3

70 3322 209 3399 ardum
236 3324 280 3393 de
306 3321 414 3393 Patre
442 3322 554 3394 Filius
582 3323 796 3394 aeternaliter
824 3325 991 3406 nascitur,
1020 3322 1173 3417 Spiritus

122 3436 276 3510 Sanctus
306 3440 352 3510 de
381 3438 489 3511 Patre
518 3442 709 3533 procedere
739 3440 975 3523 confirmatur,
1005 3442 1171 3511 eumdem

122 3554 194 3625 Dei
221 3554 333 3626 Filius
357 3554 400 3627 dc
424 3580 488 3627 cuo
517 3558 671 3652 occipere
697 3557 873 3651 perhibet,
899 3565 937 3627 et
963 3559 1001 3627 in
1027 3558 1314 3645 nomineJm,‚„-,·‚

121 3695 188 3745 suo
223 3675 319 3744 mitti
348 3698 370 3745 a
401 3673 508 3745 Patre
542 3674 716 3769 Spiritum
751 3674 923 3746 Sanctum
957 3675 1171 3759 manifestat,
1185 3672 1221 3718 ¹4

122 3798 162 3862 et
183 3788 393 3862 insufflando
416 3791 606 3885 discipulis,
623 3789 783 3887 Accipite
804 3790 979 3886 Spiritum
995 3791 1172 3877 Sanctum,
1180 3814 1254 3863 ran.
1266 3832 1307 3865 ιι.

67 3930 114 3989 30
122 3915 249 4001 utpote
275 3908 321 3977 de
343 3930 382 3979 se
406 3909 669 4001 procedentem,
696 3909 905 3992 adnuntiat3
935 3911 1034 3980 etin
1064 3894 1221 3981 coelos²²'

122 4024 328 4109 ascendens,
352 4032 395 4094 ut
419 4024 637 4117 promiserat,
663 4025 882 4119 paracletum
909 4025 955 4097 ad
983 4024 1173 4119 discipulos

122 4141 248 4211 mittit.

175 4254 233 4326 Ex
258 4255 327 4326 boo
354 4280 438 4350 ergo
462 4257 632 4328 vivaciter
653 4256 749 4354 (for.
774 4259 959 4353 veraciter)
986 4259 1175 4330 edocemur
