2867 4817
324 386 388 450 DE
413 384 672 451 IDOLORUM
697 382 964 448 VANITATE.
1107 381 1173 447 att

131 562 278 632 intentur
302 570 340 633 et
369 562 414 633 de
444 559 595 631 obsessis
624 560 829 653 corporibus
858 560 957 630 exire
984 566 1170 653 cogrmtur.

130 674 255 749 Videas
272 678 350 749 illos
370 686 491 749 nostra
507 700 595 747 voce
616 684 654 748 et
675 677 881 771 operatione
900 676 1096 770 majestatis
1113 698 1171 747 oc-

129 794 228 865 cultae
251 795 370 891 flagris
399 795 499 878 caedi,
530 796 613 888 igne
642 794 778 876 torreri,
804 794 1024 864 incremento
1053 816 1169 886 poeuae

127 914 343 1007 propagantis
361 910 517 995 extendi,
533 910 674 1004 ejulare,
687 933 842 1005 gemere,
856 910 1057 1004 deprecari3
1074 910 1169 980 unde

8 1018 12 1033 '
104 1030 261 1111 sterriant
277 1036 316 1100 et
333 1029 473 1121 quando
490 1026 673 1099 discedant
689 1026 775 1120 ipsis
791 1027 900 1098 etiam
917 1028 978 1119 qui
991 1050 1030 1098 se
1046 1026 1169 1098 colunt

126 1144 342 1215 audientibus
359 1144 539 1228 confiteri3
565 1152 603 1215 et
620 1142 677 1213 vel
694 1141 848 1213 exiliunt
865 1144 996 1226 statim,
1013 1142 1071 1213 vel
1088 1166 1170 1214 esa·

125 1270 266 1331 noscunt
290 1262 476 1356 gradatim,
503 1267 609 1354 prout
633 1260 722 1330 fides
747 1260 916 1352 patientis
937 1260 1082 1352 adjuvat
1105 1267 1170 1331 aut

124 1380 230 1470 gratia
258 1379 415 1450 curantis
444 1378 608 1470 adspirat.
681 1374 780 1446 Hinc
819 1374 947 1470 uilgus
980 1377 1018 1447 in
1047 1377 1169 1448 odium

124 1497 226 1566 nostri
255 1496 411 1567 nominis
437 1502 580 1589 cogunt,
605 1501 647 1563 ut
673 1516 738 1564 nos
763 1493 879 1564 odisse
908 1494 1080 1587 incipiant
1106 1494 1170 1565 ho-

88 1612 228 1683 romines
245 1622 439 1704 antequam
456 1632 580 1695 nosse;
604 1633 651 1681 ne
674 1610 836 1704 cognitos
856 1618 919 1680 aut
941 1612 1073 1681 imitari
1089 1634 1170 1704 pos·

123 1728 186 1799 sint
202 1738 266 1801 aut
283 1728 453 1799 damnare
468 1750 540 1798 non
557 1728 703 1820 possint.

168 1844 214 1917 V.
231 1846 338 1918 Unus
359 1845 469 1939 igitur
490 1844 649 1915 omnium
674 1843 851 1915 Dominus
875 1842 984 1919 Deus.
1038 1843 1169 1937 Neque

121 1964 209 2033 enim
234 1962 300 2034 illa
323 1961 521 2033 sublimitas
545 1968 664 2054 potest
690 1959 822 2031 habere
847 1969 1058 2044 consortem,
1084 1986 1168 2033 cum

120 2078 188 2151 sola
205 2102 351 2150 omnem
368 2086 490 2151 teneat
512 2084 740 2170 potestatem.
792 2074 854 2147 Ad
878 2077 1037 2148 divinum
1057 2080 1169 2172 impe-

8 2210 14 2241 1·
83 2197 206 2280 151inm
223 2199 336 2269 etiam
353 2196 398 2267 de
415 2196 517 2265 terris
532 2202 741 2265 mutuemur
752 2193 969 2286 exemplum.
1016 2195 1168 2280 Quando

119 2336 272 2406 unquam
295 2314 396 2407 regni
418 2314 568 2383 societas
590 2320 654 2382 aut
677 2335 760 2382 oum
783 2311 854 2381 iide
876 2312 984 2404 coepit
1006 2323 1070 2383 aut
1092 2316 1168 2386 sine

120 2456 238 2505 cruore
269 2432 400 2504 desiit?
441 2430 502 2503 Sic
530 2430 781 2502 Thebanorum
808 2432 1024 2525 germanitas
1053 2442 1167 2525 rupta,

119 2554 154 2619 et
184 2569 398 2643 permanens
430 2548 524 2642 rogis
558 2545 809 2617 dissidentibus
843 2546 952 2616 etiam
986 2547 1024 2616 in
1052 2558 1177 2620 morto·

119 2664 299 2736 discordia.
352 2662 400 2733 Et
430 2662 611 2733 Romanos
639 2662 801 2756 geminos
830 2684 943 2731 unum
972 2686 1044 2734 non
1073 2664 1168 2757 capit

81 2800 276 2873 aoregnum,
302 2800 390 2871 qnos
414 2802 527 2849 unum
556 2777 649 2847 uteri
680 2778 776 2870 oepit
805 2776 1009 2870 hospitium.
1062 2778 1169 2849 Pom-

118 2897 213 2988 peius
230 2903 272 2965 et
289 2894 405 2965 Caesar
426 2894 549 2967 affines
571 2894 726 2976 fuerunt,
742 2914 808 2963 nee
831 2900 954 2964 tamen
975 2897 1171 2966 necessitu-

119 3012 205 3084 dinis
240 3010 356 3081 ioedus
388 3011 426 3081 in
460 3009 591 3080 aemula
619 3016 799 3102 potestate
832 3018 1034 3082 tenuerunt.
1087 3012 1169 3083 Neo

83 3172 86 3177 ·
118 3127 241 3199 hictu
271 3130 317 3199 de
344 3127 489 3199 bomine
518 3126 665 3209 mireris,
692 3126 839 3195 cumin
867 3125 936 3198 hoc
964 3130 1080 3199 omnis
1106 3152 1168 3200 ua·

118 3252 195 3317 tura
211 3244 421 3317 consentiat
474 3242 555 3314 Rex
577 3265 669 3313 unns
692 3250 748 3313 est
768 3242 903 3336 apibus,
921 3252 959 3315 et
980 3244 1053 3316 dux
1074 3269 1166 3317 unus

80 3394 109 3454 ²5
119 3363 153 3433 in
168 3360 346 3457 gregibus,
360 3362 447 3431 etin
464 3360 633 3430 armentis
645 3367 763 3430 rector
779 3383 881 3431 unus.
918 3360 1041 3433 Multo
1053 3364 1167 3458 magis

118 3480 240 3549 mundi
258 3498 349 3547 unus
366 3483 421 3546 est
437 3483 563 3559 rector,
581 3476 642 3568 qui
659 3476 824 3547 utinense
843 3499 1061 3572 quaecunque
1083 3488 1167 3550 sunt

118 3596 224 3667 verbo
248 3594 364 3687 jubet,
390 3593 528 3663 ratione
553 3594 743 3686 dispensat,
772 3595 904 3665 virtute
932 3605 1166 3667 consummat.

119 3714 189 3787 Hic
211 3738 280 3785 nec
305 3712 415 3783 videri
438 3720 567 3807 potest,
584 3714 662 3783 visu
685 3711 813 3783 clarior
831 3722 896 3797 est,
918 3737 985 3786 uec
1008 3738 1168 3809 compre-

117 3830 234 3917 hendi,
260 3840 361 3902 tactu
386 3830 507 3923 purior
531 3837 596 3912 est,
623 3850 690 3899 nec
715 3830 890 3913 aestimari,
920 3852 1025 3902 sensu
1054 3832 1168 3925 major

75 3960 180 4037 30est.
235 3948 283 4019 Et
312 3946 394 4017 ideo
423 3946 472 4016 sic
502 3968 585 4016 eum
613 3944 720 4040 digne
746 3946 973 4028 aestimamus,
1002 3946 1087 4017 dum
1114 3948 1168 4017 in-

117 4062 364 4138 aestimabilem
389 4062 548 4133 dicimus.
601 4060 707 4146 Quod
735 4082 820 4132 vero
840 4061 1016 4156 templum
1036 4062 1167 4136 habere

8 4160 12 4179 ’
117 4184 228 4275 possit
258 4180 358 4251 Dens
385 4181 486 4272 cujus
510 4177 684 4271 templum
712 4185 811 4249 totus
838 4187 893 4248 est
921 4180 1099 4253 mundus?
1129 4190 1168 4253 et

119 4320 201 4370 cum
223 4298 331 4369 bomo
354 4295 460 4368 latius
487 4292 580 4391 (sor.
606 4294 736 4388 laxius)
763 4305 916 4378 maneat,
942 4298 1035 4368 intra
1061 4321 1168 4369 unam

617 4428 638 4470 N
657 4430 677 4469 n
