2867 4817
302 289 346 352 44
652 285 686 349 S.
710 285 914 349 CYRILLI
938 285 1004 348 ΕΤ

137 479 248 530 suaa
301 459 364 532 illo
381 461 476 532 enim
495 459 648 554 Spiritus
671 459 870 552 appellatus
892 467 947 530 est
969 459 1140 542 veritatis,
1161 468 1200 531 et
1223 461 1354 532 veritas

138 544 238 596 Μ’
302 577 464 650 Christus
488 586 552 658 est,
570 577 720 646 undeet
745 577 790 646 ab
812 577 881 647 isto
903 576 1066 648 similiter
1081 578 1175 648 sicut
1197 601 1246 648 ex
1275 579 1354 650 Dec

302 693 408 766 Patre
425 694 594 787 procedit.
646 689 811 785 Denique
828 692 887 763 hic
902 695 978 786 ipse
996 693 1150 787 Spiritus
1161 696 1277 766 etiam
1294 719 1356 788 per

301 819 503 882 sanctorum
521 831 646 880 manus
663 808 904 901 apostolorum
921 809 1091 880 miracula
1105 810 1260 904 gloriosa
1276 835 1357 904 per-

300 928 422 998 ficiens
443 927 638 998 Dominum
661 925 872 1019 glorificavit
894 925 1020 998 Jcsum
1037 926 1231 1007 Christum,
1256 937 1380 1020 post-5

300 1067 406 1137 quam
423 1043 582 1115 ascendit
598 1043 636 1112 in
653 1041 792 1112 caelum.
833 1042 930 1114 Nam
947 1043 1104 1114 creditus
1120 1052 1177 1114 est
1189 1042 1358 1115 Christus

299 1171 427 1233 natura
452 1161 551 1232 Deus
576 1159 744 1242 existens,
774 1182 838 1252 per
866 1182 971 1230 suum
997 1158 1171 1252 Spiritum
1201 1161 1357 1232 virtutes

300 1277 466 1362 efficiens,
484 1277 635 1369 ideoque
651 1275 803 1359 dicebat,
821 1277 866 1347 de
888 1299 970 1347 mec
987 1277 1139 1370 accipiet
1156 1284 1194 1346 et
1216 1277 1358 1348 adnun-

202 1442 209 1457 .
262 1443 268 1458 .
300 1393 404 1464 tiabit
421 1393 531 1464 vobis.
567 1391 805 1484 Nequaquam
819 1415 903 1462 vero
920 1393 1190 1486 participatione
1206 1391 1357 1464 alterins

298 1511 393 1583 idem
423 1511 576 1605 Spiritus
606 1511 747 1604 sapiens
780 1518 819 1582 et
847 1519 976 1604 potens
1004 1512 1144 1593 dicitur,
1175 1512 1260 1603 quia
1287 1535 1404 1604 perro

298 1629 416 1698 omnia
437 1629 617 1722 perfectus
640 1635 705 1711 est,
723 1637 762 1698 et
778 1627 877 1698 nullo
893 1649 1034 1722 prorsus
1059 1628 1222 1721 indigens
1245 1627 1354 1700 bono.

299 1743 396 1815 Nam
420 1753 578 1838 paternae
602 1745 745 1815 virtutis
761 1752 799 1816 et
824 1745 1018 1838 sapientiae,
1039 1745 1077 1814 id
1100 1753 1156 1814 est
1177 1743 1252 1827 filii,
1270 1743 1355 1838 Spi-

295 1859 384 1930 ritus
401 1862 565 1943 creditur,
582 1869 620 1930 et
636 1861 717 1930 ideo
734 1861 811 1953 ipsa
826 1883 865 1930 re
881 1868 920 1932 ct
936 1860 1165 1932 subsistentia
1182 1861 1297 1932 virtus
1313 1871 1356 1932 et

295 1978 467 2069 sapientia
500 1977 759 2070 comprobatur.
821 1977 938 2071 igitur
970 1978 1054 2069 qnia
1094 1977 1213 2048 Deum
1251 1981 1354 2049 carni

296 2098 435 2167 unitum
463 2097 572 2190 juxta
600 2094 865 2166 subsistentiam
899 2103 1022 2165 sancta
1055 2096 1154 2190 virgo
1187 2119 1399 2190 corpora-15

294 2211 377 2282 liter
396 2214 545 2306 peperit,
562 2212 693 2284 idcirco
716 2233 796 2282 eam
820 2209 891 2282 Dei
913 2212 1123 2306 genitricem
1144 2235 1221 2283 esse
1243 2216 1355 2307 profi·

295 2336 422 2412 temur,
439 2351 511 2399 non
536 2329 631 2420 quod
657 2327 756 2398 verbi
781 2335 909 2398 natura
930 2328 1106 2399 existendi
1132 2330 1352 2423 principium

197 2469 233 2519 ‚t
295 2445 341 2515 de
358 2467 463 2515 came
479 2446 605 2516 sortita
627 2444 693 2528 sit;
719 2452 795 2515 erut
810 2444 902 2515 caim
925 2443 975 2514 ia·
981 2443 1164 2539 principio
1190 2443 1352 2532 Verbum,

293 2569 326 2631 ct
341 2557 440 2631 Deus
456 2568 530 2631 crat
556 2557 711 2645 Verbum,
728 2567 761 2630 et
786 2557 932 2630 Verbum
959 2567 1035 2630 crat
1057 2557 1153 2654 apud
1166 2556 1293 2644 Deam,
1310 2571 1353 2633 et

292 2679 368 2770 ipse
386 2686 440 2748 est
457 2678 619 2748 conditor
635 2676 857 2760 saeculorum,
876 2676 975 2747 Patri
992 2685 1198 2759 enatemus,
1213 2685 1251 2749 et
1268 2680 1352 2749 uni·
1362 2707 1401 2747 ιο

292 2795 468 2864 versitatis
485 2801 631 2864 creator.
683 2793 757 2864 Sed
773 2793 869 2885 quod
885 2793 1046 2887 superius
1063 2794 1220 2865 diximus
1237 2794 1351 2887 juxta

293 2909 560 2980 subsistentiam
577 2909 722 2980 sibimet
738 2911 865 2980 uniens
880 2908 1075 2980 humanam
1091 2919 1266 2993 naturam,
1284 2934 1351 2983 na-

293 3025 471 3096 tivitatem
486 3026 693 3096 sustinuerit
705 3024 716 3115 (
722 3023 801 3121 scr.
811 3025 992 3119 sustinuit)
1004 3047 1051 3096 ex
1062 3027 1140 3119 ipsa
1152 3025 1260 3097 urlva
1270 3050 1349 3098 ccr-

292 3163 408 3234 pcrea,
426 3165 498 3212 non
515 3141 609 3236 quod
632 3144 770 3236 eguerit
787 3142 982 3213 necessario
999 3151 1063 3212 aut
1079 3151 1224 3236 pmpter
1244 3163 1346 3215 suam

292 3267 465 3342 naturam,
483 3259 671 3330 nativitate
687 3261 766 3342 ista,
786 3281 868 3351 quae
891 3266 946 3329 est
968 3259 1006 3328 in
1028 3261 1200 3330 extremis
1222 3261 1346 3331 saeculi
1357 3291 1394 3350 ²5

293 3375 387 3446 facta
399 3376 640 3468 temporibus3
660 3376 722 3446 sed
735 3384 777 3446 ut
790 3377 882 3469 ipsas
894 3375 1122 3446 benediceret
1135 3375 1345 3446 substantiae

291 3499 422 3562 nostrae
433 3492 604 3584 primitias
616 3515 624 3563 :
638 3499 676 3563 et
688 3493 773 3562 dum
784 3515 866 3562 eum
878 3493 973 3562 carni
984 3493 1126 3562 unitum
1136 3491 1346 3562 mulieredi-

291 3609 409 3691 disset,
426 3607 488 3679 illa
500 3631 580 3702 quae
594 3609 760 3679 adversus
772 3631 878 3678 omne
890 3631 1003 3703 genus
1020 3609 1216 3680 humanum
1234 3608 1347 3680 male·

291 3725 400 3796 dictio
417 3725 532 3796 iuerat
548 3722 695 3818 prolata,
713 3725 900 3807 desineret,
918 3747 985 3796 nec
1001 3726 1079 3818 jam
1099 3728 1206 3796 morti
1223 3733 1346 3796 nostra

292 3863 438 3933 corpora
460 3841 663 3912 destinaret.
715 3839 811 3910 Illud
834 3863 975 3934 quoque
998 3841 1093 3933 quod
1116 3840 1251 3912 dictum
1278 3849 1394 3932 estgo

128 3961 234 4014 amm
293 3957 333 4027 in
358 3959 503 4029 tristitia
521 3957 643 4053 punica
657 3955 768 4052 filios,
786 3959 862 4051 ipse
887 3957 1091 4041 dissolvens,
1117 3981 1241 4028 verum
1266 3981 1345 4030 csse

292 4083 505 4146 monstraret
538 4074 632 4166 quod
667 4073 852 4168 prophetae
882 4097 969 4145 voce
1001 4075 1234 4166 praedixerat:
1269 4073 1344 4146 Ab·

291 4199 409 4284 emptu
425 4199 473 4261 est
490 4212 582 4260 arcora
601 4191 640 4259 ia
660 4190 828 4261 victoria:
855 4200 893 4261 et
914 4191 1057 4272 iterum,
1074 4187 1227 4262 Abstulit
1243 4187 1344 4262 Deus
