2867 4817
512 355 766 429 nuoroun
1132 359 1175 429 ix

129 588 136 595 ·
177 547 243 632 De
268 550 397 649 libris,
428 554 545 635 unde
571 554 764 637 ‚doctrine
795 551 1068 637 ecclesiastica
1099 581 1171 664 pe-
1321 582 1327 591 ’

118 704 246 792 tatur,
265 708 443 779 tantum.
502 698 706 781 Pietatem
735 700 780 780 in
805 697 944 782 Deum
970 711 1014 781 et
1036 698 1170 783 officia

117 840 454 939 Christianorum
485 870 680 951 agnosces
715 843 759 934 in
793 843 837 924 S.
864 841 1081 953 Polycarpi
1113 845 1169 928 ad

117 980 640 1096 Philippenses'llpistola,
671 989 799 1095 atque
836 986 1087 1069 Tertulliani
1113 987 1167 1070 de

118 1128 321 1215 Oratione
346 1128 478 1224 libro·;
525 1130 678 1239 quibus
711 1142 796 1211 tres
825 1130 968 1211 addidi
996 1132 1036 1212 S.
1058 1131 1167 1241 cyp

118 1272 223 1355 riani
243 1271 419 1369 libellos,
443 1300 551 1383 quos
574 1273 628 1356 de
648 1272 922 1373 Mortaline,
939 1302 1012 1357 seu
1033 1275 1168 1375 Peste,

119 1417 173 1501 de
208 1419 351 1528 Opere
394 1426 438 1499 et
471 1416 773 1527 Eleemosynis,
809 1418 863 1501 de
901 1417 1006 1502 Zelo
1043 1433 1170 1530 atque

120 1560 272 1645 Livore
291 1563 541 1672 composuit.

120 1766 126 1775 .
172 1706 312 1789 Venio
329 1706 384 1787 ad
402 1706 565 1815 scripta,
578 1732 674 1815 quae
693 1706 747 1787 ad
761 1706 1034 1816 questionem
1054 1704 1169 1789 illam

118 1851 175 1935 de
191 1851 370 1960 antiqua
388 1849 570 1931 Roruoni
588 1848 777 1961 praesulis
795 1852 1042 1933 auctoritate
1058 1880 1172 1961 spec-

120 2006 229 2075 tant.
291 1992 433 2103 Hujus
465 2019 563 2073 vero
594 1993 757 2101 generis
791 1993 876 2074 duo
903 1993 1075 2103 quidem
1104 1994 1173 2088 hie

120 2148 366 2245 comparent
412 2134 637 2246 opuscula;
700 2134 892 2246 Epistola
921 2136 1173 2223 ‚Firmiliani

121 2279 322 2361 Caesoreae
351 2279 646 2390 Cappadocum
676 2279 867 2390 episcopi,
898 2284 1018 2391 cujus
1046 2282 1174 2364 inter-

121 2451 218 2533 pres
246 2424 286 2505 S.
303 2422 536 2533 Cyprianus
563 2422 765 2517 habetur;
803 2424 877 2506 ubi
905 2424 1059 2507 dicitur
1086 2427 1175 2508 Ste-

122 2567 289 2679 pilanus
309 2568 541 2665 Romanus
555 2568 725 2676 quando
750 2596 794 2650 se
819 2570 872 2650 ab
891 2569 1174 2654 Orientalibus

123 2712 304 2807 sciderit„
322 2739 349 2794 a
374 2710 665 2793 communione
690 2712 972 2795 ecclesiasticae
1000 2715 1174 2797 unitatis

124 2882 210 2937 non
227 2853 331 2951 illos,
348 2854 422 2937 sed
435 2854 615 2964 seipsum
631 2856 808 2937 scidisse.
848 2855 972 2938 Hanc
985 2857 1175 2965 sequitur

125 2995 344 3105 epistolam
364 2996 606 3107 Capitulum
625 2997 863 3079 Secundum
883 2997 1001 3080 Libri
1022 2993 1174 3081 Diurni

124 3140 381 3227 Pontificum
412 3141 709 3239 Romanorum,
742 3142 904 3251 inquo
938 3142 1174 3225 Honorium

124 3286 242 3367 urbis
273 3286 422 3367 Romae
451 3286 702 3396 episcopum,
734 3314 760 3367 a
789 3286 971 3395 generali
1001 3287 1176 3371 concilio

123 3442 226 3511 ante
248 3429 507 3525 damnatum,
525 3456 775 3511 successores
798 3432 887 3540 ejus
909 3429 1175 3516 anathemate

123 3572 375 3655 nominatim
395 3571 565 3654 feriunt.

193 3716 319 3805 Quod
360 3714 487 3799 libros
505 3788 509 3800 .
530 3718 630 3799 istos
675 3715 750 3798 tali
799 3717 945 3799 ordine
997 3746 1175 3804 comme-

123 3860 295 3956 moravi,
314 3858 395 3942 hoc
422 3889 472 3943 eo
498 3863 747 3971 spectabam,
764 3874 814 3943 ut
832 3862 876 3944 in
901 3860 1012 3945 locos
1038 3862 1176 3946 distri-

123 4008 382 4109 buerentur3
410 4016 555 4087 contra
573 4033 670 4088 vero
690 4006 735 4087 in
758 4007 847 4117 ipso
861 4004 1078 4090 uolumine
1102 4035 1176 4089 au-

123 4160 261 4233 ctores
291 4146 446 4257 singuli
478 4175 554 4230 suo
585 4149 764 4259 quisque
797 4150 994 4260 temporis
1028 4148 1175 4235 ordine

640 4292 665 4363 b
