2867 4817
303 332 367 400 956
483 334 684 399 ARNOBII
710 335 955 399 ADVERSUS
980 334 1169 397 GENTES

302 510 408 582 modo
444 516 560 581 rursus
596 509 750 581 refluunt
783 510 884 581 malis
918 509 1216 603 reciprocantibus
1253 532 1351 601 pros-

301 627 401 721 pera?
432 626 550 712 Quid?
576 628 605 699 si
629 628 784 699 materioe
801 628 870 698 faex
892 628 969 709 istc,
992 649 1098 719 quam
1123 626 1192 696 sub
1218 627 1352 696 nostris

302 744 477 816 calcamus
499 745 720 839 ingressibus,
737 744 828 815 hanc
851 742 961 814 habet
982 744 1049 814 sibi
1070 743 1189 836 legem
1215 744 1351 822 datam,

301 870 344 931 ut
372 862 512 954 expiret
536 862 803 933 nocentissimos
831 859 972 943 halitus,
1002 860 1129 952 quibus
1157 870 1351 953 corruptus

302 981 361 1050 ae'r
395 979 472 1062 iste,
511 988 549 1049 et
588 977 790 1071 corporibus
827 978 944 1049 labem
982 978 1082 1060 ferat,
1119 985 1159 1047 et
1198 980 1350 1071 negocia

302 1096 456 1166 infirmet
481 1094 658 1167 humana?
694 1094 813 1179 Quid?
846 1095 885 1177 si,
910 1095 1004 1187 quod
1029 1094 1235 1187 proximum
1264 1116 1349 1164 vero

302 1220 366 1296 e'st,
397 1213 560 1306 quicquid
590 1211 691 1284 nobis
721 1213 861 1282 videtur
888 1212 1082 1294 adversum,
1110 1211 1249 1281 mundo
1282 1213 1348 1304 ipsi

302 1336 373 1401 non
399 1338 453 1399 est
477 1328 631 1400 malum:
657 1330 845 1420 omniaque
867 1350 949 1419 quae
977 1327 1068 1398 fiunt
1091 1329 1223 1398 nostris
1253 1352 1347 1399 com·

215 1471 217 1481 ’
302 1445 531 1517 meditatibus
567 1452 774 1528 statuentes,
812 1444 1033 1538 opinionibus
1071 1444 1244 1537 improbis
1283 1448 1345 1516 cri-

303 1562 478 1633 minamur
502 1568 630 1632 eventa
653 1559 813 1630 naturaei
852 1558 956 1630 Plato
982 1560 1043 1629 ille
1067 1560 1230 1632 sublimis
1255 1584 1344 1657 apex

302 1676 589 1773 philosophorum
606 1685 644 1748 et
660 1675 833 1760 columen,
851 1698 942 1747 saeve
956 1674 1026 1746 illa
1048 1675 1190 1759 diluvia,
1207 1689 1250 1748 et
1266 1702 1346 1749 con-

303 1793 523 1889 flagrationes
548 1794 680 1875 mundi,
702 1794 947 1887 purgationem
972 1796 1145 1864 terramm
1170 1796 1247 1866 suis
1272 1819 1346 1868 eme

302 1912 339 1983 in
361 1910 620 1981 commentariis
643 1909 816 2001 prodidit:
842 1932 908 1979 nec
925 1910 978 1979 vir
999 1909 1152 2002 prudens
1175 1913 1346 1982 extimuit

301 2028 445 2099 humani
478 2026 615 2121 generis
649 2024 919 2110 subversionem,
953 2025 1099 2108 cladem,
1132 2028 1266 2112 minas,
1297 2031 1346 2099 in-

302 2142 436 2225 teritus,
460 2142 598 2226 lunera,-
619 2164 737 2211 rerum
761 2141 1022 2213 innovationem
1046 2165 1180 2225 vocare,
1209 2146 1347 2214 etenim

295 2260 523 2353 juventutem
544 2258 599 2329 his
625 2257 800 2351 quandam
823 2260 1066 2355 redintegratis
1090 2260 1224 2331 viribus
1249 2285 1347 2333 com-

302 2378 424 2473 parari.

352 2494 421 2565 IX.
450 2493 534 2565 Non
563 2492 664 2586 pluit,
690 2494 815 2585 inquit,
844 2493 984 2577 coelum,
1011 2503 1050 2565 et
1082 2495 1346 2567 frumentorum

302 2614 421 2705 inopia
436 2612 553 2683 nescio
570 2616 641 2704 q'uis
663 2610 871 2681 laboremus
914 2610 1009 2695 Quid
1026 2610 1145 2682 enimi
1173 2612 1346 2685 inservire

302 2728 480 2801 elemento
497 2729 566 2801 tuis
590 2728 857 2799 necessitatibus
878 2727 1058 2821 postulas?
1083 2736 1200 2821 atque,
1224 2738 1268 2800 ut
1291 2733 1344 2801 ri-

303 2870 385 2917 vere
409 2845 550 2916 mollius
575 2854 613 2915 et
635 2844 819 2915 delicatius
846 2852 887 2915 tu
912 2844 1032 2937 possis,
1059 2844 1227 2939 obsequia
1251 2855 1345 2919 tem-

303 2968 428 3056 poi'u‘m
454 2962 526 3032 tuis
546 2961 678 3033 debent
702 2960 1011 3031 commoditatibus
1037 2982 1075 3031 se
1101 2962 1208 3033 darei
1246 2964 1343 3049 Quid

303 3078 421 3150 enimi
451 3078 479 3149 si
507 3078 574 3148 hoc
603 3085 706 3170 pacto
733 3078 965 3172 navigationis
991 3079 1234 3173 cupidissimus
1259 3098 1345 3154 cona

299 3205 469 3289 queratur
494 3200 618 3265 ventos
641 3195 781 3287 jamdiu
809 3218 881 3265 non
909 3218 995 3279 esse,·
1022 3204 1060 3266 et
1088 3196 1167 3266 coeli
1198 3200 1345 3289 conqui-

303 3314 413 3385 evisse
438 3310 604 3383 flaturas?
635 3310 809 3403 Nunquid
832 3312 912 3382 ideo
935 3313 1123 3384 dicendum
1144 3321 1200 3384 est
1225 3317 1344 3407 perniss

200 3408 204 3415 ’
302 3432 433 3503 ciosam
458 3450 533 3500 esse
557 3426 850 3521 tranquillitatem
875 3428 973 3499 illam
995 3430 1129 3513 mnndi,
1153 3433 1234 3523 quia
1261 3454 1344 3504 vec-

279 3594 280 3599 =
301 3546 437 3618 toribus
458 3546 628 3639 impediet
645 3544 751 3616 votai
777 3544 895 3629 Quid?
919 3546 949 3615 si
970 3546 1044 3617 sole
1065 3547 1190 3641 aliquis
1206 3554 1343 3620 torrere

302 3684 340 3735 sc
369 3672 499 3746 suetus,
529 3671 567 3733 et
595 3662 775 3754 acquirere
807 3664 942 3754 corpori
971 3664 1175 3747 siccitatem,
1204 3666 1343 3736 ratione

303 3781 474 3852 consimili
500 3786 734 3872 conqueratur
756 3778 1044 3870 frequentissimis
1066 3780 1195 3851 nubilis
1211 3782 1343 3874 jucun-

304 3898 452 3969 ditatem
475 3896 671 3967 serenitatis
693 3894 871 3966 ablatam?
903 3894 1074 3989 Nunquid
1095 3896 1176 3967 ideo
1192 3898 1342 3970 dicenda

304 4024 386 4085 sunt
410 4012 531 4084 nubila
554 4014 696 4083 inimica
725 4012 936 4084 obductione
965 4014 1127 4104 pendere,
1152 4015 1236 4106 quia
1261 4014 1343 4087 libi·

303 4131 376 4202 dini
401 4154 472 4201 non
498 4131 717 4223 permittitur
740 4131 866 4202 ociosae
886 4128 1029 4200 rutilare
1054 4152 1092 4201 ae
1116 4130 1278 4215 flammis,
1304 4142 1343 4203 et

304 4270 423 4318 causas
451 4246 661 4338 potionibus
680 4247 894 4338 praeparare?
942 4244 1080 4317 Eventa
1107 4246 1183 4318 hmo
1213 4250 1343 4333 omnia,
