2867 4817
200 295 547 363 ALEXANDRINI
571 298 789 366 CONCILII
812 298 1064 366 EPISTOLA.
1119 301 1163 368 48

108 469 248 544 oiliator
259 473 305 543 ad
318 493 455 564 pacem,
468 475 698 567 semetipsum
712 473 792 546 Deo
809 482 848 546 et
861 474 960 547 Patri
978 497 1042 568 pro
1058 475 1160 548 nobis
1168 496 1258 559 upon
1270 514 1295 548 v.

107 587 259 660 offerens
275 589 314 659 in
331 589 475 660 odorem
488 591 691 662 suavitatis:
720 592 871 684 ideoque
885 591 1039 674 dicebat,
1056 563 1316 678 caen-Q?

106 704 230 776 ficium
246 714 284 777 et
301 704 518 778 oblationem
536 707 692 792 noluisti,
708 707 917 779 holocausta
932 731 996 801 pro
1012 717 1161 801 peccato

105 843 179 892 non
210 821 275 892 tibi
301 821 521 915 placuerunt,
549 846 675 916 corpus
702 832 824 895 autem
853 823 1032 916 perfecisti
1061 825 1160 908 mibi,

75 945 197 1024 stunc
220 938 305 1024 dixi,
323 961 408 1010 ecce
433 941 546 1012 venio.
598 939 643 1011 In
667 941 785 1033 cupite
806 938 888 1011 libri
911 941 1082 1034 scriptum
1105 948 1161 1012 eet

106 1055 155 1126 de
181 1077 249 1137 me,
266 1064 308 1128 ut
333 1054 461 1126 faciam
487 1054 587 1127 Deus
614 1055 837 1128 voluntatem
862 1064 973 1128 tuam.
1017 1054 1162 1132 Obtulit

106 1173 206 1244 enim
231 1173 386 1266 primum
409 1195 535 1266 corpus
559 1197 632 1245 non
654 1196 718 1268 pro
744 1196 793 1257 se,
819 1173 882 1245 sed
906 1197 971 1268 pro
996 1174 1099 1246 nobis
1123 1176 1161 1244 in

106 1289 254 1359 odorem
279 1289 473 1360 suavitatis.
526 1286 624 1360 Nam
649 1311 720 1381 qua
747 1311 812 1382 pro
836 1311 876 1361 se
900 1288 1080 1361 oblatione
1103 1289 1161 1360 vel

106 1404 285 1476 sacrificiis
307 1405 491 1499 indigeret,
518 1404 565 1476 ab
587 1405 684 1477 omni
709 1413 857 1499 peccato
880 1404 971 1476 liber
992 1413 1035 1476 ut
1060 1404 1160 1477 Deus

53 1521 290 1594 inexistens?
335 1521 441 1606 Quod
475 1521 505 1592 si
542 1543 665 1592 omnes
698 1529 946 1615 peecaverrmt,
981 1529 1019 1592 et
1052 1530 1160 1616 egent

107 1633 222 1729 gloria
250 1635 321 1707 Dei
348 1635 542 1708 secundum
569 1636 637 1707 hoc
667 1637 762 1729 quod
791 1657 912 1707 sumus
936 1636 982 1706 ad
1006 1634 1287 1714 mutem-namu.

108 1751 221 1823 litatis
233 1774 418 1824 excessum
435 1753 668 1847 promptiores
680 1752 811 1836 effecti,
827 1760 866 1823 et
882 1751 1036 1845 peccatis
1052 1775 1162 1846 aegro-

108 1869 201 1940 tavit
216 1868 372 1940 bumana
387 1876 524 1954 notura,
542 1870 617 1962 ipse
641 1891 726 1940 vero
742 1891 815 1939 non
831 1869 903 1952 ita;
928 1868 1080 1961 ideoque
1096 1891 1161 1940 nos

107 1984 223 2080 gloria
255 1986 331 2078 ejus
361 1986 565 2068 evincimur,
596 2007 659 2056 cur
688 1985 757 2057 erit
785 1984 881 2056 ultra
905 1985 984 2078 jam
1012 1986 1161 2056 dubium

56 2136 97 2194 15
109 2105 206 2196 quod
221 2125 334 2198 agnus
350 2126 454 2176 verus
471 2113 616 2197 propter
631 2125 696 2175 uos
713 2112 752 2174 et
767 2125 832 2196 pro
848 2103 951 2174 nobis
966 2103 1013 2173 sit
1034 2103 1161 2173 immo-

109 2219 227 2292 latus?
253 2219 325 2304 Qui
343 2220 430 2290 dicit
447 2227 579 2302 autem,
597 2221 681 2312 quia
698 2219 928 2312 semetipsum
948 2227 1024 2290 tem
1040 2241 1105 2311 pro
1121 2239 1160 2291 se

109 2359 216 2428 quem
237 2358 301 2429 pro
326 2335 427 2407 nobis
453 2335 632 2420 obtulerit,
649 2334 854 2406 nullatenus
877 2335 1072 2428 impietatis
1094 2335 1162 2406 cri-

108 2473 193 2524 men
216 2452 382 2548 effirgiet:
408 2476 491 2524 cum
516 2450 605 2522 nihil
628 2473 769 2544 prorsus
790 2451 858 2522 iste
875 2449 1073 2544 deliquerit,
1093 2474 1161 2523 nec

109 2569 224 2642 ullum
248 2570 373 2641 fecerit
400 2570 545 2640 omnino
572 2578 779 2661 peccatum:
807 2591 879 2660 qua
903 2569 1013 2663 igitur
1039 2575 1161 2662 egeret

56 2685 289 2758 200blatione
306 2685 405 2758 nullo
421 2709 486 2758 suo
503 2693 651 2758 extante
667 2686 832 2769 facinore,
849 2707 914 2778 pro
927 2707 997 2778 quo
1008 2684 1037 2756 si
1054 2691 1159 2768 esset,

109 2803 195 2875 sutis
227 2805 419 2875 admodum
452 2803 704 2874 convenienter
733 2800 899 2874 offerret?
938 2799 997 2872 De
1023 2799 1281 2898 SpirituIntuu

109 2942 251 3014 quoque
267 2941 350 2990 curn
367 2918 463 3003 dicit,
480 2917 543 2989 ille
562 2940 621 2988 me
637 2917 858 3012 glorificavit,
875 2916 945 2988 boc
963 2916 1158 2989 rectissime
1166 2883 1248 2998 ld?
1250 2883 1286 2999 ξ’

109 3036 304 3108 sentientes
319 3059 431 3106 unum
445 3035 628 3106 Christum
645 3042 683 3106 et
701 3033 844 3118 Filium,
861 3057 934 3104 non
950 3032 1050 3104 velut
1071 3032 1160 3106 alte-

110 3153 183 3225 rius
199 3162 365 3248 egentem
381 3151 503 3246 gloria,
524 3151 736 3222 confitemur
753 3175 777 3222 a
793 3150 930 3244 Spiritu
945 3158 1068 3222 sancto
1084 3149 1160 3245 glo-

60 3287 99 3347 25
111 3270 199 3341 riom
224 3276 464 3352 consecutum,
483 3268 566 3360 quia
589 3265 743 3360 Spiritus
763 3267 840 3359 ejus
862 3290 929 3338 nec
945 3266 1072 3337 melior
1093 3289 1160 3338 nec

110 3388 269 3480 superior
284 3384 346 3458 illo
363 3392 437 3456 est:
464 3385 526 3456 sed
550 3383 633 3476 quia
648 3384 739 3454 mira
761 3405 869 3475 opera
885 3383 1017 3455 faciens
1037 3384 1083 3456 ad
1099 3385 1161 3454 de-

108 3502 405 3574 monstrationem
429 3523 504 3572 suae
522 3499 680 3571 Deitatis
706 3499 839 3570 virtute
863 3499 996 3592 proprii
1018 3499 1161 3591 spiritus

109 3617 288 3701 utebatur,
305 3617 351 3689 ab
372 3617 448 3711 ipso
471 3614 658 3710 glorificari
681 3615 832 3699 dicitur3
861 3615 1160 3707 quemadmodum

109 3736 140 3806 si
166 3735 244 3828 quis
269 3735 314 3805 de
339 3733 541 3805 hominibus
561 3733 745 3803 adseveret
762 3731 858 3824 quod
882 3732 993 3801 virtus
1018 3753 1082 3802 sue
1103 3731 1161 3803 vel

59 3876 101 3934 30
111 3849 295 3944 disciplina
307 3849 504 3942 quemlibet
513 3871 805 3940 unumquemque
817 3846 995 3919 clarificet.
1026 3846 1161 3931 Quam-

111 3968 164 4038 vis
198 3969 293 4038 enim
325 3967 363 4037 in
397 3967 529 4038 suasit
559 3965 787 4036 subsistentia
812 3963 975 4057 Spiritus,
1012 3969 1051 4032 et
1084 3963 1160 4055 ejus

110 4081 331 4176 intelligatur
353 4083 390 4151 in
413 4103 562 4174 persono
577 4081 773 4174 proprietas
790 4080 898 4172 juxta
914 4079 952 4150 id
969 4079 1063 4171 quod
1082 4078 1162 4172 Spi-

110 4200 199 4272 ritus
223 4207 279 4269 est
304 4207 342 4270 et
358 4220 431 4270 non
456 4195 578 4280 Filius,
596 4205 756 4268 attamen
779 4195 915 4268 alienus
938 4217 1010 4266 non
1033 4203 1099 4278 est,
1115 4196 1162 4267 ab

602 4319 668 4384 02
