2867 4817
458 334 603 399 LIBER
627 334 820 399 PRIMUS.
1099 332 1169 401 287·

121 530 198 580 sese
214 517 268 580 est
288 528 405 579 rerum
429 510 586 579 omnium
604 530 735 592 caueae,
755 518 792 579 et
814 509 991 579 rationum
1015 505 1170 579 iocum-⁴

121 634 270 718 tumque
285 630 439 697 naturas.
782 714 788 729 ²

173 741 257 813 LII.
276 740 357 838 Age
377 765 471 813 nuno
493 744 613 813 ventat
630 743 718 835 quio,
736 762 841 835 super
862 743 1006 837 igneam
1027 760 1168 822 zonam,

120 880 245 953 magua
273 860 439 931 interiore
467 859 513 931 ab
542 858 627 929 orbe
657 858 872 943 Zoroastres,
899 858 1097 952 Hermippo
1121 867 1166 928 ut

121 978 353 1047 assentiamur
376 976 535 1047 authori:
580 974 789 1047 Bactrianus
813 983 851 1046 et
877 974 939 1046 ille
966 976 1168 1056 conveniat,-

122 1093 222 1185 cujua
261 1092 396 1163 Ctesias
436 1112 491 1163 res
527 1100 644 1187 gestas
680 1092 905 1163 historiarum
939 1093 1087 1184 exponit
1125 1094 1163 1161 in

122 1209 258 1301 primo:
296 1208 486 1279 Armenius
525 1208 718 1280 Hoothauia
755 1229 864 1301 nepos
896 1217 934 1280 et
974 1208 1168 1290 familiaria-

124 1322 339 1417 Pamphylue
356 1324 448 1418 Gyri,
462 1323 682 1418 Apollonius,
698 1325 899 1419 Damigero,
915 1333 954 1396 et
967 1322 1163 1406 Dardanm

124 1438 248 1523 Volua,
270 1439 444 1525 Julianus,
461 1449 499 1511 et
521 1440 697 1525 Babulus,
716 1450 755 1513 et
779 1442 888 1534 aiquie
911 1449 966 1511 eat
990 1439 1080 1511 alius
1103 1441 1164 1533 qui

123 1557 357 1649 principatum
392 1566 430 1627 et
461 1578 592 1628 nomen
625 1558 737 1629 fertur
768 1558 806 1627 in
838 1556 969 1628 talibus
1000 1556 1164 1629 habuitne

123 1674 326 1767 praestigiis:
371 1675 579 1767 permittant
612 1676 672 1745 uni
707 1696 754 1745 ex
786 1674 917 1767 populo
943 1673 981 1742 in
1010 1672 1164 1744 officium

124 1790 293 1860 sermonis
310 1790 428 1873 dandi,
445 1812 505 1861 ora
522 1791 749 1862 coarticulare
771 1800 963 1873 mutorum,
979 1790 1164 1861 surdorum

124 1906 295 1977 auriculae
307 1928 469 1989 reserare,
483 1904 1165 2003 sine(sor.sive)luminibueprooreatia

125 2021 307 2093 oculorum
332 2023 569 2117 redintegrare
590 2032 743 2106 naturas,
768 2032 807 2093 et
828 2025 865 2093 in
890 2023 1055 2117 frigentia
1078 2021 1163 2092 olim

124 2136 284 2209 membra
300 2160 421 2211 sensus
445 2140 647 2233 animmque
670 2142 847 2211 reducere.
898 2140 985 2223 Aut,
1003 2141 1032 2210 si
1054 2139 1165 2209 arduo

124 2276 181 2325 res
206 2256 365 2341 intueat,
391 2276 506 2349 neque
530 2256 607 2328 aliia
632 2258 838 2350 permittere
862 2255 988 2327 tatium
1016 2266 1163 2348 poeaunt
1303 2304 1306 2309 -

126 2392 270 2464 operum
296 2380 499 2465 potestates,
523 2374 587 2466 Ipsi
614 2373 754 2456 faciam,
771 2382 810 2442 et
835 2392 917 2443 oum
943 2373 1014 2442 auin
1037 2371 1164 2443 ritibna

126 2488 279 2572 iaciant;
312 2490 479 2583 quicquid
509 2490 659 2561 malefici
690 2491 857 2585 graminis
886 2490 1064 2559 nutricant
1096 2498 1166 2559 ter·

126 2626 243 2675 rarum
272 2606 376 2688 sinus,
406 2606 572 2699 quioquid
603 2608 730 2677 virium
760 2608 919 2677 continet
946 2604 1077 2676 fremor
1104 2604 1165 2676 ilie

126 2721 322 2805 verborum,
356 2732 463 2815 atque
496 2724 669 2818 adjunctae
702 2725 896 2795 carminum
929 2721 1165 2806 necessitates,

126 2858 197 2907 non
213 2839 419 2923 invidemus,
437 2842 611 2934 adjiciant,
628 2863 699 2911 non
719 2840 970 2922 interdicimus,
986 2838 1164 2933 coIIIgant.

127 2951 288 3046 Experiri
307 2954 395 3026 libet
412 2965 448 3026 et
465 2978 724 3051 recognoscere,
743 2954 836 3052 (sor.
853 2978 875 3028 e
890 2976 929 3026 re
945 2974 1165 3049 cognoscere,

126 3064 321 3164 Maur-cius)
348 3094 392 3143 on
423 3094 504 3143 cum
533 3074 604 3143 suia
632 3070 770 3143 efficere
798 3072 865 3143 <iiia
897 3071 1041 3165 possint,
1070 3072 1165 3162 quod

127 3184 173 3253 oo
208 3187 346 3257 msere
382 3170 588 3258 onustans
626 3188 841 3281 jussionibus
878 3185 1078 3256 morarum
1110 3194 1166 3257 eo

127 3302 240 3373 undio.

178 3414 281 3489 LIII.
301 3418 471 3492 Desistite
494 3419 516 3492 ὃ
538 3423 658 3505 nescii,
683 3424 721 3491 in
745 3420 936 3493 maledicta
960 3426 1166 3491 convertere

127 3554 183 3605 ree
207 3543 333 3619 tantas,
350 3535 438 3607 nihil
464 3538 496 3609 ei
522 3540 683 3609 nocitura
707 3539 767 3631 qui
784 3539 879 3620 fecit,
896 3535 1091 3631 perieulum
1115 3534 1166 3607 ab

126 3650 241 3722 latura
257 3654 319 3745 aed
336 3653 454 3724 vobis:
480 3653 685 3747 periculum,
706 3655 860 3746 inquam,
884 3673 955 3723 uon
969 3649 1165 3745 parvolum,

128 3770 188 3841 eet
214 3768 251 3839 in
276 3770 381 3841 rebus
397 3771 545 3855 eximiis,
563 3772 625 3842 aed
647 3772 685 3840 in
707 3771 891 3864 praecipuis
912 3769 1166 3853 constitutum

127 3884 300 3977 siquidem
333 3906 388 3957 ree
421 3886 538 3957 anima
566 3885 723 3981 preciosa
751 3894 909 3968 estnec
937 3885 1014 3978 ipso
1039 3906 1079 3955 ae
1103 3883 1165 3955 iro-

126 4004 214 4073 mini
238 4004 429 4097 quidquam
451 4012 569 4097 potest
597 4004 737 4075 charius
764 4003 925 4073 inveniri.
978 4000 1080 4073 Nihil
1109 4002 1167 4092 (ut

127 4120 269 4211 remini)
306 4121 494 4215 magicum,
533 4120 620 4190 nihil
659 4118 864 4201 humanum,
902 4118 1167 4212 prestigium,

128 4235 404 4320 antenodorum,
421 4236 510 4307 nihil
527 4238 666 4321 sraudIs,
685 4236 828 4308 delituit
842 4237 879 4307 in
897 4235 1061 4319 Chriat03
1077 4236 1167 4307 deri.
