2867 4817
274 308 340 371 214
610 306 989 371 ANNOTATIONES

274 480 448 545 tentiamm
471 477 550 543 ordo
568 477 707 542 revocari
730 478 855 555 debeat,
876 498 968 563 aeque
988 483 1098 541 tamen
1119 475 1322 541 scribendum

275 567 367 639 foret,
383 564 437 629 aad
469 586 541 627 awa
555 586 605 627 coc
618 564 787 628 arderetis.

320 652 359 715 P.
376 587 482 734 ¹593·
497 670 544 713 10.
560 650 613 734 qui
637 649 829 729 exorbitant,
845 657 879 714 et
892 648 966 712 fidei
980 648 1126 713 veritatis
1146 648 1323 734 pariorum

276 759 339 801 non
364 736 492 823 cavent]
521 735 705 822 Legendum
755 735 871 803 utabat
893 734 1012 798 Junius
1028 735 1101 819 fide
1129 755 1193 798 non
1212 735 1320 817 fidaei5

275 830 428 908 extatque
454 822 487 885 in
513 821 582 907 ipsa
606 822 700 905 hujus
719 758 816 886 lllelli
837 820 987 897 clausula,
1013 842 1110 906 qnam
1131 828 1206 906 post
1228 819 1322 884 Junii

276 917 422 994 tempora
437 907 595 993 Rigaltius
608 907 735 992 adjecit,
751 907 869 975 locutio
890 908 925 970 ia
937 907 1005 989 fida
1025 907 1173 972 uentis.
1218 906 1323 969 Porro

276 995 386 1059 scribit
402 995 435 1057 S.
452 994 571 1058 Paulus
587 996 621 1057 ἐν
635 997 773 1078 ἁγιασμῷ
786 996 961 1073 πνεύματος,
979 994 1027 1057 rel
1048 996 1147 1057 πίστει
1169 993 1321 1070 ἀληθείας.

279 1100 296 1144 2
316 1081 414 1145 Ticer.
430 1079 461 1143 ii.
482 1100 528 1163 ¹3·
572 1080 776 1164 Quapropter
796 1079 900 1143 locum
914 1080 962 1142 ita
976 1078 1054 1143 refiu
1097 1080 1177 1163 ,qai
1196 1078 1324 1142 exorbi-

276 1174 383 1231 tentes
398 1165 461 1229 fide
475 1166 621 1242 centoria,
632 1165 807 1251 periculam
820 1186 880 1229 reon
893 1174 1007 1228 meent.
1106 1173 1211 1229 terum
1232 1163 1322 1240 illud,

276 1253 360 1338 cepit
373 1253 506 1339 opinari,
522 1274 580 1337 pro
595 1273 633 1315 eo
648 1252 734 1335 quod
748 1258 807 1328 est,
816 1252 1003 1336 potcrtfieri,
1013 1260 1048 1314 ct
1061 1251 1140 1314 tolio
1150 1252 1324 1336 opinentur,

276 1340 330 1425 qai
345 1337 541 1402 centimeter
556 1340 612 1401 &a
629 1359 717 1401 more
732 1336 919 1402 Tertulliani
933 1343 984 1401 est
996 1337 1147 1422 positum.

321 1424 402 1489 Ibid.
418 1424 439 1486 l.
458 1426 505 1488 16.
521 1423 618 1487 ctiam
641 1422 819 1509 specialiter
838 1423 1028 1507 quibusdam
1044 1420 1324 1508 respondebimus]

278 1510 351 1576 Hoc
377 1532 453 1574 vero
475 1509 628 1595 praestitit
651 1509 739 1573 libris
762 1509 913 1573 adversus
938 1509 1145 1583 Marcionem,
1170 1510 1325 1573 adversim

278 1596 529 1671 Valentinianos,
546 1596 695 1659 adversus
711 1594 870 1659 Praxeam
887 1597 943 1659 &a
991 1595 1124 1659 Minime
1142 1602 1251 1659 autem
1273 1616 1324 1657 se-

277 1683 386 1768 quenti
409 1681 568 1767 opusculo,
585 1702 658 1745 nam
680 1702 718 1745 eo
739 1688 866 1745 tanturn
892 1681 1073 1745 indicantur
1092 1680 1237 1758 haereses,
1258 1702 1325 1744 nou

277 1769 490 1834 confutantur.
514 1768 642 1831 chur.

321 1853 605 1918 Ibid.l.16.Haec
627 1852 659 1915 in
681 1854 744 1916 fide
761 1852 906 1917 veritatis
932 1854 1004 1937 tra]
1032 1852 1138 1916 Voces
1158 1873 1259 1936 usqne
1279 1853 1326 1915 ad

277 1941 423 2005 ultimum
452 1939 581 2003 verbum
617 1939 759 2024 Eaplioit
793 1938 913 2024 primus
941 1938 1066 2003 addidit
1095 1938 1254 2024 Rigaltius
1290 1938 1325 2001 in

277 2026 416 2091 editione
438 2047 495 2089 sua
516 2024 668 2088 librorum
690 2046 803 2089 novem
826 2024 1023 2089 Tertulliani.
1069 2024 1133 2088 Hae
1155 2046 1230 2088 vero
1251 2024 1327 2089 ideo

278 2112 402 2177 omissae
428 2132 496 2175 esse
522 2110 555 2173 in
576 2110 685 2175 multis
706 2110 867 2174 codicibus
886 2110 1042 2187 videntur,
1057 2118 1095 2175 ut
1116 2110 1325 2174 molluscum

278 2199 337 2262 hoc
355 2218 451 2281 opere
467 2195 641 2261 cohaereret
658 2196 790 2273 libellus,
811 2197 934 2281 dequo
956 2196 1040 2260 illico
1062 2196 1179 2261 dicturi
1202 2218 1322 2260 sumus.

280 2284 318 2346 In
333 2282 472 2347 clausula
487 2289 596 2346 autem
610 2284 682 2359 ista,
697 2283 776 2346 Hoec
797 2283 830 2345 in
846 2283 913 2367 fide
934 2283 1070 2347 veritatis
1090 2284 1120 2345 ci
1135 2329 1325 2346 ........

278 2368 435 2454 Ζιφωιτὶὂω
451 2391 519 2455 pac
540 2378 567 2432 at
588 2369 693 2453 pratia
707 2369 837 2432 Dacica
857 2369 953 2432 metri
966 2369 1042 2432 Jeen
1059 2369 1172 2433 olant
1186 2370 1220 2432 in
1234 2379 1325 2433 eor·

278 2478 360 2531 anm,
376 2454 489 2519 lacuna
504 2454 564 2518 hoc
579 2454 627 2518 vel
642 2454 704 2519 alio
720 2454 858 2539 quodam
873 2454 968 2518 modo
983 2454 1158 2540 supplenda
1172 2464 1231 2533 est,
1243 2456 1327 2518 citi-a

278 2540 497 2607 cavillationem
512 2539 676 2626 hpmtiltn.

321 2650 438 2690 conr-nn
469 2648 637 2689 unanrloos
667 2628 830 2727 exuerem]
859 2626 899 2690 In
927 2626 1035 2692 codice
1064 2626 1231 2712 Agobardi
1259 2648 1328 2691 non

278 2714 364 2778 ultra
386 2712 491 2798 pergit
513 2713 593 2776 liber
618 2712 669 2777 De
695 2712 939 2797 Praescrrptione
963 2712 1207 2789 Haereticomm,
1223 2734 1329 2797 neque

280 2800 343 2863 ulla
368 2798 406 2864 fit
429 2799 549 2863 mentio
572 2798 734 2883 sequentis
757 2799 908 2884 opusculi,
935 2800 1020 2883 quod
1045 2799 1166 2883 incipit,
1191 2799 1331 2877 Quorum

277 2886 493 2962 imitamen,
509 2894 544 2949 at
550 2884 843 3033 ploraqpraetcrcom
858 2888 915 2949 &a
960 2885 1005 2949 Et
1022 2886 1143 2970 jacebit
1159 2885 1327 2967 ἀκέφαλον,

278 2972 339 3036 nisi
364 2971 496 3035 dicimus
522 2970 566 3034 sic
592 2992 612 3034 a
670 2970 838 3035 ertulliano
861 2972 1020 3035 adnexum
1042 2972 1139 3037 fuisse
1161 2970 1249 3057 operi
1275 2970 1329 3035 De

280 3056 524 3156 Praescriptione
547 3055 791 3134 Hareticorum,
814 3062 913 3121 uteo
935 3057 1092 3133 absoluto,
1116 3080 1188 3122 cum
1212 3057 1330 3205 alipuis

279 3143 508 3227 adscripsissct
524 3142 665 3227 Explicit
685 3143 723 3207 de
743 3144 982 3229 Proecoripn'one
995 3144 1225 3219 Hernicorum,
1241 3143 1252 3205 i
1274 3166 1328 3206 cm

280 3228 421 3328 quisquis
440 3227 491 3291 illc
505 3228 617 3327 ‚suefll'
630 3229 702 3312 ejus
723 3228 782 3293 aevi
804 3228 950 3313 scriptor,
965 3250 1024 3314 pro
1045 3229 1142 3293 titulo
1164 3228 1328 3327 sequentis

280 3314 1329 3485 Stltsstlltt?tulfflleltttwltttltttttltt

280 3492 431 3563 censeret,
443 3508 481 3549 ac
496 3485 610 3549 deinde
622 3486 752 3571 incipiat
763 3486 957 3572 opusculum,
973 3486 1067 3550 Taceo
1077 3488 1158 3550 enim
1165 3484 1330 3550 Jadcimi

279 3572 440 3649 loeraicoe,
456 3572 541 3655 quod
563 3571 681 3635 idcirco
703 3573 808 3720 portio
830 3595 868 3636 ac
893 3572 1022 3657 sequela
1043 3572 1252 3657 praecedentis
1270 3570 1328 3636 ha-

280 3661 404 3735 beatur,
420 3664 652 3743 proptereaque
666 3680 708 3721 nu
722 3657 776 3721 libi
790 3658 925 3723 citatum
939 3660 981 3723 ab
1003 3657 1139 3722 authore
1153 3658 1328 3743 separatim

280 3744 467 3830 reperiatur.
513 3743 611 3807 Stilus
626 3750 713 3807 certe
728 3765 790 3806 non
805 3744 958 3808 absimilis
971 3744 1098 3808 videtur
1117 3744 1327 3828 Septimiano.

283 3831 320 3893 In
359 3829 546 3915 quibusdam
577 3850 650 3893 vero
687 3829 918 3914 exemplaribus
949 3830 1102 3916 praecedit
1130 3830 1246 3894 librum
1276 3830 1329 3893 De

282 3917 415 3981 Praescr.
434 3916 676 3979 Haereticorum.
700 3914 828 3977 Rroear.
874 3915 917 3992 Si,
933 3924 970 3981 ut
992 3916 1165 4002 opinantur
1178 3914 1327 3988 Allixius,

282 4002 476 4077 Noesseltus‚
506 4001 630 4086 aliique,
661 4008 737 4086 post
765 4001 951 4066 Tertulliani
980 4004 1104 4087 lapsum
1133 4001 1329 4087 compositus

281 4088 342 4151 fuit
357 4087 408 4151 hic
429 4086 508 4151 liber
523 4088 572 4151 De
586 4088 835 4172 Proeson'ptionc,
851 4088 925 4152 hino
948 4112 1023 4152 saue
1046 4090 1111 4153 duc
1132 4088 1186 4152 isti
1207 4094 1328 4152 tracta-

282 4180 335 4237 tus
350 4172 490 4236 diversos
505 4180 653 4237 auctores
668 4174 810 4237 habeant
824 4174 952 4238 omnino
972 4196 1100 4238 necem
1121 4182 1181 4240 cst.
1228 4174 1328 4238 Hand
