2867 4817
256 321 321 384 180
602 312 944 381 TERTULLIANI

128 520 212 571 cnr.
307 493 406 565 Cedo
422 513 518 563 nunc
534 500 661 586 sponte
672 492 719 562 de
734 490 846 585 gradu
861 490 941 559 isto.
973 484 1150 557 Omnibus
1167 484 1307 553 dictum

134 586 195 672 ,Ιχ
257 612 314 693 sit,
328 608 491 700 Qucerite,
508 616 540 679 et
552 607 749 679 inuenietis:
773 615 894 679 tameu
911 602 1018 675 ethic
1035 602 1182 696 expedit
1198 622 1307 671 sensu

258 724 350 823 (sor.
363 727 409 800 de
425 728 544 820 sensu)
562 734 698 796 certare
714 746 796 795 curn
814 721 1115 815 interpretationis
1131 718 1309 812 guberna·

258 844 349 916 culo.
380 843 495 915 Nulla
510 865 581 915 vox
597 843 717 913 divina
732 844 784 913 ita
800 840 971 912 dissoluta
987 848 1042 909 est
1059 848 1098 909 et
1114 834 1250 919 diffirsn,
1263 845 1308 907 ut

258 962 366 1034 verba
376 970 516 1031 tantum
529 960 774 1043 defendantur,
788 967 827 1030 et
838 960 928 1031 ratio
938 956 1127 1027 verborum
1137 977 1210 1026 non
1222 972 1336 1035 con-5

257 1079 437 1150 stituatur.
487 1077 560 1149 Sed
577 1079 615 1149 in
631 1078 753 1171 primis
769 1077 837 1149 hoc
854 1098 1024 1170 propono:
1051 1096 1163 1145 unum
1180 1074 1308 1167 utique

258 1206 298 1268 et
321 1203 459 1267 certum
480 1194 614 1288 aliquid
643 1196 848 1267 institutum
874 1216 950 1265 esse
975 1216 997 1263 a
1027 1192 1180 1274 Christo,
1210 1188 1308 1283 quod

258 1315 402 1387 credere
418 1313 622 1384 omnimodo
637 1312 793 1384 debeant
808 1312 990 1395 nationes;
1011 1320 1049 1381 et
1065 1309 1196 1381 idcirco
1209 1330 1310 1400 qure-

258 1454 345 1514 rere,
362 1439 404 1501 ut
419 1430 555 1523 possint
570 1452 654 1499 cum
664 1428 864 1500 invenerint
881 1429 1034 1500 credere.
1070 1426 1187 1499 Unius
1201 1448 1309 1520 porro

259 1556 297 1620 et
322 1548 411 1619 certi
431 1547 598 1631 instituti,
620 1546 759 1618 infinita
781 1546 960 1639 inquisitio
986 1568 1057 1615 non
1077 1552 1197 1638 potest
1219 1565 1308 1615 esse.
1322 1570 1362 1612 10

259 1664 502 1749 Quaerendum
524 1672 579 1735 est
602 1665 716 1735 donec
741 1666 910 1747 invenias,
935 1672 973 1735 et
1002 1664 1219 1735 credendum
1244 1663 1308 1735 ubi

258 1782 453 1852 inveneris:
487 1780 576 1851 nihil
608 1779 770 1873 amplius,
805 1781 871 1851 nisi
905 1780 1178 1853 custodiendum
1211 1780 1308 1873 quod

260 1897 449 1968 credidisti.
502 1894 601 1966 Dum
617 1898 686 1969 hoc
701 1900 847 1991 insuper
862 1898 994 1981 credas,
1011 1896 1107 1968 aliud
1133 1920 1205 1968 non
1231 1918 1310 1968 esse

259 2014 486 2095 credendum,
508 2012 662 2105 ideoque
691 2037 758 2085 uec
785 2014 1058 2107 requirendum
1084 2038 1167 2084 cum
1192 2012 1230 2083 id
1255 2014 1311 2085 in-

260 2131 397 2202 veneris
413 2138 453 2201 et
474 2130 664 2225 credideris
680 2132 775 2223 quod
800 2132 846 2202 ab
869 2154 912 2202 eo
937 2130 1143 2202 institutum
1164 2138 1219 2202 est
1236 2132 1309 2223 qui,
1322 2166 1334 2205 ι
1340 2162 1357 2225 5

259 2271 333 2319 nou
356 2247 454 2318 aliud
478 2247 545 2318 tibi
566 2247 714 2319 mandat
735 2250 995 2342 inquirendum,
1013 2272 1120 2343 quarn
1143 2250 1238 2343 quod
1254 2250 1311 2321 in·

260 2366 388 2436 stituit.
438 2364 498 2436 De
529 2364 598 2436 hoc
630 2366 775 2457 quidem
801 2366 829 2435 si
864 2368 924 2458 qui
952 2366 1103 2450 dubitat,
1130 2366 1311 2437 constabit

258 2502 368 2575 penes
394 2502 459 2551 nos
483 2502 561 2552 esse
586 2482 633 2563 id,
664 2482 760 2574 quod
786 2503 809 2552 a
837 2481 979 2554 Christo
1008 2484 1213 2555 institutum
1242 2491 1309 2553 est.

259 2598 410 2669 Interim
435 2620 482 2668 ex
507 2597 636 2669 fiducia
657 2598 875 2690 probationis
900 2600 1089 2691 praevenio,
1114 2600 1311 2673 admonens

259 2715 431 2811 quosdam
457 2713 546 2785 nihil
576 2735 652 2785 esse
680 2716 911 2805 quaerendum
945 2715 1040 2787 ultra
1072 2716 1168 2809 quod
1197 2718 1362 2789 credi-20

259 2834 416 2918 derunt;
449 2832 487 2903 id
530 2852 607 2901 esse
646 2830 742 2922 quod
786 2855 945 2924 quaerere
979 2833 1200 2905 debuerunt:
1252 2856 1311 2917 ne,

261 2948 424 3041 Quoemm
472 2958 504 3020 et
558 2946 749 3031 invenietis,
800 2950 876 3021 sine
930 2949 1115 3043 disciplina
1164 2951 1313 3023 rationis

260 3067 548 3160 interpretentur.

313 3182 421 3254 Retio
437 3190 560 3254 autem
582 3182 669 3254 dicti
692 3181 796 3275 hujus
813 3183 851 3252 in
868 3182 981 3253 tribus
1006 3182 1164 3255 articulis
1181 3184 1314 3255 consti-

264 3299 331 3383 tit;
355 3298 394 3369 in
415 3322 464 3383 re,
486 3300 525 3369 in
550 3308 722 3392 tempore,
746 3299 783 3368 in
802 3300 930 3371 modo:
956 3301 993 3369 in
1017 3324 1065 3383 rc,
1086 3309 1128 3371 ut
1151 3300 1236 3393 quid
1264 3300 1313 3371 sit
1325 3320 1360 3380 ²5

262 3417 494 3509 quaerendum
519 3415 739 3498 considerem
763 3414 802 3483 in
825 3422 995 3509 tempore,
1018 3424 1060 3486 ut
1085 3416 1248 3508 quando;
1274 3418 1314 3487 in

261 3533 380 3615 modo,
409 3541 453 3604 ut
485 3554 679 3626 quousque.
730 3530 846 3624 Igitur
872 3532 1105 3624 quaerendum
1134 3533 1313 3625 estquod

263 3647 426 3719 Christus
440 3649 617 3732 instituit;
642 3648 767 3740 utique
792 3647 933 3739 quando
960 3669 1032 3718 non
1058 3648 1216 3732 invenis;
1242 3648 1316 3718 uti·

263 3787 333 3858 que
363 3764 476 3835 donec
510 3764 679 3835 invenias.
731 3762 904 3835 Invenisti
933 3771 1055 3835 autem
1083 3786 1166 3835 cum
1200 3764 1316 3837 crodi-

263 3882 357 3963 disti,
382 3902 465 3951 nam
489 3903 563 3952 non
587 3880 802 3963 credidisses,
829 3880 857 3951 si
883 3902 956 3951 non
980 3880 1194 3964 invenisses;
1219 3881 1316 3951 sicut
1325 3906 1363 3964 30

263 4021 330 4069 nec
347 3997 538 4091 quaesisses,
555 3997 623 4068 nisi
643 4005 686 4067 ut
705 3997 892 4068 invenires.
944 3995 1006 4067 Ad
1026 3996 1096 4068 hoc
1117 4019 1202 4091 ergo
1220 4019 1317 4088 qum-

264 4116 312 4185 ris
327 4121 371 4185 ut
386 4115 554 4197 invenias,
572 4114 670 4185 etad
688 4112 757 4184 hoc
774 4112 910 4185 invenis
927 4120 969 4183 ut
986 4111 1118 4185 credas.
1157 4110 1317 4185 Omnem
