<?xml version="1.0" encoding="UTF-8"?>
<!DOCTYPE html PUBLIC "-//W3C//DTD XHTML 1.0 Transitional//EN"
    "http://www.w3.org/TR/xhtml1/DTD/xhtml1-transitional.dtd">
<html xmlns="http://www.w3.org/1999/xhtml" xml:lang="en" lang="en">
 <head>
  <title>
</title>
<meta http-equiv="Content-Type" content="text/html;charset=utf-8" />
  <meta name='ocr-system' content='tesseract 3.04.00' />
  <meta name='ocr-capabilities' content='ocr_page ocr_carea ocr_par ocr_line ocrx_word'/>
</head>
<body>
  <div class='ocr_page' id='page_1' title='image "./scriptorumeccle03routgoog_0530.png"; bbox 0 0 2867 4817; ppageno 0'>
   <div class='ocr_carea' id='block_1_1' title="bbox 275 294 1066 365">
    <p class='ocr_par' dir='ltr' id='par_1_1' title="bbox 275 294 1066 365">
     <span class='ocr_line' id='line_1_1' title="bbox 275 294 1066 365; baseline -0.015 -1"><span class='ocrx_word' id='word_1_1' title='bbox 275 298 319 365; x_wconf 78' lang='lat'>78</span> <span class='ocrx_word' id='word_1_2' title='bbox 592 295 849 363; x_wconf 84' lang='lat' dir='ltr'><strong>DEFINITIO</strong></span> <span class='ocrx_word' id='word_1_3' title='bbox 873 294 1009 360; x_wconf 90' lang='lat' dir='ltr'><strong>FIDEI</strong></span> <span class='ocrx_word' id='word_1_4' title='bbox 1061 343 1066 351; x_wconf 84' lang='lat'><em>.</em></span> 
     </span>
    </p>
   </div>
   <div class='ocr_carea' id='block_1_2' title="bbox 193 467 1385 2490">
    <p class='ocr_par' dir='ltr' id='par_1_2' title="bbox 193 467 1385 2490">
     <span class='ocr_line' id='line_1_2' title="bbox 274 467 1334 576; baseline -0.001 -27"><span class='ocrx_word' id='word_1_5' title='bbox 274 467 431 576; x_wconf 76' lang='grc' dir='ltr'>ἐδέξατο,</span> <span class='ocrx_word' id='word_1_6' title='bbox 455 474 503 552; x_wconf 82' lang='grc' dir='ltr'>είς</span> <span class='ocrx_word' id='word_1_7' title='bbox 536 468 687 573; x_wconf 82' lang='grc' dir='ltr'>ἔλεγχον</span> <span class='ocrx_word' id='word_1_8' title='bbox 709 467 775 569; x_wconf 70' lang='grc' dir='ltr'>μέν</span> <span class='ocrx_word' id='word_1_9' title='bbox 801 475 865 569; x_wconf 81' lang='grc' dir='ltr'>τῆς</span> <span class='ocrx_word' id='word_1_10' title='bbox 893 471 1095 572; x_wconf 90' lang='grc' dir='ltr'>Νεστορίου</span> <span class='ocrx_word' id='word_1_11' title='bbox 1120 474 1334 574; x_wconf 85' lang='grc' dir='ltr'>φρενοβλα-</span> 
     </span>
     <span class='ocr_line' id='line_1_3' title="bbox 273 594 1331 704; baseline -0.002 -27"><span class='ocrx_word' id='word_1_12' title='bbox 273 599 383 695; x_wconf 90' lang='grc' dir='ltr'>βείας,</span> <span class='ocrx_word' id='word_1_13' title='bbox 397 597 582 701; x_wconf 81' lang='grc' dir='ltr'>ἑρμηνείαν</span> <span class='ocrx_word' id='word_1_14' title='bbox 600 594 637 677; x_wconf 78' lang='grc' dir='ltr'>δὲ</span> <span class='ocrx_word' id='word_1_15' title='bbox 654 602 728 678; x_wconf 79' lang='grc' dir='ltr'>τῶν</span> <span class='ocrx_word' id='word_1_16' title='bbox 740 598 779 677; x_wconf 81' lang='grc' dir='ltr'>ἐν</span> <span class='ocrx_word' id='word_1_17' title='bbox 796 597 939 691; x_wconf 81' lang='grc' dir='ltr'>εὐσεβεῖ</span> <span class='ocrx_word' id='word_1_18' title='bbox 948 594 1045 704; x_wconf 78' lang='grc' dir='ltr'>ζήλῳ</span> <span class='ocrx_word' id='word_1_19' title='bbox 1063 604 1127 676; x_wconf 89' lang='grc' dir='ltr'>τοῦ</span> <span class='ocrx_word' id='word_1_20' title='bbox 1145 596 1331 697; x_wconf 85' lang='grc' dir='ltr'>σωτηρίου</span> 
     </span>
     <span class='ocr_line' id='line_1_4' title="bbox 193 722 1326 825; baseline 0 -20"><span class='ocrx_word' id='word_1_21' title='bbox 193 816 201 823; x_wconf 46' lang='grc'>,</span> <span class='ocrx_word' id='word_1_22' title='bbox 274 722 468 825; x_wconf 77' lang='grc' dir='ltr'>συμβόλου</span> <span class='ocrx_word' id='word_1_23' title='bbox 484 722 692 804; x_wconf 79' lang='grc' dir='ltr'>ποθούντων</span> <span class='ocrx_word' id='word_1_24' title='bbox 718 723 785 825; x_wconf 81' lang='grc' dir='ltr'>τὴν</span> <span class='ocrx_word' id='word_1_25' title='bbox 812 723 961 803; x_wconf 76' lang='grc' dir='ltr'>ἔννοιαν·</span> <span class='ocrx_word' id='word_1_26' title='bbox 993 722 1049 807; x_wconf 81' lang='grc' dir='ltr'>αἷς</span> <span class='ocrx_word' id='word_1_27' title='bbox 1073 726 1132 803; x_wconf 83' lang='grc' dir='ltr'>καὶ</span> <span class='ocrx_word' id='word_1_28' title='bbox 1153 722 1222 825; x_wconf 76' lang='grc' dir='ltr'>τὴν</span> <span class='ocrx_word' id='word_1_29' title='bbox 1245 726 1326 805; x_wconf 81' lang='grc' dir='ltr'>ἐπι·</span> 
     </span>
     <span class='ocr_line' id='line_1_5' title="bbox 274 849 1330 955; baseline -0.004 -22"><span class='ocrx_word' id='word_1_30' title='bbox 274 850 415 953; x_wconf 88' lang='grc' dir='ltr'>στολὴν</span> <span class='ocrx_word' id='word_1_31' title='bbox 439 860 503 932; x_wconf 89' lang='grc' dir='ltr'>τοῦ</span> <span class='ocrx_word' id='word_1_32' title='bbox 527 856 592 952; x_wconf 79' lang='grc' dir='ltr'>τῆς</span> <span class='ocrx_word' id='word_1_33' title='bbox 619 854 795 955; x_wconf 71' lang='grc' dir='ltr'>μεγᾶῖπγς</span> <span class='ocrx_word' id='word_1_34' title='bbox 823 854 882 931; x_wconf 74' lang='grc' dir='ltr'>καὶ</span> <span class='ocrx_word' id='word_1_35' title='bbox 908 851 1156 955; x_wconf 73' lang='grc' dir='ltr'>πρεσβυτέρας</span> <span class='ocrx_word' id='word_1_36' title='bbox 1183 849 1330 953; x_wconf 78' lang='grc' dir='ltr'>Ῥώμης</span> 
     </span>
     <span class='ocr_line' id='line_1_6' title="bbox 274 976 1358 1085; baseline -0.003 -24"><span class='ocrx_word' id='word_1_37' title='bbox 274 980 449 1085; x_wconf 85' lang='grc' dir='ltr'>προεδρου</span> <span class='ocrx_word' id='word_1_38' title='bbox 481 986 547 1061; x_wconf 88' lang='grc' dir='ltr'>τοῦ</span> <span class='ocrx_word' id='word_1_39' title='bbox 580 978 851 1084; x_wconf 87' lang='grc' dir='ltr'>μακαριωτάτου</span> <span class='ocrx_word' id='word_1_40' title='bbox 882 981 941 1059; x_wconf 83' lang='grc' dir='ltr'>καὶ</span> <span class='ocrx_word' id='word_1_41' title='bbox 973 976 1174 1081; x_wconf 82' lang='grc' dir='ltr'>ἁγιωτάτων</span> <span class='ocrx_word' id='word_1_42' title='bbox 1202 982 1327 1085; x_wconf 84' lang='grc' dir='ltr'>ἀρχιε-</span> <span class='ocrx_word' id='word_1_43' title='bbox 1338 1016 1358 1075; x_wconf 79' lang='lat'><strong>5</strong></span> 
     </span>
     <span class='ocr_line' id='line_1_7' title="bbox 274 1104 1331 1213; baseline -0.002 -24"><span class='ocrx_word' id='word_1_44' title='bbox 274 1106 457 1189; x_wconf 86' lang='grc' dir='ltr'>πισκόπου</span> <span class='ocrx_word' id='word_1_45' title='bbox 475 1107 641 1206; x_wconf 84' lang='grc' dir='ltr'>Λέοντος,</span> <span class='ocrx_word' id='word_1_46' title='bbox 658 1104 725 1207; x_wconf 84' lang='grc' dir='ltr'>τὴν</span> <span class='ocrx_word' id='word_1_47' title='bbox 742 1112 946 1213; x_wconf 79' lang='grc' dir='ltr'>γραφεῖσαν</span> <span class='ocrx_word' id='word_1_48' title='bbox 963 1106 1055 1209; x_wconf 80' lang='grc' dir='ltr'>πρὸς</span> <span class='ocrx_word' id='word_1_49' title='bbox 1072 1104 1136 1185; x_wconf 81' lang='grc' dir='ltr'>τὸν</span> <span class='ocrx_word' id='word_1_50' title='bbox 1154 1108 1193 1186; x_wconf 85' lang='grc' dir='ltr'>ἐν</span> <span class='ocrx_word' id='word_1_51' title='bbox 1211 1108 1331 1209; x_wconf 88' lang='grc' dir='ltr'>ἁγίοις</span> 
     </span>
     <span class='ocr_line' id='line_1_8' title="bbox 274 1232 1332 1341; baseline 0.002 -24"><span class='ocrx_word' id='word_1_52' title='bbox 274 1237 557 1341; x_wconf 76' lang='grc' dir='ltr'>άρχιεπίτκαπον</span> <span class='ocrx_word' id='word_1_53' title='bbox 575 1232 782 1315; x_wconf 81' lang='grc' dir='ltr'>Φλαυιαυδν</span> <span class='ocrx_word' id='word_1_54' title='bbox 800 1236 852 1315; x_wconf 85' lang='grc' dir='ltr'>ἐπ’</span> <span class='ocrx_word' id='word_1_55' title='bbox 873 1234 1051 1338; x_wconf 73' lang='grc' dir='ltr'>ἀναιρέσει</span> <span class='ocrx_word' id='word_1_56' title='bbox 1069 1240 1133 1335; x_wconf 75' lang='grc' dir='ltr'>τῆς</span> <span class='ocrx_word' id='word_1_57' title='bbox 1144 1236 1332 1339; x_wconf 86' lang='grc' dir='ltr'>Εῦτυχοῦς</span> 
     </span>
     <span class='ocr_line' id='line_1_9' title="bbox 276 1359 1332 1469; baseline -0.004 -24"><span class='ocrx_word' id='word_1_58' title='bbox 276 1364 470 1462; x_wconf 89' lang='grc' dir='ltr'>κακονοίας,</span> <span class='ocrx_word' id='word_1_59' title='bbox 492 1360 617 1463; x_wconf 81' lang='grc' dir='ltr'>ἅτεδτ)</span> <span class='ocrx_word' id='word_1_60' title='bbox 640 1368 685 1468; x_wconf 82' lang='grc' dir='ltr'>τῇ</span> <span class='ocrx_word' id='word_1_61' title='bbox 709 1372 775 1443; x_wconf 88' lang='grc' dir='ltr'>τοῦ</span> <span class='ocrx_word' id='word_1_62' title='bbox 799 1359 959 1466; x_wconf 80' lang='grc' dir='ltr'>μεγάλου</span> <span class='ocrx_word' id='word_1_63' title='bbox 985 1362 1125 1467; x_wconf 82' lang='grc' dir='ltr'>Πέτρου</span> <span class='ocrx_word' id='word_1_64' title='bbox 1149 1362 1332 1469; x_wconf 77' lang='grc' dir='ltr'>ὁμολογίᾳ</span> 
     </span>
     <span class='ocr_line' id='line_1_10' title="bbox 276 1487 1333 1595; baseline -0.002 -23"><span class='ocrx_word' id='word_1_65' title='bbox 276 1492 561 1592; x_wconf 84' lang='grc' dir='ltr'>συμβαίνουσαν,</span> <span class='ocrx_word' id='word_1_66' title='bbox 590 1493 649 1569; x_wconf 87' lang='grc' dir='ltr'>καὶ</span> <span class='ocrx_word' id='word_1_67' title='bbox 673 1488 795 1591; x_wconf 84' lang='grc' dir='ltr'>κοινήν</span> <span class='ocrx_word' id='word_1_68' title='bbox 822 1524 901 1570; x_wconf 89' lang='grc' dir='ltr'>τινα</span> <span class='ocrx_word' id='word_1_69' title='bbox 924 1488 1067 1591; x_wconf 84' lang='grc' dir='ltr'>στήλην</span> <span class='ocrx_word' id='word_1_70' title='bbox 1092 1487 1333 1595; x_wconf 81' lang='grc' dir='ltr'>ὑπάρχουσαν</span> 
     </span>
     <span class='ocr_line' id='line_1_11' title="bbox 277 1614 1384 1723; baseline -0.005 -25"><span class='ocrx_word' id='word_1_71' title='bbox 277 1617 370 1698; x_wconf 83' lang='grc' dir='ltr'>κατδι</span> <span class='ocrx_word' id='word_1_72' title='bbox 396 1624 469 1697; x_wconf 82' lang='grc' dir='ltr'>τῶν</span> <span class='ocrx_word' id='word_1_73' title='bbox 496 1615 797 1723; x_wconf 79' lang='grc' dir='ltr'>κακοδοξούντων,</span> <span class='ocrx_word' id='word_1_74' title='bbox 825 1614 966 1700; x_wconf 80' lang='grc' dir='ltr'>εἰκότως</span> <span class='ocrx_word' id='word_1_75' title='bbox 997 1616 1207 1720; x_wconf 83' lang='grc' dir='ltr'>συνήρμοσε</span> <span class='ocrx_word' id='word_1_76' title='bbox 1235 1616 1333 1720; x_wconf 77' lang='grc' dir='ltr'>πρὸς</span> <span class='ocrx_word' id='word_1_77' title='bbox 1347 1654 1384 1693; x_wconf 86' lang='grc' dir='ltr'>ιο</span> 
     </span>
     <span class='ocr_line' id='line_1_12' title="bbox 276 1742 1333 1849; baseline -0.004 -23"><span class='ocrx_word' id='word_1_78' title='bbox 276 1743 443 1846; x_wconf 80' lang='grc' dir='ltr'>τὴντῶν</span> <span class='ocrx_word' id='word_1_79' title='bbox 471 1747 589 1849; x_wconf 80' lang='grc' dir='ltr'>ὀρθῶν</span> <span class='ocrx_word' id='word_1_80' title='bbox 616 1742 807 1846; x_wconf 77' lang='grc' dir='ltr'>δογμάτων</span> <span class='ocrx_word' id='word_1_81' title='bbox 834 1745 1044 1840; x_wconf 84' lang='grc' dir='ltr'>βεβαίωσιν.</span> <span class='ocrx_word' id='word_1_82' title='bbox 1080 1751 1154 1827; x_wconf 83' lang='grc' dir='ltr'>τοῖς</span> <span class='ocrx_word' id='word_1_83' title='bbox 1184 1776 1224 1823; x_wconf 86' lang='grc' dir='ltr'>τε</span> <span class='ocrx_word' id='word_1_84' title='bbox 1253 1742 1333 1847; x_wconf 80' lang='grc' dir='ltr'>γὰρ</span> 
     </span>
     <span class='ocr_line' id='line_1_13' title="bbox 278 1870 1334 1979; baseline -0.003 -25"><span class='ocrx_word' id='word_1_85' title='bbox 278 1880 326 1957; x_wconf 79' lang='grc' dir='ltr'>εἷς</span> <span class='ocrx_word' id='word_1_86' title='bbox 344 1879 429 1953; x_wconf 81' lang='grc' dir='ltr'>υίῶν</span> <span class='ocrx_word' id='word_1_87' title='bbox 442 1870 555 1954; x_wconf 91' lang='grc' dir='ltr'>δυάδα</span> <span class='ocrx_word' id='word_1_88' title='bbox 573 1871 615 1952; x_wconf 83' lang='grc' dir='ltr'>τὸ</span> <span class='ocrx_word' id='word_1_89' title='bbox 633 1876 697 1971; x_wconf 83' lang='grc' dir='ltr'>τῆς</span> <span class='ocrx_word' id='word_1_90' title='bbox 715 1872 914 1971; x_wconf 83' lang='grc' dir='ltr'>οἰκονομίας</span> <span class='ocrx_word' id='word_1_91' title='bbox 932 1874 1091 1979; x_wconf 78' lang='grc' dir='ltr'>διασπᾷν</span> <span class='ocrx_word' id='word_1_92' title='bbox 1109 1873 1334 1975; x_wconf 84' lang='grc' dir='ltr'>ἐπιχειροῦσι</span> 
     </span>
     <span class='ocr_line' id='line_1_14' title="bbox 276 1996 1333 2103; baseline 0 -23"><span class='ocrx_word' id='word_1_93' title='bbox 276 1998 484 2103; x_wconf 73' lang='grc' dir='ltr'>μυστήριον,</span> <span class='ocrx_word' id='word_1_94' title='bbox 525 1996 800 2102; x_wconf 87' lang='grc' dir='ltr'>παρατάττεται·</span> <span class='ocrx_word' id='word_1_95' title='bbox 854 2000 914 2077; x_wconf 84' lang='grc' dir='ltr'>καὶ</span> <span class='ocrx_word' id='word_1_96' title='bbox 949 1996 1033 2083; x_wconf 86' lang='grc' dir='ltr'>τοῦς</span> <span class='ocrx_word' id='word_1_97' title='bbox 1063 1997 1228 2098; x_wconf 78' lang='grc' dir='ltr'>παθητὴν</span> <span class='ocrx_word' id='word_1_98' title='bbox 1264 2008 1333 2080; x_wconf 90' lang='grc' dir='ltr'>τοῦ</span> 
     </span>
     <span class='ocr_line' id='line_1_15' title="bbox 276 2123 1333 2230; baseline -0.003 -22"><span class='ocrx_word' id='word_1_99' title='bbox 276 2134 491 2230; x_wconf 84' lang='grc' dir='ltr'>μονογενοῦς</span> <span class='ocrx_word' id='word_1_100' title='bbox 515 2126 632 2229; x_wconf 77' lang='grc' dir='ltr'>λέγειν</span> <span class='ocrx_word' id='word_1_101' title='bbox 657 2132 869 2226; x_wconf 86' lang='grc' dir='ltr'>τολμῶντας</span> <span class='ocrx_word' id='word_1_102' title='bbox 891 2124 958 2223; x_wconf 88' lang='grc' dir='ltr'>τὴν</span> <span class='ocrx_word' id='word_1_103' title='bbox 980 2123 1154 2225; x_wconf 85' lang='grc' dir='ltr'>Θεότητα,</span> <span class='ocrx_word' id='word_1_104' title='bbox 1172 2134 1237 2206; x_wconf 90' lang='grc' dir='ltr'>τοῦ</span> <span class='ocrx_word' id='word_1_105' title='bbox 1253 2132 1333 2207; x_wconf 82' lang='grc' dir='ltr'>τῶν</span> 
     </span>
     <span class='ocr_line' id='line_1_16' title="bbox 278 2252 1385 2362; baseline 0 -25"><span class='ocrx_word' id='word_1_106' title='bbox 278 2262 381 2362; x_wconf 79' lang='grc' dir='ltr'>ἱερῶν</span> <span class='ocrx_word' id='word_1_107' title='bbox 410 2260 602 2337; x_wconf 84' lang='grc' dir='ltr'>ἀπωθεῖται</span> <span class='ocrx_word' id='word_1_108' title='bbox 638 2252 839 2355; x_wconf 86' lang='grc' dir='ltr'>συλλόγου·</span> <span class='ocrx_word' id='word_1_109' title='bbox 876 2256 935 2332; x_wconf 86' lang='grc' dir='ltr'>καὶ</span> <span class='ocrx_word' id='word_1_110' title='bbox 966 2261 1040 2339; x_wconf 85' lang='grc' dir='ltr'>τοῖς</span> <span class='ocrx_word' id='word_1_111' title='bbox 1070 2256 1129 2334; x_wconf 74' lang='grc' dir='ltr'>ἐπὶ</span> <span class='ocrx_word' id='word_1_112' title='bbox 1159 2260 1232 2334; x_wconf 83' lang='grc' dir='ltr'>τῶν</span> <span class='ocrx_word' id='word_1_113' title='bbox 1263 2254 1332 2337; x_wconf 88' lang='grc' dir='ltr'>δύο</span> <span class='ocrx_word' id='word_1_114' title='bbox 1346 2285 1385 2343; x_wconf 83' lang='lat'>15</span> 
     </span>
     <span class='ocr_line' id='line_1_17' title="bbox 279 2378 1331 2490; baseline -0.001 -26"><span class='ocrx_word' id='word_1_115' title='bbox 279 2384 426 2490; x_wconf 78' lang='grc' dir='ltr'>φύσεων</span> <span class='ocrx_word' id='word_1_116' title='bbox 442 2392 507 2463; x_wconf 92' lang='grc' dir='ltr'>τοῦ</span> <span class='ocrx_word' id='word_1_117' title='bbox 524 2389 690 2487; x_wconf 88' lang='grc' dir='ltr'>Χριστοῦ</span> <span class='ocrx_word' id='word_1_118' title='bbox 713 2378 895 2487; x_wconf 82' lang='grc' dir='ltr'>κρᾶσιυ,ἢ</span> <span class='ocrx_word' id='word_1_119' title='bbox 919 2382 1102 2487; x_wconf 81' lang='grc' dir='ltr'>σύγχυσιν</span> <span class='ocrx_word' id='word_1_120' title='bbox 1126 2386 1331 2464; x_wconf 84' lang='grc' dir='ltr'>ἐπινοοῦσιν</span> 
     </span>
    </p>
   </div>
   <div class='ocr_carea' id='block_1_3' title="bbox 277 2505 1381 3254">
    <p class='ocr_par' dir='ltr' id='par_1_3' title="bbox 277 2505 1381 3254">
     <span class='ocr_line' id='line_1_18' title="bbox 277 2505 1331 2615; baseline -0.002 -24"><span class='ocrx_word' id='word_1_121' title='bbox 277 2513 500 2591; x_wconf 71' lang='grc' dir='ltr'>άνθισταται·</span> <span class='ocrx_word' id='word_1_122' title='bbox 529 2514 587 2591; x_wconf 79' lang='grc' dir='ltr'>καὶ</span> <span class='ocrx_word' id='word_1_123' title='bbox 605 2507 688 2594; x_wconf 86' lang='grc' dir='ltr'>τοῦς</span> <span class='ocrx_word' id='word_1_124' title='bbox 705 2505 922 2612; x_wconf 78' lang='grc' dir='ltr'>ούρανίον,ἧ</span> <span class='ocrx_word' id='word_1_125' title='bbox 949 2508 1069 2613; x_wconf 76' lang='grc' dir='ltr'>ἑτέρας</span> <span class='ocrx_word' id='word_1_126' title='bbox 1094 2508 1190 2594; x_wconf 80' lang='grc' dir='ltr'>τινὸς</span> <span class='ocrx_word' id='word_1_127' title='bbox 1214 2510 1331 2615; x_wconf 87' lang='grc' dir='ltr'>ῦπάρ-</span> 
     </span>
     <span class='ocr_line' id='line_1_19' title="bbox 277 2636 1332 2745; baseline -0.001 -26"><span class='ocrx_word' id='word_1_128' title='bbox 277 2674 354 2745; x_wconf 88' lang='grc' dir='ltr'>χειν</span> <span class='ocrx_word' id='word_1_129' title='bbox 372 2641 498 2725; x_wconf 83' lang='grc' dir='ltr'>οὐσίας</span> <span class='ocrx_word' id='word_1_130' title='bbox 514 2638 581 2739; x_wconf 80' lang='grc' dir='ltr'>τὴν</span> <span class='ocrx_word' id='word_1_131' title='bbox 598 2638 643 2745; x_wconf 80' lang='grc' dir='ltr'>ἐξ</span> <span class='ocrx_word' id='word_1_132' title='bbox 657 2638 758 2737; x_wconf 77' lang='grc' dir='ltr'>ἡμῶν</span> <span class='ocrx_word' id='word_1_133' title='bbox 776 2642 982 2742; x_wconf 79' lang='grc' dir='ltr'>ληφθεῖσαν</span> <span class='ocrx_word' id='word_1_134' title='bbox 1001 2638 1096 2745; x_wconf 74' lang='grc' dir='ltr'>αὐτῷ</span> <span class='ocrx_word' id='word_1_135' title='bbox 1113 2646 1178 2718; x_wconf 92' lang='grc' dir='ltr'>τοῦ</span> <span class='ocrx_word' id='word_1_136' title='bbox 1196 2636 1332 2719; x_wconf 89' lang='grc' dir='ltr'>δούλου</span> 
     </span>
     <span class='ocr_line' id='line_1_20' title="bbox 277 2763 1333 2873; baseline 0.001 -27"><span class='ocrx_word' id='word_1_137' title='bbox 277 2766 424 2873; x_wconf 72' lang='grc' dir='ltr'>μορφὴν</span> <span class='ocrx_word' id='word_1_138' title='bbox 454 2768 723 2870; x_wconf 89' lang='grc' dir='ltr'>παραπαίοντας</span> <span class='ocrx_word' id='word_1_139' title='bbox 749 2763 942 2871; x_wconf 79' lang='grc' dir='ltr'>ἐξελαύνει·</span> <span class='ocrx_word' id='word_1_140' title='bbox 978 2768 1038 2844; x_wconf 80' lang='grc' dir='ltr'>καὶ</span> <span class='ocrx_word' id='word_1_141' title='bbox 1064 2764 1148 2850; x_wconf 85' lang='grc' dir='ltr'>τοῦς</span> <span class='ocrx_word' id='word_1_142' title='bbox 1175 2764 1239 2846; x_wconf 86' lang='grc' dir='ltr'>δύο</span> <span class='ocrx_word' id='word_1_143' title='bbox 1263 2765 1333 2864; x_wconf 76' lang='grc' dir='ltr'>μὲν</span> 
     </span>
     <span class='ocr_line' id='line_1_21' title="bbox 277 2892 1381 3000; baseline 0.004 -25"><span class='ocrx_word' id='word_1_144' title='bbox 277 2893 350 2998; x_wconf 81' lang='grc' dir='ltr'>πρὸ</span> <span class='ocrx_word' id='word_1_145' title='bbox 381 2899 445 2994; x_wconf 81' lang='grc' dir='ltr'>τῆς</span> <span class='ocrx_word' id='word_1_146' title='bbox 476 2894 636 2978; x_wconf 80' lang='grc' dir='ltr'>ἐνάσεως</span> <span class='ocrx_word' id='word_1_147' title='bbox 669 2893 797 3000; x_wconf 87' lang='grc' dir='ltr'>φύσεις</span> <span class='ocrx_word' id='word_1_148' title='bbox 831 2902 897 2973; x_wconf 87' lang='grc' dir='ltr'>τοῦ</span> <span class='ocrx_word' id='word_1_149' title='bbox 935 2895 1070 2998; x_wconf 84' lang='grc' dir='ltr'>Κυρίου</span> <span class='ocrx_word' id='word_1_150' title='bbox 1101 2892 1381 2994; x_wconf 81' lang='grc' dir='ltr'>μνθεύοντας,ιο</span> 
     </span>
     <span class='ocr_line' id='line_1_22' title="bbox 278 3019 1332 3122; baseline 0.002 -19"><span class='ocrx_word' id='word_1_151' title='bbox 278 3023 363 3121; x_wconf 86' lang='grc' dir='ltr'>μίαν</span> <span class='ocrx_word' id='word_1_152' title='bbox 400 3021 438 3103; x_wconf 77' lang='grc' dir='ltr'>δὲ</span> <span class='ocrx_word' id='word_1_153' title='bbox 474 3019 565 3121; x_wconf 79' lang='grc' dir='ltr'>μετὰ</span> <span class='ocrx_word' id='word_1_154' title='bbox 601 3020 667 3122; x_wconf 81' lang='grc' dir='ltr'>τὴν</span> <span class='ocrx_word' id='word_1_155' title='bbox 703 3023 833 3103; x_wconf 81' lang='grc' dir='ltr'>ἕνωσιν</span> <span class='ocrx_word' id='word_1_156' title='bbox 869 3020 1165 3109; x_wconf 78' lang='grc' dir='ltr'>ἀναπλάττοντας</span> <span class='ocrx_word' id='word_1_157' title='bbox 1203 3026 1332 3105; x_wconf 86' lang='grc' dir='ltr'>ἀναθε-</span> 
     </span>
     <span class='ocr_line' id='line_1_23' title="bbox 278 3149 1333 3254; baseline 0.002 -25"><span class='ocrx_word' id='word_1_158' title='bbox 278 3149 422 3253; x_wconf 82' lang='grc' dir='ltr'>ματίζει.</span> <span class='ocrx_word' id='word_1_159' title='bbox 453 3149 617 3249; x_wconf 81' lang='grc' dir='ltr'>ἑπόμενοι</span> <span class='ocrx_word' id='word_1_160' title='bbox 643 3152 763 3231; x_wconf 87' lang='grc' dir='ltr'>τοίνυν</span> <span class='ocrx_word' id='word_1_161' title='bbox 793 3156 868 3233; x_wconf 84' lang='grc' dir='ltr'>τοῖς</span> <span class='ocrx_word' id='word_1_162' title='bbox 900 3151 1014 3252; x_wconf 84' lang='grc' dir='ltr'>ἁγίοις</span> <span class='ocrx_word' id='word_1_163' title='bbox 1042 3149 1236 3254; x_wconf 85' lang='grc' dir='ltr'>πατράσιν,</span> <span class='ocrx_word' id='word_1_164' title='bbox 1268 3152 1333 3232; x_wconf 85' lang='grc' dir='ltr'>ἕνα</span> 
     </span>
    </p>
   </div>
   <div class='ocr_carea' id='block_1_4' title="bbox 194 3276 1377 4279">
    <p class='ocr_par' dir='ltr' id='par_1_4' title="bbox 194 3276 1377 4279">
     <span class='ocr_line' id='line_1_24' title="bbox 278 3276 1332 3383; baseline 0.002 -25"><span class='ocrx_word' id='word_1_165' title='bbox 278 3281 337 3359; x_wconf 85' lang='grc' dir='ltr'>καὶ</span> <span class='ocrx_word' id='word_1_166' title='bbox 363 3278 428 3360; x_wconf 82' lang='grc' dir='ltr'>τὸν</span> <span class='ocrx_word' id='word_1_167' title='bbox 454 3276 564 3359; x_wconf 77' lang='grc' dir='ltr'>αὐτὸν</span> <span class='ocrx_word' id='word_1_168' title='bbox 591 3280 839 3381; x_wconf 85' lang='grc' dir='ltr'>ὁμολογοῦμεν</span> <span class='ocrx_word' id='word_1_169' title='bbox 865 3276 956 3358; x_wconf 83' lang='grc' dir='ltr'>Υίὸν</span> <span class='ocrx_word' id='word_1_170' title='bbox 982 3277 1047 3359; x_wconf 82' lang='grc' dir='ltr'>τὸν</span> <span class='ocrx_word' id='word_1_171' title='bbox 1076 3278 1211 3383; x_wconf 87' lang='grc' dir='ltr'>Κύριον</span> <span class='ocrx_word' id='word_1_172' title='bbox 1228 3281 1332 3380; x_wconf 85' lang='grc' dir='ltr'>ἡμων</span> 
     </span>
     <span class='ocr_line' id='line_1_25' title="bbox 276 3404 1331 3511; baseline 0 -24"><span class='ocrx_word' id='word_1_173' title='bbox 276 3408 421 3507; x_wconf 87' lang='grc' dir='ltr'>Ἰησοῦν</span> <span class='ocrx_word' id='word_1_174' title='bbox 438 3405 613 3510; x_wconf 81' lang='grc' dir='ltr'>Χριστὸν,</span> <span class='ocrx_word' id='word_1_175' title='bbox 632 3410 691 3487; x_wconf 78' lang='grc' dir='ltr'>καὶ</span> <span class='ocrx_word' id='word_1_176' title='bbox 715 3404 922 3511; x_wconf 84' lang='grc' dir='ltr'>συμφώνως</span> <span class='ocrx_word' id='word_1_177' title='bbox 946 3406 1100 3491; x_wconf 82' lang='grc' dir='ltr'>ἅπαντες</span> <span class='ocrx_word' id='word_1_178' title='bbox 1122 3406 1331 3487; x_wconf 81' lang='grc' dir='ltr'>ἐκδιδάσκο-</span> 
     </span>
     <span class='ocr_line' id='line_1_26' title="bbox 276 3531 1377 3637; baseline 0.004 -24"><span class='ocrx_word' id='word_1_179' title='bbox 276 3568 357 3633; x_wconf 91' lang='grc' dir='ltr'>μευ,</span> <span class='ocrx_word' id='word_1_180' title='bbox 374 3533 511 3614; x_wconf 83' lang='grc' dir='ltr'>τέλειον</span> <span class='ocrx_word' id='word_1_181' title='bbox 528 3531 592 3615; x_wconf 85' lang='grc' dir='ltr'>τδν</span> <span class='ocrx_word' id='word_1_182' title='bbox 618 3534 727 3614; x_wconf 83' lang='grc' dir='ltr'>αι’πὸν</span> <span class='ocrx_word' id='word_1_183' title='bbox 744 3536 782 3613; x_wconf 81' lang='grc' dir='ltr'>ἐν</span> <span class='ocrx_word' id='word_1_184' title='bbox 804 3533 968 3635; x_wconf 79' lang='grc' dir='ltr'>Θεάιητι,</span> <span class='ocrx_word' id='word_1_185' title='bbox 986 3532 1122 3615; x_wconf 83' lang='grc' dir='ltr'>τέλειον</span> <span class='ocrx_word' id='word_1_186' title='bbox 1138 3535 1203 3615; x_wconf 81' lang='grc' dir='ltr'>τὸν</span> <span class='ocrx_word' id='word_1_187' title='bbox 1221 3534 1331 3616; x_wconf 85' lang='grc' dir='ltr'>αῦτδν</span> <span class='ocrx_word' id='word_1_188' title='bbox 1342 3578 1377 3637; x_wconf 77' lang='lat'>²5</span> 
     </span>
     <span class='ocr_line' id='line_1_27' title="bbox 277 3658 1326 3766; baseline -0.001 -25"><span class='ocrx_word' id='word_1_189' title='bbox 277 3663 316 3741; x_wconf 83' lang='grc' dir='ltr'>ἐν</span> <span class='ocrx_word' id='word_1_190' title='bbox 342 3658 600 3765; x_wconf 78' lang='grc' dir='ltr'>άνθραυτύτητι,</span> <span class='ocrx_word' id='word_1_191' title='bbox 626 3659 722 3741; x_wconf 82' lang='grc' dir='ltr'>Θεὸν</span> <span class='ocrx_word' id='word_1_192' title='bbox 748 3662 903 3762; x_wconf 82' lang='grc' dir='ltr'>άληθῶς,</span> <span class='ocrx_word' id='word_1_193' title='bbox 931 3663 990 3740; x_wconf 82' lang='grc' dir='ltr'>καὶ</span> <span class='ocrx_word' id='word_1_194' title='bbox 1015 3662 1205 3766; x_wconf 79' lang='grc' dir='ltr'>ἄνθρωπον</span> <span class='ocrx_word' id='word_1_195' title='bbox 1232 3664 1326 3761; x_wconf 85' lang='grc' dir='ltr'>ἀλη-</span> 
     </span>
     <span class='ocr_line' id='line_1_28' title="bbox 278 3787 1325 3893; baseline 0.001 -24"><span class='ocrx_word' id='word_1_196' title='bbox 278 3795 360 3886; x_wconf 84' lang='grc' dir='ltr'>θῶς,</span> <span class='ocrx_word' id='word_1_197' title='bbox 378 3789 441 3869; x_wconf 88' lang='grc' dir='ltr'>τδν</span> <span class='ocrx_word' id='word_1_198' title='bbox 459 3787 567 3868; x_wconf 81' lang='grc' dir='ltr'>αὐτὸν</span> <span class='ocrx_word' id='word_1_199' title='bbox 584 3790 623 3867; x_wconf 86' lang='grc' dir='ltr'>ἐκ</span> <span class='ocrx_word' id='word_1_200' title='bbox 647 3792 771 3893; x_wconf 76' lang='grc' dir='ltr'>ψυχῆς</span> <span class='ocrx_word' id='word_1_201' title='bbox 790 3792 939 3890; x_wconf 81' lang='grc' dir='ltr'>λογικῆς</span> <span class='ocrx_word' id='word_1_202' title='bbox 962 3794 1021 3868; x_wconf 81' lang='grc' dir='ltr'>καὶ</span> <span class='ocrx_word' id='word_1_203' title='bbox 1039 3789 1218 3888; x_wconf 80' lang='grc' dir='ltr'>σώματος,</span> <span class='ocrx_word' id='word_1_204' title='bbox 1238 3792 1325 3889; x_wconf 86' lang='grc' dir='ltr'>ὁμο·</span> 
     </span>
     <span class='ocr_line' id='line_1_29' title="bbox 278 3912 1330 4023; baseline 0.002 -27"><span class='ocrx_word' id='word_1_205' title='bbox 278 3915 403 3997; x_wconf 85' lang='grc' dir='ltr'>ούσιον</span> <span class='ocrx_word' id='word_1_206' title='bbox 427 3921 480 4023; x_wconf 74' lang='grc' dir='ltr'>τῷ</span> <span class='ocrx_word' id='word_1_207' title='bbox 506 3918 626 4019; x_wconf 86' lang='grc' dir='ltr'>Πατρὶ</span> <span class='ocrx_word' id='word_1_208' title='bbox 652 3914 744 3994; x_wconf 85' lang='grc' dir='ltr'>κατὰ</span> <span class='ocrx_word' id='word_1_209' title='bbox 771 3912 837 4015; x_wconf 79' lang='grc' dir='ltr'>τὴν</span> <span class='ocrx_word' id='word_1_210' title='bbox 859 3914 1035 4016; x_wconf 83' lang='grc' dir='ltr'>Θεύτητα,</span> <span class='ocrx_word' id='word_1_211' title='bbox 1054 3919 1112 3995; x_wconf 84' lang='grc' dir='ltr'>καὶ</span> <span class='ocrx_word' id='word_1_212' title='bbox 1137 3917 1330 4016; x_wconf 86' lang='grc' dir='ltr'>ὁμοούσιον</span> 
     </span>
     <span class='ocr_line' id='line_1_30' title="bbox 194 4041 1330 4149; baseline 0 -26"><span class='ocrx_word' id='word_1_213' title='bbox 194 4142 200 4149; x_wconf 19' lang='grc'><strong>1</strong></span> <span class='ocrx_word' id='word_1_214' title='bbox 278 4042 341 4124; x_wconf 79' lang='grc' dir='ltr'>τὸν</span> <span class='ocrx_word' id='word_1_215' title='bbox 358 4045 467 4125; x_wconf 81' lang='grc' dir='ltr'>αὐτὸν</span> <span class='ocrx_word' id='word_1_216' title='bbox 485 4045 569 4143; x_wconf 83' lang='grc' dir='ltr'>ἡμῖν</span> <span class='ocrx_word' id='word_1_217' title='bbox 595 4041 686 4125; x_wconf 79' lang='grc' dir='ltr'>κατὰ</span> <span class='ocrx_word' id='word_1_218' title='bbox 710 4043 777 4145; x_wconf 80' lang='grc' dir='ltr'>τὴν</span> <span class='ocrx_word' id='word_1_219' title='bbox 801 4041 1070 4147; x_wconf 81' lang='grc' dir='ltr'>άνθρωπότητα,</span> <span class='ocrx_word' id='word_1_220' title='bbox 1096 4042 1189 4123; x_wconf 81' lang='grc' dir='ltr'>κατὰ</span> <span class='ocrx_word' id='word_1_221' title='bbox 1211 4042 1330 4123; x_wconf 84' lang='grc' dir='ltr'>πάντα</span> 
     </span>
     <span class='ocr_line' id='line_1_31' title="bbox 278 4170 1376 4279; baseline 0 -28"><span class='ocrx_word' id='word_1_222' title='bbox 278 4170 401 4272; x_wconf 78' lang='grc' dir='ltr'>ὅμοιον</span> <span class='ocrx_word' id='word_1_223' title='bbox 428 4172 522 4272; x_wconf 79' lang='grc' dir='ltr'>ἡμῖν,</span> <span class='ocrx_word' id='word_1_224' title='bbox 552 4173 661 4278; x_wconf 77' lang='grc' dir='ltr'>χωρὶς</span> <span class='ocrx_word' id='word_1_225' title='bbox 697 4175 881 4279; x_wconf 84' lang='grc' dir='ltr'>ἁμαρτίας·</span> <span class='ocrx_word' id='word_1_226' title='bbox 919 4172 991 4279; x_wconf 75' lang='grc' dir='ltr'>πρὸ</span> <span class='ocrx_word' id='word_1_227' title='bbox 1023 4173 1161 4255; x_wconf 79' lang='grc' dir='ltr'>αἰώνων</span> <span class='ocrx_word' id='word_1_228' title='bbox 1191 4172 1257 4274; x_wconf 74' lang='grc' dir='ltr'>μέν</span> <span class='ocrx_word' id='word_1_229' title='bbox 1289 4178 1376 4267; x_wconf 66' lang='grc' dir='ltr'>ε’κςο</span> 
     </span>
    </p>
   </div>
   <div class='ocr_carea' id='block_1_5' title="bbox 0 0 1443 4817">
    <p class='ocr_par' dir='ltr' id='par_1_5' title="bbox 0 0 1443 4817">
     <span class='ocr_line' id='line_1_32' title="bbox 0 0 1443 4817; baseline 0 0"><span class='ocrx_word' id='word_1_230' title='bbox 0 0 1443 4817; x_wconf 95' lang='lat' dir='ltr'> </span> 
     </span>
    </p>
   </div>
  </div>
 </body>
</html>
