2867 4817
419 307 485 370 DE
509 305 887 372 MORTALITATE.
1118 305 1179 373 291

122 474 333 551 humilitatis
345 490 474 553 nottroe
485 480 737 578 conformatum
750 482 890 577 cmporn'
902 478 1071 553 claritatis
1080 480 1183 551 auc?

122 593 227 668 Tales
253 619 321 667 nos
350 596 488 667 firturos
518 608 556 669 et
583 598 747 670 Christus
776 597 953 668 Dominus
981 594 1180 689 pollicetur,

121 712 267 803 quando
292 720 336 783 ut
359 736 443 785 eum
469 713 532 785 illo
561 716 681 799 simus,
709 725 748 786 et
777 737 861 787 eum
888 712 952 784 illo
974 714 1012 783 in
1041 715 1180 785 aeternis

120 830 267 901 sedibus
299 829 468 913 vivamus,
498 840 607 925 atque
635 833 673 901 in
707 834 825 927 regnis
859 830 1062 902 coelestibus
1094 854 1180 925 gau·

94 945 282 1031 sdeomus,
310 947 455 1019 Patrem
480 971 544 1042 pro
569 950 672 1020 nobis
694 957 868 1042 precatur,
892 948 1032 1019 dicens:
1058 946 1332 1032 Panaima.

120 1088 208 1160 quos
235 1062 325 1135 miti
349 1064 476 1137 dedisti
499 1064 575 1138 uolo
600 1064 722 1137 ntuli
745 1088 807 1163 epo
821 1063 932 1161 fuero
954 1072 987 1136 et
1011 1065 1082 1161 ipsi
1108 1066 1180 1137 aiut

119 1205 265 1266 mna,
282 1191 316 1255 ct
331 1182 469 1255 videam
491 1180 682 1255 claritatem
699 1205 803 1278 quam
821 1179 909 1253 miti
930 1180 1057 1255 deleti
1073 1183 1179 1277 ptius

119 1322 227 1394 quom
245 1298 515 1393 munduefierct.

172 1414 287 1487 XVI.
313 1416 498 1489 Venturos
528 1416 574 1489 ad
599 1417 731 1489 Christi
759 1418 891 1499 sedem,
917 1418 962 1488 ad
987 1440 1178 1511 regnorum

77 1532 323 1605 toeoelestium
353 1532 561 1615 claritatem,
592 1533 713 1629 lugere
743 1558 816 1605 non
847 1534 957 1605 debet
985 1557 1052 1605 nec
1079 1534 1180 1627 plan-

119 1674 229 1746 μω
254 1651 317 1722 sed
342 1652 461 1744 potius
482 1652 678 1722 secundum
701 1651 997 1745 pollicitationem
1022 1651 1178 1737 Domini,

120 1766 320 1837 secundum
353 1766 461 1839 iidem
494 1768 579 1851 veri,
611 1768 649 1837 in
682 1768 903 1860 proiectione
939 1768 1008 1838 hac
1042 1790 1107 1838 sua
1139 1777 1178 1839 et

119 1882 353 1955 translatione
386 1886 551 1980 gaudere.
617 1882 677 1955 Sic
719 1886 872 1977 denique
905 1886 1106 1955 invenimus
1139 1892 1177 1955 et

120 1998 250 2071 Enoch
279 2002 489 2073 translatum
519 2024 607 2085 esse,
636 2002 697 2093 qui
729 2000 809 2072 Deo
838 2000 983 2094 placuit,
1013 2002 1106 2072 sicut
1139 2003 1176 2071 iu

78 2138 110 2198 ¹5
120 2116 257 2189 Genesi
273 2125 426 2189 testatur
441 2125 479 2188 et
496 2116 653 2211 loquitur
675 2118 849 2211 scriptura
870 2118 1007 2189 divina:
1037 2114 1087 2188 Et
1096 2114 1247 2211 plo-oea
1259 2151 1284 2183 v.

119 2234 192 2306 cuit
207 2231 332 2306 Enoch
354 2231 441 2317 Deo,
459 2241 492 2305 et
513 2257 583 2305 uon
604 2243 654 2307 est
676 2233 834 2306 inventus
844 2232 1074 2329 postmodum,
1092 2235 1176 2329 quio

118 2347 220 2422 Daue
245 2348 342 2421 attam
368 2347 554 2421 transtulit.
606 2349 688 2421 Hoc
718 2350 789 2421 fuit
817 2349 991 2444 placuisse
1024 2351 1062 2420 in
1092 2374 1176 2422 con-

117 2474 246 2560 spectu
271 2464 351 2550 Dei,
373 2468 418 2537 de
442 2466 511 2537 hoc
534 2468 699 2561 contagio
725 2465 847 2537 saeculi
870 2467 1042 2537 meruisse
1062 2474 1175 2539 traus-

119 2582 214 2653 ierri.
250 2581 322 2653 Sed
339 2591 377 2653 et
393 2606 457 2676 per
474 2582 703 2655 Salomonem
721 2585 828 2655 docet
845 2566 1004 2677 Spiritus
1020 2582 1173 2655 Sanctus

77 2722 181 2772 roeos
197 2701 260 2793 qui
278 2698 357 2770 Deo
372 2698 538 2793 placeant
559 2701 734 2771 maturius
756 2700 861 2771 istinc
884 2700 995 2771 eximi
1012 2708 1050 2770 et
1066 2701 1172 2772 citius

119 2814 272 2899 liberari,
289 2818 442 2888 nedum
464 2818 501 2888 in
523 2818 592 2889 isto
615 2818 751 2888 mundo
773 2818 906 2888 diutius
927 2818 1170 2899 immorantur,

119 2934 245 3004 mundi
274 2933 497 3006 contactibus
526 2933 741 3027 polluantur.
791 2931 929 3029 Baptae
955 2940 1014 3016 cst,
1043 2933 1169 3025 inquit,
1178 2951 1279 3013 aaa.

119 3072 164 3121 aa
186 3048 324 3122 mulino
348 3058 495 3123 maim
523 3046 729 3121 intchctum
755 3048 863 3121 mim.
911 3048 1053 3121 Plocito
1078 3050 1170 3122 enim

118 3176 194 3239 erat
218 3165 298 3241 Deo
323 3168 441 3240 anima
467 3166 549 3262 aas.
599 3166 754 3262 Propter
780 3165 845 3239 hoc
866 3168 1065 3263 properauit
1089 3166 1172 3238 ccic-

76 3308 193 3372 asoerc
224 3308 301 3357 acm
329 3282 514 3357 demedio
542 3284 737 3379 iniquitate.
793 3282 855 3355 Sic
884 3291 922 3355 et
951 3285 989 3355 in
1019 3284 1169 3355 Psalmis

116 3403 163 3473 ad
188 3400 386 3479 Dominum
411 3409 576 3496 proporat
601 3401 750 3495 spiritali
772 3401 844 3472 fide
863 3400 944 3472 Deo
966 3424 1031 3473 suo
1052 3403 1170 3473 anima

117 3518 249 3589 devota
273 3518 413 3589 dicens:
446 3517 558 3608 Quom
584 3514 816 3591 dilectissime
839 3516 1064 3591 habitationes
1090 3526 1326 3602 tamennon.

115 3631 216 3706 Daue
232 3632 408 3705 numum.
451 3632 640 3708 Desiderat
656 3644 688 3708 et
704 3645 873 3731 properat
889 3636 1009 3707 anima
1027 3659 1102 3707 meo
1123 3634 1172 3707 od

117 3750 213 3821 utria
236 3746 320 3821 Dei.
372 3750 459 3844 Eius
484 3752 601 3822 estin
626 3753 761 3824 mundo
783 3753 846 3823 diu
871 3751 963 3823 velle
987 3774 1170 3824 remanere

76 3890 226 3961 3oquem
260 3868 414 3939 mundus
448 3867 614 3954 oblectat,
643 3892 750 3962 quem
785 3869 957 3942 saeculum
986 3869 1171 3941 blandiens

117 3994 227 4077 atque
243 3983 423 4077 decipiens
439 3984 615 4057 illecebris
632 3995 784 4057 terrenae
801 3986 994 4081 voluptatis
1010 3987 1149 4057 invitat.

168 4098 301 4173 XVII.
336 4100 446 4173 Porro
476 4125 558 4173 cum
588 4104 743 4175 mundus
772 4104 888 4175 oderit
917 4103 1169 4186 Christianum,

118 4217 206 4309 qnid
229 4240 328 4290 amas
354 4240 436 4291 eum
462 4220 523 4312 qui
550 4228 586 4291 te
611 4220 697 4304 odit,
720 4229 760 4293 et
784 4244 856 4292 non
880 4223 993 4315 magis
1014 4221 1170 4315 sequeris

594 4343 697 4431 api
