2867 4817
423 656 816 745 FIRMILIANI

309 872 470 923 selsoom
493 870 670 922 CAESAREAE
693 869 930 921 csrrsmcffl

602 1048 641 1084 ΔΙ)

96 1198 379 1269 (lYPBlANUM
400 1196 580 1267 OONTRA
603 1196 867 1263 EPISTOLAM
894 1194 1139 1262 STEPHANI.

510 1412 736 1436 ψ..
810 1406 814 1414 ’

73 1556 548 1712 51.FIRM1LIANUS
579 1561 756 1654 Cypdano
790 1558 889 1629 fratn‘
918 1559 956 1628 in
988 1555 1144 1626 Domino

250 1678 413 1750 salntem.
463 1675 680 1772 Accepimus
705 1699 769 1771 per
786 1676 1024 1772 Rogationem
1040 1676 1145 1745 caris-

98 1797 228 1867 simum
258 1804 429 1878 nostrum,
454 1796 642 1867 diaconum
671 1818 693 1866 a
718 1794 818 1866 vobis
844 1795 1002 1875 missum,
1025 1790 1145 1863 literas

98 1934 184 2004 quas
210 1912 259 1984 ad
288 1934 353 1983 nos
382 1912 507 1995 fecisti,
537 1912 647 1983 frater
680 1910 918 1993 dilectissime,
945 1918 984 1979 et
1014 1909 1145 2004 glatias

98 2038 245 2122 propter
268 2027 337 2099 hoc
355 2027 510 2099 Domino
534 2029 708 2099 maximas
731 2029 887 2123 egimus:
913 2026 1008 2119 quod
1033 2026 1146 2097 conti-

63 2170 91 2207 ιο
98 2146 199 2238 gerit,
235 2150 279 2214 ut
312 2146 373 2235 qui
406 2166 551 2237 corpore
584 2143 629 2215 ab
661 2144 815 2214 invicem
849 2165 1061 2238 sepmamur,
1094 2142 1144 2213 sic

99 2260 226 2353 spiritu
254 2260 470 2345 adunemur3
495 2260 593 2354 quasi
623 2283 694 2331 non
724 2282 832 2330 unam
862 2266 1004 2330 tantum
1031 2258 1146 2352 regio-

100 2398 182 2447 nem
209 2384 388 2459 tenentes,
415 2376 478 2447 sed
506 2377 544 2447 in
572 2400 644 2449 ima
670 2384 778 2469 atque
811 2376 850 2445 in
883 2375 1008 2446 eadem
1041 2375 1147 2444 domo

101 2492 206 2563 simul
234 2492 484 2563 inhabitantes.
536 2492 640 2577 Quod
663 2502 702 2565 et
727 2494 832 2565 decet
854 2492 982 2575 dicere,
1005 2493 1089 2583 quia
1110 2500 1149 2563 ot

101 2608 269 2702 spiritalis
286 2609 412 2681 domus
429 2608 499 2679 Dei
520 2631 593 2680 una
614 2620 679 2681 ast.
731 2610 811 2681 Erit
826 2611 923 2681 enim
945 2610 984 2679 in
1004 2607 1249 2679 novissi-mn.
1263 2633 1285 2667 2·

63 2755 70 2791 ι
76 2727 177 2812 5mis,
194 2726 250 2797 cit
265 2725 447 2819 propheta,
466 2724 590 2798 diebus
606 2726 814 2798 manifestus
830 2748 934 2797 mons
948 2724 1094 2796 Domini
1110 2732 1149 2794 et

102 2843 229 2913 domus
247 2840 319 2913 Dei
335 2864 440 2936 snper
456 2843 605 2913 vertices
624 2843 813 2914 montium.
864 2843 910 2914 In
934 2864 1041 2935 quam
1066 2863 1197 2919 eon-n..
1208 2870 1307 2932 ms,

102 2960 288 3030 venientes
325 2980 408 3029 cum
444 2958 671 3052 jucunditate
710 2960 919 3041 adunantur,
953 2957 1149 3028 seeundum

102 3076 195 3167 qnod
213 3083 254 3146 et
270 3076 308 3144 in
324 3072 460 3168 psalmo
482 3074 550 3147 hoo
576 3073 814 3168 postulatura
831 3073 996 3157 Domino,
1014 3072 1150 3144 inhabi-

104 3198 177 3262 tare
193 3192 233 3261 in
251 3191 358 3261 domo
376 3189 446 3261 Dei
462 3212 527 3284 per
543 3214 665 3263 omnes
682 3191 758 3263 dies
774 3192 871 3263 vitae.
922 3188 1030 3261 Unde
1055 3197 1093 3260 et
1110 3189 1148 3259 in

63 3305 169 3377 20alio
180 3306 265 3377 loco
275 3306 543 3376 manifestatum
555 3315 619 3391 est,
632 3330 709 3379 esse
721 3308 816 3399 apud
832 3315 971 3378 sanatos
983 3327 1147 3399 magnam

104 3422 299 3493 voluntatis
315 3422 500 3493 caritatem
514 3420 607 3518 (sor.
620 3422 866 3514 alacritatem),
882 3422 921 3493 in
936 3443 1048 3491 anum
1065 3443 1149 3491 con·

104 3540 244 3608 venire:
275 3536 380 3621 Ecce,
409 3539 535 3631 inquit,
565 3560 672 3630 quam
701 3536 837 3608 bonum
863 3545 902 3608 et
931 3535 1148 3630 voluptabile
1156 3553 1196 3603 ιι
1207 3554 1297 3603 mm.

103 3662 166 3736 est,
183 3662 227 3724 nt
244 3652 408 3726 habitent
424 3656 550 3726 fratres
570 3655 608 3725 in
623 3676 746 3725 unum.
798 3652 982 3725 Adunatio
997 3654 1095 3725 enim
1110 3663 1149 3724 et
1159 3634 1179 3668 ¹⁶

104 3790 171 3862 pax
188 3777 228 3841 et
245 3770 443 3854 concordia,
460 3793 533 3842 non
557 3769 672 3842 solum
696 3768 899 3842 hominibus
923 3768 1087 3840 fidelibus
1111 3777 1150 3840 et

61 3912 94 3972 ²5
104 3886 397 3980 cognoscentibus
422 3886 619 3971 casitatem,
645 3888 707 3959 sed
736 3894 775 3958 et
804 3885 937 3979 angelis
967 3886 1051 3978 ipsis
1080 3907 1150 3955 coe·

104 4000 252 4073 lectibus
269 4001 490 4097 voluptatem
507 4004 699 4074 maximam
716 4010 883 4096 praestat3
908 4001 1037 4094 quibus
1062 3999 1149 4071 dicit

106 4138 220 4187 sermo
237 4116 387 4201 divinus,
404 4142 481 4189 esse
503 4120 671 4213 gaudium
693 4119 732 4191 in
748 4141 821 4188 uno
837 4127 1022 4210 peccatore
1039 4118 1310 4209 poeni-nmen.

108 4232 255 4305 tentiam
281 4242 420 4328 agente,
439 4242 477 4306 et
497 4236 542 4306 ad
568 4236 714 4307 unitatis
731 4233 912 4305 vinculum
938 4242 1148 4307 revertente.
