<?xml version="1.0" encoding="UTF-8"?>
<!DOCTYPE html PUBLIC "-//W3C//DTD XHTML 1.0 Transitional//EN"
    "http://www.w3.org/TR/xhtml1/DTD/xhtml1-transitional.dtd">
<html xmlns="http://www.w3.org/1999/xhtml" xml:lang="en" lang="en">
 <head>
  <title>
</title>
<meta http-equiv="Content-Type" content="text/html;charset=utf-8" />
  <meta name='ocr-system' content='tesseract 3.04.00' />
  <meta name='ocr-capabilities' content='ocr_page ocr_carea ocr_par ocr_line ocrx_word'/>
</head>
<body>
  <div class='ocr_page' id='page_1' title='image "./scriptorumeccle03routgoog_0218.png"; bbox 0 0 2867 4817; ppageno 0'>
   <div class='ocr_carea' id='block_1_1' title="bbox 268 312 983 381">
    <p class='ocr_par' dir='ltr' id='par_1_1' title="bbox 268 312 983 381">
     <span class='ocr_line' id='line_1_1' title="bbox 268 312 983 381; baseline -0.01 0"><span class='ocrx_word' id='word_1_1' title='bbox 268 318 334 381; x_wconf 75' lang='lat'><strong>202</strong></span> <span class='ocrx_word' id='word_1_2' title='bbox 603 312 983 379; x_wconf 79' lang='lat' dir='ltr'><strong>ANNO&#39;l&#39;ATIONES</strong></span> 
     </span>
    </p>
   </div>
   <div class='ocr_carea' id='block_1_2' title="bbox 272 480 1325 1434">
    <p class='ocr_par' dir='ltr' id='par_1_2' title="bbox 272 480 1324 725">
     <span class='ocr_line' id='line_1_2' title="bbox 317 480 1324 586; baseline -0.003 -34"><span class='ocrx_word' id='word_1_3' title='bbox 317 488 399 553; x_wconf 90' lang='lat' dir='ltr'><strong>Ibid.</strong></span> <span class='ocrx_word' id='word_1_4' title='bbox 414 486 434 551; x_wconf 99' lang='lat' dir='ltr'><strong>l.</strong></span> <span class='ocrx_word' id='word_1_5' title='bbox 452 504 503 567; x_wconf 75' lang='lat'><strong>27.</strong></span> <span class='ocrx_word' id='word_1_6' title='bbox 520 487 612 586; x_wconf 91' lang='lat' dir='ltr'><strong>cupio</strong></span> <span class='ocrx_word' id='word_1_7' title='bbox 633 486 805 551; x_wconf 73' lang='lat' dir='ltr'><strong>ostendant</strong></span> <span class='ocrx_word' id='word_1_8' title='bbox 819 485 909 565; x_wconf 92' lang='lat' dir='ltr'><strong>mihi]</strong></span> <span class='ocrx_word' id='word_1_9' title='bbox 929 484 1074 548; x_wconf 84' lang='lat' dir='ltr'>Verbum</span> <span class='ocrx_word' id='word_1_10' title='bbox 1093 482 1182 567; x_wconf 78' lang='lat' dir='ltr'><strong>cupio</strong></span> <span class='ocrx_word' id='word_1_11' title='bbox 1203 480 1324 549; x_wconf 84' lang='lat' dir='ltr'><strong>delevit</strong></span> 
     </span>
     <span class='ocr_line' id='line_1_3' title="bbox 272 569 1323 674; baseline -0.006 -36"><span class='ocrx_word' id='word_1_12' title='bbox 272 573 440 674; x_wconf 79' lang='lat' dir='ltr'><strong>Rigaltius,</strong></span> <span class='ocrx_word' id='word_1_13' title='bbox 455 573 650 658; x_wconf 87' lang='lat' dir='ltr'><strong>insormtque</strong></span> <span class='ocrx_word' id='word_1_14' title='bbox 663 574 718 658; x_wconf 83' lang='lat' dir='ltr'><strong>qui</strong></span> <span class='ocrx_word' id='word_1_15' title='bbox 732 579 808 637; x_wconf 85' lang='lat' dir='ltr'><strong>ante</strong></span> <span class='ocrx_word' id='word_1_16' title='bbox 822 572 933 636; x_wconf 76' lang='lat' dir='ltr'><strong>adhuc.</strong></span> <span class='ocrx_word' id='word_1_17' title='bbox 964 570 1138 635; x_wconf 86' lang='lat' dir='ltr'><strong>Pristinam</strong></span> <span class='ocrx_word' id='word_1_18' title='bbox 1151 569 1323 634; x_wconf 85' lang='lat' dir='ltr'><strong>lectionem</strong></span> 
     </span>
     <span class='ocr_line' id='line_1_4' title="bbox 272 682 428 725; baseline -0.026 0"><span class='ocrx_word' id='word_1_19' title='bbox 272 682 428 725; x_wconf 75' lang='lat' dir='ltr'><strong>revocavi.</strong></span> 
     </span>
    </p>

    <p class='ocr_par' dir='ltr' id='par_1_3' title="bbox 273 740 1325 1434">
     <span class='ocr_line' id='line_1_5' title="bbox 317 740 1322 831; baseline -0.005 -22"><span class='ocrx_word' id='word_1_20' title='bbox 317 746 398 810; x_wconf 93' lang='lat' dir='ltr'><strong>Ibid.</strong></span> <span class='ocrx_word' id='word_1_21' title='bbox 416 746 437 809; x_wconf 96' lang='lat' dir='ltr'><strong>l.</strong></span> <span class='ocrx_word' id='word_1_22' title='bbox 455 766 508 831; x_wconf 81' lang='lat'><strong>30.</strong></span> <span class='ocrx_word' id='word_1_23' title='bbox 524 745 550 810; x_wconf 91' lang='lat' dir='ltr'><strong>si</strong></span> <span class='ocrx_word' id='word_1_24' title='bbox 565 745 720 823; x_wconf 87' lang='lat' dir='ltr'><strong>eumdem,</strong></span> <span class='ocrx_word' id='word_1_25' title='bbox 736 744 895 829; x_wconf 90' lang='lat' dir='ltr'><strong>quomodo</strong></span> <span class='ocrx_word' id='word_1_26' title='bbox 909 743 1037 819; x_wconf 74' lang='lat' dir='ltr'><strong>aliteri]</strong></span> <span class='ocrx_word' id='word_1_27' title='bbox 1055 742 1100 807; x_wconf 91' lang='lat' dir='ltr'><strong>H.</strong></span> <span class='ocrx_word' id='word_1_28' title='bbox 1116 764 1144 807; x_wconf 89' lang='lat' dir='ltr'><strong>e.</strong></span> <span class='ocrx_word' id='word_1_29' title='bbox 1160 740 1322 827; x_wconf 88' lang='lat' dir='ltr'><strong>quomodo</strong></span> 
     </span>
     <span class='ocr_line' id='line_1_6' title="bbox 274 826 1323 917; baseline -0.007 -20"><span class='ocrx_word' id='word_1_30' title='bbox 274 832 337 897; x_wconf 85' lang='lat' dir='ltr'><strong>alio</strong></span> <span class='ocrx_word' id='word_1_31' title='bbox 360 832 455 897; x_wconf 90' lang='lat' dir='ltr'><strong>modo</strong></span> <span class='ocrx_word' id='word_1_32' title='bbox 478 854 573 917; x_wconf 91' lang='lat' dir='ltr'><strong>quam</strong></span> <span class='ocrx_word' id='word_1_33' title='bbox 595 830 736 909; x_wconf 86' lang='lat' dir='ltr'><strong>ecclesia,</strong></span> <span class='ocrx_word' id='word_1_34' title='bbox 762 831 802 894; x_wconf 89' lang='lat' dir='ltr'><strong>de</strong></span> <span class='ocrx_word' id='word_1_35' title='bbox 825 831 896 895; x_wconf 89' lang='lat' dir='ltr'><strong>Deo</strong></span> <span class='ocrx_word' id='word_1_36' title='bbox 924 829 1245 915; x_wconf 65' lang='lat' dir='ltr'><strong>praediorumque</strong></span> <span class='ocrx_word' id='word_1_37' title='bbox 1272 826 1323 890; x_wconf 93' lang='lat' dir='ltr'><strong>di·</strong></span> 
     </span>
     <span class='ocr_line' id='line_1_7' title="bbox 274 914 1324 1002; baseline -0.002 -21"><span class='ocrx_word' id='word_1_38' title='bbox 274 919 364 983; x_wconf 87' lang='lat' dir='ltr'><strong>vinas</strong></span> <span class='ocrx_word' id='word_1_39' title='bbox 391 919 558 983; x_wconf 71' lang='lat' dir='ltr'><strong>tractanti</strong></span> <span class='ocrx_word' id='word_1_40' title='bbox 587 918 699 982; x_wconf 84' lang='lat' dir='ltr'><strong>Alium</strong></span> <span class='ocrx_word' id='word_1_41' title='bbox 723 918 819 1000; x_wconf 84' lang='lat' dir='ltr'><strong>fucit,</strong></span> <span class='ocrx_word' id='word_1_42' title='bbox 849 939 936 1002; x_wconf 80' lang='lat' dir='ltr'><strong>quom</strong></span> <span class='ocrx_word' id='word_1_43' title='bbox 967 915 1062 979; x_wconf 72' lang='lat' dir='ltr'><strong>alitor</strong></span> <span class='ocrx_word' id='word_1_44' title='bbox 1090 915 1244 999; x_wconf 54' lang='lat' dir='ltr'><strong>meamet,</strong></span> <span class='ocrx_word' id='word_1_45' title='bbox 1272 914 1324 979; x_wconf 90' lang='lat' dir='ltr'><strong>ait</strong></span> 
     </span>
     <span class='ocr_line' id='line_1_8' title="bbox 275 999 1323 1089; baseline -0.009 -18"><span class='ocrx_word' id='word_1_46' title='bbox 275 1013 388 1071; x_wconf 77' lang='lat' dir='ltr'>auctor</span> <span class='ocrx_word' id='word_1_47' title='bbox 409 1005 500 1069; x_wconf 87' lang='lat' dir='ltr'><strong>initio</strong></span> <span class='ocrx_word' id='word_1_48' title='bbox 529 1004 600 1067; x_wconf 86' lang='lat' dir='ltr'><strong>libri</strong></span> <span class='ocrx_word' id='word_1_49' title='bbox 631 1004 679 1067; x_wconf 91' lang='lat' dir='ltr'><strong>sui</strong></span> <span class='ocrx_word' id='word_1_50' title='bbox 700 1003 786 1068; x_wconf 81' lang='lat' dir='ltr'><strong>edus.</strong></span> <span class='ocrx_word' id='word_1_51' title='bbox 809 1003 1033 1089; x_wconf 62' lang='lat' dir='ltr'><strong>Hammonem.</strong></span> <span class='ocrx_word' id='word_1_52' title='bbox 1078 1001 1161 1065; x_wconf 90' lang='lat' dir='ltr'><strong>Dein</strong></span> <span class='ocrx_word' id='word_1_53' title='bbox 1183 1002 1216 1063; x_wconf 91' lang='lat' dir='ltr'><strong>in</strong></span> <span class='ocrx_word' id='word_1_54' title='bbox 1238 999 1323 1063; x_wconf 89' lang='lat' dir='ltr'><strong>libro</strong></span> 
     </span>
     <span class='ocr_line' id='line_1_9' title="bbox 275 1087 1325 1175; baseline -0.005 -20"><span class='ocrx_word' id='word_1_55' title='bbox 275 1092 324 1155; x_wconf 82' lang='lat' dir='ltr'><strong>De</strong></span> <span class='ocrx_word' id='word_1_56' title='bbox 349 1092 448 1155; x_wconf 83' lang='lat' dir='ltr'><strong>Carne</strong></span> <span class='ocrx_word' id='word_1_57' title='bbox 470 1091 584 1155; x_wconf 64' lang='lat' dir='ltr'><strong>Otrous·</strong></span> <span class='ocrx_word' id='word_1_58' title='bbox 603 1112 674 1175; x_wconf 88' lang='lat' dir='ltr'><strong>cap.</strong></span> <span class='ocrx_word' id='word_1_59' title='bbox 691 1094 723 1154; x_wconf 88' lang='grc'><strong>6.</strong></span> <span class='ocrx_word' id='word_1_60' title='bbox 758 1090 843 1169; x_wconf 69' lang='lat' dir='ltr'><strong>Quid</strong></span> <span class='ocrx_word' id='word_1_61' title='bbox 863 1090 915 1153; x_wconf 87' lang='lat' dir='ltr'><strong>illi</strong></span> <span class='ocrx_word' id='word_1_62' title='bbox 939 1109 1008 1153; x_wconf 82' lang='lat' dir='ltr'><strong>cum</strong></span> <span class='ocrx_word' id='word_1_63' title='bbox 1026 1088 1122 1162; x_wconf 83' lang='lat' dir='ltr'><strong>Mose,</strong></span> <span class='ocrx_word' id='word_1_64' title='bbox 1146 1087 1201 1172; x_wconf 83' lang='lat' dir='ltr'><strong>qui</strong></span> <span class='ocrx_word' id='word_1_65' title='bbox 1220 1087 1325 1151; x_wconf 79' lang='lat' dir='ltr'><strong>Deum</strong></span> 
     </span>
     <span class='ocr_line' id='line_1_10' title="bbox 273 1171 1324 1261; baseline -0.005 -20"><span class='ocrx_word' id='word_1_66' title='bbox 273 1178 372 1241; x_wconf 74' lang='lat' dir='ltr'><strong>Moris</strong></span> <span class='ocrx_word' id='word_1_67' title='bbox 394 1176 519 1261; x_wconf 76' lang='lat' dir='ltr'><strong>rsy‘icil?</strong></span> <span class='ocrx_word' id='word_1_68' title='bbox 543 1177 682 1241; x_wconf 76' lang='lat' dir='ltr'><strong>Statius</strong></span> <span class='ocrx_word' id='word_1_69' title='bbox 704 1177 790 1240; x_wconf 78' lang='lat' dir='ltr'><strong>Deus</strong></span> <span class='ocrx_word' id='word_1_70' title='bbox 810 1186 861 1250; x_wconf 81' lang='lat' dir='ltr'><strong>cst,</strong></span> <span class='ocrx_word' id='word_1_71' title='bbox 883 1176 978 1241; x_wconf 88' lang='lat' dir='ltr'><strong>aliter</strong></span> <span class='ocrx_word' id='word_1_72' title='bbox 1001 1175 1063 1238; x_wconf 64' lang='lat' dir='ltr'><strong>mitt</strong></span> <span class='ocrx_word' id='word_1_73' title='bbox 1088 1196 1136 1239; x_wconf 78' lang='lat' dir='ltr'><strong>reo</strong></span> <span class='ocrx_word' id='word_1_74' title='bbox 1155 1171 1228 1257; x_wconf 47' lang='lat' dir='ltr'><strong>aas,</strong></span> <span class='ocrx_word' id='word_1_75' title='bbox 1242 1173 1275 1237; x_wconf 92' lang='lat' dir='ltr'><strong>h.</strong></span> <span class='ocrx_word' id='word_1_76' title='bbox 1293 1195 1324 1237; x_wconf 91' lang='lat' dir='ltr'><strong>e.</strong></span> 
     </span>
     <span class='ocr_line' id='line_1_11' title="bbox 275 1258 1325 1347; baseline -0.007 -19"><span class='ocrx_word' id='word_1_77' title='bbox 275 1263 317 1328; x_wconf 89' lang='lat' dir='ltr'><strong>ad</strong></span> <span class='ocrx_word' id='word_1_78' title='bbox 346 1263 443 1327; x_wconf 87' lang='lat' dir='ltr'><strong>alium</strong></span> <span class='ocrx_word' id='word_1_79' title='bbox 471 1262 661 1347; x_wconf 85' lang='lat' dir='ltr'><strong>pertineant.</strong></span> <span class='ocrx_word' id='word_1_80' title='bbox 706 1262 788 1327; x_wconf 90' lang='lat' dir='ltr'><strong>Cum</strong></span> <span class='ocrx_word' id='word_1_81' title='bbox 816 1262 879 1325; x_wconf 90' lang='lat' dir='ltr'><strong>alio</strong></span> <span class='ocrx_word' id='word_1_82' title='bbox 904 1263 974 1327; x_wconf 90' lang='lat' dir='ltr'><strong>Deo</strong></span> <span class='ocrx_word' id='word_1_83' title='bbox 1000 1261 1160 1345; x_wconf 88' lang='lat' dir='ltr'><strong>quadrant</strong></span> <span class='ocrx_word' id='word_1_84' title='bbox 1185 1258 1325 1323; x_wconf 89' lang='lat' dir='ltr'><strong>ministri</strong></span> 
     </span>
     <span class='ocr_line' id='line_1_12' title="bbox 275 1346 1323 1434; baseline -0.001 -22"><span class='ocrx_word' id='word_1_85' title='bbox 275 1349 352 1433; x_wconf 88' lang='lat' dir='ltr'><strong>ojus.</strong></span> <span class='ocrx_word' id='word_1_86' title='bbox 398 1349 487 1415; x_wconf 81' lang='lat' dir='ltr'><strong>Infra</strong></span> <span class='ocrx_word' id='word_1_87' title='bbox 507 1348 646 1434; x_wconf 87' lang='lat' dir='ltr'><strong>positum</strong></span> <span class='ocrx_word' id='word_1_88' title='bbox 666 1354 725 1425; x_wconf 87' lang='lat' dir='ltr'><strong>cst,</strong></span> <span class='ocrx_word' id='word_1_89' title='bbox 748 1349 840 1413; x_wconf 80' lang='lat' dir='ltr'><strong>aliter</strong></span> <span class='ocrx_word' id='word_1_90' title='bbox 858 1346 998 1413; x_wconf 63' lang='lat' dir='ltr'><strong>letum</strong></span> <span class='ocrx_word' id='word_1_91' title='bbox 1013 1369 1075 1432; x_wconf 79' lang='lat' dir='ltr'><strong>per</strong></span> <span class='ocrx_word' id='word_1_92' title='bbox 1087 1368 1157 1433; x_wconf 77' lang='lat' dir='ltr'><strong>qun</strong></span> <span class='ocrx_word' id='word_1_93' title='bbox 1175 1346 1323 1421; x_wconf 59' lang='lat' dir='ltr'><strong>docorem</strong></span> 
     </span>
    </p>
   </div>
   <div class='ocr_carea' id='block_1_3' title="bbox 274 1440 1328 3069">
    <p class='ocr_par' dir='ltr' id='par_1_4' title="bbox 276 1440 414 1500">
     <span class='ocr_line' id='line_1_13' title="bbox 276 1440 414 1500; baseline 0 0"><span class='ocrx_word' id='word_1_94' title='bbox 276 1457 314 1500; x_wconf 87' lang='lat' dir='ltr'><strong>ca</strong></span> <span class='ocrx_word' id='word_1_95' title='bbox 338 1484 344 1497; x_wconf 94' lang='lat'><strong>.</strong></span> <span class='ocrx_word' id='word_1_96' title='bbox 384 1440 414 1500; x_wconf 87' lang='lat'><strong>8.</strong></span> 
     </span>
    </p>

    <p class='ocr_par' dir='ltr' id='par_1_5' title="bbox 274 1456 1328 2553">
     <span class='ocr_line' id='line_1_14' title="bbox 314 1456 1325 1621; baseline -0.001 -37"><span class='ocrx_word' id='word_1_97' title='bbox 314 1456 443 1604; x_wconf 73' lang='lat' dir='ltr'><strong>l³.3147.</strong></span> <span class='ocrx_word' id='word_1_98' title='bbox 459 1521 480 1586; x_wconf 97' lang='lat' dir='ltr'><strong>l.</strong></span> <span class='ocrx_word' id='word_1_99' title='bbox 500 1542 525 1585; x_wconf 93' lang='lat'><strong>1.</strong></span> <span class='ocrx_word' id='word_1_100' title='bbox 543 1521 588 1585; x_wconf 88' lang='lat' dir='ltr'><strong>sio</strong></span> <span class='ocrx_word' id='word_1_101' title='bbox 603 1520 686 1585; x_wconf 88' lang='lat' dir='ltr'><strong>onim</strong></span> <span class='ocrx_word' id='word_1_102' title='bbox 701 1521 863 1621; x_wconf 87' lang='lat' dir='ltr'><strong>apostolos</strong></span> <span class='ocrx_word' id='word_1_103' title='bbox 881 1520 963 1585; x_wconf 90' lang='lat' dir='ltr'><strong>solet</strong></span> <span class='ocrx_word' id='word_1_104' title='bbox 978 1519 1095 1595; x_wconf 86' lang='lat' dir='ltr'><strong>lacere]</strong></span> <span class='ocrx_word' id='word_1_105' title='bbox 1113 1518 1195 1583; x_wconf 87' lang='lat' dir='ltr'><strong>Haec</strong></span> <span class='ocrx_word' id='word_1_106' title='bbox 1209 1518 1325 1603; x_wconf 88' lang='lat' dir='ltr'><strong>depra-</strong></span> 
     </span>
     <span class='ocr_line' id='line_1_15' title="bbox 275 1604 1326 1691; baseline -0.003 -20"><span class='ocrx_word' id='word_1_107' title='bbox 275 1615 351 1672; x_wconf 85' lang='lat' dir='ltr'><strong>vata</strong></span> <span class='ocrx_word' id='word_1_108' title='bbox 366 1630 434 1673; x_wconf 88' lang='lat' dir='ltr'><strong>esse</strong></span> <span class='ocrx_word' id='word_1_109' title='bbox 448 1614 610 1673; x_wconf 78' lang='lat' dir='ltr'><strong>testantur</strong></span> <span class='ocrx_word' id='word_1_110' title='bbox 623 1606 764 1691; x_wconf 78' lang='lat' dir='ltr'><strong>reliquiae</strong></span> <span class='ocrx_word' id='word_1_111' title='bbox 778 1606 853 1680; x_wconf 85' lang='lat' dir='ltr'><strong>veri,</strong></span> <span class='ocrx_word' id='word_1_112' title='bbox 869 1628 949 1691; x_wconf 84' lang='lat' dir='ltr'><strong>quas</strong></span> <span class='ocrx_word' id='word_1_113' title='bbox 971 1606 1062 1669; x_wconf 88' lang='lat' dir='ltr'><strong>nobis</strong></span> <span class='ocrx_word' id='word_1_114' title='bbox 1083 1604 1219 1670; x_wconf 87' lang='lat' dir='ltr'><strong>servavit</strong></span> <span class='ocrx_word' id='word_1_115' title='bbox 1234 1607 1326 1689; x_wconf 84' lang='lat' dir='ltr'><strong>Ago-</strong></span> 
     </span>
     <span class='ocr_line' id='line_1_16' title="bbox 274 1690 1327 1779; baseline -0.002 -22"><span class='ocrx_word' id='word_1_116' title='bbox 274 1694 366 1758; x_wconf 86' lang='lat' dir='ltr'><strong>bardi</strong></span> <span class='ocrx_word' id='word_1_117' title='bbox 388 1692 558 1779; x_wconf 82' lang='lat' dir='ltr'><strong>exemplar.</strong></span> <span class='ocrx_word' id='word_1_118' title='bbox 604 1692 661 1757; x_wconf 80' lang='lat' dir='ltr'><strong>Eae</strong></span> <span class='ocrx_word' id='word_1_119' title='bbox 683 1700 758 1757; x_wconf 88' lang='lat' dir='ltr'><strong>sunt</strong></span> <span class='ocrx_word' id='word_1_120' title='bbox 777 1691 975 1777; x_wconf 90' lang='lat' dir='ltr'><strong>hujusmodi:</strong></span> <span class='ocrx_word' id='word_1_121' title='bbox 999 1694 1054 1756; x_wconf 77' lang='lat' dir='ltr'><strong>Sic</strong></span> <span class='ocrx_word' id='word_1_122' title='bbox 1074 1692 1154 1756; x_wconf 79' lang='lat' dir='ltr'><strong>caim</strong></span> <span class='ocrx_word' id='word_1_123' title='bbox 1176 1690 1327 1775; x_wconf 68' lang='lat' dir='ltr'><strong>apostolus</strong></span> 
     </span>
     <span class='ocr_line' id='line_1_17' title="bbox 274 1778 1328 1929; baseline -0.003 -86"><span class='ocrx_word' id='word_1_124' title='bbox 274 1780 442 1865; x_wconf 76' lang='lat' dir='ltr'><strong>descripsit,</strong></span> <span class='ocrx_word' id='word_1_125' title='bbox 459 1779 540 1843; x_wconf 77' lang='lat' dir='ltr'><strong>Solet</strong></span> <span class='ocrx_word' id='word_1_126' title='bbox 551 1780 660 1863; x_wconf 82' lang='lat' dir='ltr'><strong>facere</strong></span> <span class='ocrx_word' id='word_1_127' title='bbox 673 1805 684 1852; x_wconf 91' lang='lat'><strong>,·</strong></span> <span class='ocrx_word' id='word_1_128' title='bbox 708 1780 948 1929; x_wconf 56' lang='lat' dir='ltr'><strong>decerptam</strong></span> <span class='ocrx_word' id='word_1_129' title='bbox 963 1779 1104 1841; x_wconf 76' lang='lat' dir='ltr'><strong>virtutem</strong></span> <span class='ocrx_word' id='word_1_130' title='bbox 1117 1778 1221 1841; x_wconf 69' lang='lat' dir='ltr'><strong>eodem</strong></span> <span class='ocrx_word' id='word_1_131' title='bbox 1234 1778 1328 1861; x_wconf 64' lang='lat' dir='ltr'><strong>aiem</strong></span> 
     </span>
     <span class='ocr_line' id='line_1_18' title="bbox 275 1862 1326 1951; baseline -0.004 -22"><span class='ocrx_word' id='word_1_132' title='bbox 275 1866 385 1929; x_wconf 67' lang='lat' dir='ltr'><strong>amnui</strong></span> <span class='ocrx_word' id='word_1_133' title='bbox 413 1888 482 1951; x_wconf 78' lang='lat' dir='ltr'><strong>qum</strong></span> <span class='ocrx_word' id='word_1_134' title='bbox 510 1876 537 1929; x_wconf 80' lang='lat' dir='ltr'><strong>el</strong></span> <span class='ocrx_word' id='word_1_135' title='bbox 566 1866 639 1951; x_wconf 81' lang='lat' dir='ltr'><strong>ipse.</strong></span> <span class='ocrx_word' id='word_1_136' title='bbox 695 1865 780 1950; x_wconf 89' lang='lat' dir='ltr'><strong>Supe</strong></span> <span class='ocrx_word' id='word_1_137' title='bbox 819 1887 861 1928; x_wconf 87' lang='lat' dir='ltr'><strong>ua</strong></span> <span class='ocrx_word' id='word_1_138' title='bbox 890 1870 965 1929; x_wconf 92' lang='lat' dir='ltr'><strong>sunt</strong></span> <span class='ocrx_word' id='word_1_139' title='bbox 993 1864 1071 1941; x_wconf 81' lang='lat' dir='ltr'><strong>haec,</strong></span> <span class='ocrx_word' id='word_1_140' title='bbox 1101 1862 1183 1927; x_wconf 77' lang='lat' dir='ltr'><strong>Solet</strong></span> <span class='ocrx_word' id='word_1_141' title='bbox 1202 1865 1326 1948; x_wconf 79' lang='lat' dir='ltr'><strong>facere.</strong></span> 
     </span>
     <span class='ocr_line' id='line_1_19' title="bbox 277 1949 1324 2033; baseline -0.004 -17"><span class='ocrx_word' id='word_1_142' title='bbox 277 1952 356 2033; x_wconf 80' lang='lat' dir='ltr'><strong>Qnae</strong></span> <span class='ocrx_word' id='word_1_143' title='bbox 378 1951 404 2016; x_wconf 89' lang='lat' dir='ltr'><strong>si</strong></span> <span class='ocrx_word' id='word_1_144' title='bbox 430 1951 624 2025; x_wconf 87' lang='lat' dir='ltr'><strong>auferantur,</strong></span> <span class='ocrx_word' id='word_1_145' title='bbox 643 1952 805 2015; x_wconf 87' lang='lat' dir='ltr'><strong>residuum</strong></span> <span class='ocrx_word' id='word_1_146' title='bbox 826 1951 889 2015; x_wconf 88' lang='lat' dir='ltr'><strong>erit</strong></span> <span class='ocrx_word' id='word_1_147' title='bbox 908 1951 1075 2015; x_wconf 89' lang='lat' dir='ltr'><strong>sincerum.</strong></span> <span class='ocrx_word' id='word_1_148' title='bbox 1120 1950 1155 2013; x_wconf 93' lang='lat' dir='ltr'><strong>Si</strong></span> <span class='ocrx_word' id='word_1_149' title='bbox 1177 1949 1324 2025; x_wconf 88' lang='lat' dir='ltr'><strong>eundem,</strong></span> 
     </span>
     <span class='ocr_line' id='line_1_20' title="bbox 276 2035 1327 2123; baseline -0.003 -22"><span class='ocrx_word' id='word_1_150' title='bbox 276 2037 389 2121; x_wconf 88' lang='lat' dir='ltr'><strong>inquit,</strong></span> <span class='ocrx_word' id='word_1_151' title='bbox 406 2037 509 2101; x_wconf 89' lang='lat' dir='ltr'><strong>Dcum</strong></span> <span class='ocrx_word' id='word_1_152' title='bbox 531 2036 717 2123; x_wconf 82' lang='lat' dir='ltr'><strong>praedicant,</strong></span> <span class='ocrx_word' id='word_1_153' title='bbox 741 2038 830 2121; x_wconf 88' lang='lat' dir='ltr'><strong>cujus</strong></span> <span class='ocrx_word' id='word_1_154' title='bbox 856 2038 950 2101; x_wconf 87' lang='lat' dir='ltr'><strong>rebus</strong></span> <span class='ocrx_word' id='word_1_155' title='bbox 973 2044 1008 2101; x_wconf 90' lang='lat' dir='ltr'><strong>et</strong></span> <span class='ocrx_word' id='word_1_156' title='bbox 1028 2035 1146 2101; x_wconf 87' lang='lat' dir='ltr'><strong>litteris</strong></span> <span class='ocrx_word' id='word_1_157' title='bbox 1170 2042 1205 2099; x_wconf 90' lang='lat' dir='ltr'><strong>et</strong></span> <span class='ocrx_word' id='word_1_158' title='bbox 1224 2036 1327 2099; x_wconf 90' lang='lat' dir='ltr'><strong>nomi·</strong></span> 
     </span>
     <span class='ocr_line' id='line_1_21' title="bbox 277 2121 1324 2209; baseline 0.002 -24"><span class='ocrx_word' id='word_1_159' title='bbox 277 2123 370 2187; x_wconf 86' lang='lat' dir='ltr'><strong>nibus</strong></span> <span class='ocrx_word' id='word_1_160' title='bbox 385 2130 519 2187; x_wconf 89' lang='lat' dir='ltr'><strong>utuntur</strong></span> <span class='ocrx_word' id='word_1_161' title='bbox 534 2123 715 2199; x_wconf 81' lang='lat' dir='ltr'><strong>Christiani,</strong></span> <span class='ocrx_word' id='word_1_162' title='bbox 732 2125 869 2209; x_wconf 85' lang='lat' dir='ltr'><strong>probent</strong></span> <span class='ocrx_word' id='word_1_163' title='bbox 882 2146 918 2187; x_wconf 90' lang='lat' dir='ltr'><strong>se</strong></span> <span class='ocrx_word' id='word_1_164' title='bbox 939 2144 1037 2186; x_wconf 89' lang='lat' dir='ltr'><strong>novos</strong></span> <span class='ocrx_word' id='word_1_165' title='bbox 1056 2121 1218 2207; x_wconf 85' lang='lat' dir='ltr'><strong>apostolos</strong></span> <span class='ocrx_word' id='word_1_166' title='bbox 1232 2144 1324 2197; x_wconf 81' lang='lat' dir='ltr'><strong>esse;</strong></span> 
     </span>
     <span class='ocr_line' id='line_1_22' title="bbox 277 2207 1327 2293; baseline -0.002 -20"><span class='ocrx_word' id='word_1_167' title='bbox 277 2216 375 2293; x_wconf 89' lang='lat' dir='ltr'><strong>atque</strong></span> <span class='ocrx_word' id='word_1_168' title='bbox 400 2210 481 2273; x_wconf 86' lang='lat' dir='ltr'><strong>adeo</strong></span> <span class='ocrx_word' id='word_1_169' title='bbox 511 2209 620 2274; x_wconf 86' lang='lat' dir='ltr'><strong>dicant</strong></span> <span class='ocrx_word' id='word_1_170' title='bbox 645 2209 808 2274; x_wconf 77' lang='lat' dir='ltr'><strong>Christum</strong></span> <span class='ocrx_word' id='word_1_171' title='bbox 832 2211 949 2274; x_wconf 77' lang='lat' dir='ltr'><strong>iterum</strong></span> <span class='ocrx_word' id='word_1_172' title='bbox 972 2208 1180 2285; x_wconf 85' lang='lat' dir='ltr'><strong>descendisse,</strong></span> <span class='ocrx_word' id='word_1_173' title='bbox 1207 2207 1327 2272; x_wconf 87' lang='lat' dir='ltr'><strong>iterum</strong></span> 
     </span>
     <span class='ocr_line' id='line_1_23' title="bbox 277 2294 1327 2380; baseline 0.001 -22"><span class='ocrx_word' id='word_1_174' title='bbox 277 2294 380 2380; x_wconf 91' lang='lat' dir='ltr'><strong>ipsum</strong></span> <span class='ocrx_word' id='word_1_175' title='bbox 395 2296 546 2373; x_wconf 75' lang='lat' dir='ltr'><strong>docuisse,</strong></span> <span class='ocrx_word' id='word_1_176' title='bbox 562 2296 678 2359; x_wconf 85' lang='lat' dir='ltr'><strong>iterum</strong></span> <span class='ocrx_word' id='word_1_177' title='bbox 693 2296 886 2373; x_wconf 81' lang='lat' dir='ltr'><strong>crucifixum,</strong></span> <span class='ocrx_word' id='word_1_178' title='bbox 898 2296 1014 2359; x_wconf 87' lang='lat' dir='ltr'><strong>iterum</strong></span> <span class='ocrx_word' id='word_1_179' title='bbox 1024 2302 1196 2367; x_wconf 90' lang='lat' dir='ltr'><strong>mortuum,</strong></span> <span class='ocrx_word' id='word_1_180' title='bbox 1208 2294 1327 2359; x_wconf 89' lang='lat' dir='ltr'><strong>iterum</strong></span> 
     </span>
     <span class='ocr_line' id='line_1_24' title="bbox 277 2380 1327 2467; baseline 0 -22"><span class='ocrx_word' id='word_1_181' title='bbox 277 2382 512 2447; x_wconf 87' lang='lat' dir='ltr'><strong>resuscitatum.</strong></span> <span class='ocrx_word' id='word_1_182' title='bbox 557 2381 610 2445; x_wconf 85' lang='lat' dir='ltr'><strong>Sic</strong></span> <span class='ocrx_word' id='word_1_183' title='bbox 624 2382 708 2446; x_wconf 86' lang='lat' dir='ltr'><strong>enim</strong></span> <span class='ocrx_word' id='word_1_184' title='bbox 722 2382 887 2467; x_wconf 90' lang='lat' dir='ltr'><strong>apostolus</strong></span> <span class='ocrx_word' id='word_1_185' title='bbox 901 2380 1078 2467; x_wconf 71' lang='lat' dir='ltr'><strong>descripsit.</strong></span> <span class='ocrx_word' id='word_1_186' title='bbox 1111 2380 1230 2445; x_wconf 86' lang='lat' dir='ltr'><strong>Dicant</strong></span> <span class='ocrx_word' id='word_1_187' title='bbox 1244 2402 1327 2466; x_wconf 81' lang='lat' dir='ltr'><strong>prae·</strong></span> 
     </span>
     <span class='ocr_line' id='line_1_25' title="bbox 277 2466 1326 2553; baseline -0.001 -21"><span class='ocrx_word' id='word_1_188' title='bbox 277 2474 367 2532; x_wconf 86' lang='lat' dir='ltr'><strong>terea</strong></span> <span class='ocrx_word' id='word_1_189' title='bbox 381 2468 543 2533; x_wconf 85' lang='lat' dir='ltr'><strong>Christum</strong></span> <span class='ocrx_word' id='word_1_190' title='bbox 558 2468 636 2532; x_wconf 91' lang='lat' dir='ltr'><strong>dare</strong></span> <span class='ocrx_word' id='word_1_191' title='bbox 652 2468 768 2532; x_wconf 90' lang='lat' dir='ltr'><strong>iterum</strong></span> <span class='ocrx_word' id='word_1_192' title='bbox 782 2468 934 2533; x_wconf 88' lang='lat' dir='ltr'><strong>virtutem</strong></span> <span class='ocrx_word' id='word_1_193' title='bbox 955 2468 1067 2532; x_wconf 88' lang='lat' dir='ltr'><strong>eadem</strong></span> <span class='ocrx_word' id='word_1_194' title='bbox 1087 2467 1178 2553; x_wconf 80' lang='lat' dir='ltr'><strong>signa</strong></span> <span class='ocrx_word' id='word_1_195' title='bbox 1199 2466 1326 2545; x_wconf 86' lang='lat' dir='ltr'><strong>edendi,</strong></span> 
     </span>
    </p>

    <p class='ocr_par' dir='ltr' id='par_1_6' title="bbox 278 2552 1328 3069">
     <span class='ocr_line' id='line_1_26' title="bbox 300 2552 1326 2638; baseline 0 -21"><span class='ocrx_word' id='word_1_196' title='bbox 300 2575 348 2617; x_wconf 87' lang='lat' dir='ltr'><strong>nae</strong></span> <span class='ocrx_word' id='word_1_197' title='bbox 372 2561 406 2618; x_wconf 87' lang='lat' dir='ltr'><strong>et</strong></span> <span class='ocrx_word' id='word_1_198' title='bbox 429 2554 438 2616; x_wconf 96' lang='lat' dir='ltr'><strong>i</strong></span> <span class='ocrx_word' id='word_1_199' title='bbox 463 2576 504 2618; x_wconf 88' lang='lat' dir='ltr'><strong>se.</strong></span> <span class='ocrx_word' id='word_1_200' title='bbox 550 2553 634 2617; x_wconf 89' lang='lat' dir='ltr'><strong>Volo</strong></span> <span class='ocrx_word' id='word_1_201' title='bbox 700 2561 755 2618; x_wconf 86' lang='lat' dir='ltr'><strong>tur</strong></span> <span class='ocrx_word' id='word_1_202' title='bbox 774 2561 809 2619; x_wconf 89' lang='lat' dir='ltr'><strong>et</strong></span> <span class='ocrx_word' id='word_1_203' title='bbox 823 2555 957 2618; x_wconf 88' lang='lat' dir='ltr'><strong>virtutes</strong></span> <span class='ocrx_word' id='word_1_204' title='bbox 976 2575 1086 2619; x_wconf 88' lang='lat' dir='ltr'><strong>eorum</strong></span> <span class='ocrx_word' id='word_1_205' title='bbox 1106 2552 1251 2638; x_wconf 80' lang='lat' dir='ltr'><strong>proferri,</strong></span> <span class='ocrx_word' id='word_1_206' title='bbox 1267 2554 1326 2617; x_wconf 74' lang='lat' dir='ltr'><strong>&amp;a</strong></span> 
     </span>
     <span class='ocr_line' id='line_1_27' title="bbox 278 2575 1326 2719; baseline 0.002 -18"><span class='ocrx_word' id='word_1_207' title='bbox 278 2575 408 2703; x_wconf 58' lang='lat' dir='ltr'><strong>Crustu.</strong></span> <span class='ocrx_word' id='word_1_208' title='bbox 478 2662 525 2705; x_wconf 84' lang='lat' dir='ltr'><strong>aec</strong></span> <span class='ocrx_word' id='word_1_209' title='bbox 539 2640 588 2703; x_wconf 85' lang='lat' dir='ltr'><strong>vir</strong></span> <span class='ocrx_word' id='word_1_210' title='bbox 602 2577 841 2719; x_wconf 58' lang='lat' dir='ltr'><strong>erudiissimus,</strong></span> <span class='ocrx_word' id='word_1_211' title='bbox 857 2662 949 2706; x_wconf 85' lang='lat' dir='ltr'><strong>voces</strong></span> <span class='ocrx_word' id='word_1_212' title='bbox 963 2648 1071 2705; x_wconf 88' lang='lat' dir='ltr'><strong>tamen</strong></span> <span class='ocrx_word' id='word_1_213' title='bbox 1085 2639 1172 2703; x_wconf 89' lang='lat' dir='ltr'><strong>hand</strong></span> <span class='ocrx_word' id='word_1_214' title='bbox 1185 2646 1326 2716; x_wconf 89' lang='lat' dir='ltr'><strong>mutans,</strong></span> 
     </span>
     <span class='ocr_line' id='line_1_28' title="bbox 278 2724 1328 2811; baseline 0 -22"><span class='ocrx_word' id='word_1_215' title='bbox 278 2733 312 2790; x_wconf 87' lang='lat' dir='ltr'><strong>et</strong></span> <span class='ocrx_word' id='word_1_216' title='bbox 327 2726 397 2790; x_wconf 91' lang='lat' dir='ltr'><strong>vide</strong></span> <span class='ocrx_word' id='word_1_217' title='bbox 412 2748 516 2791; x_wconf 86' lang='lat' dir='ltr'><strong>annon</strong></span> <span class='ocrx_word' id='word_1_218' title='bbox 533 2726 607 2790; x_wconf 85' lang='lat' dir='ltr'><strong>ferri</strong></span> <span class='ocrx_word' id='word_1_219' title='bbox 625 2726 757 2811; x_wconf 82' lang='lat' dir='ltr'><strong>possint,</strong></span> <span class='ocrx_word' id='word_1_220' title='bbox 773 2728 833 2791; x_wconf 91' lang='lat' dir='ltr'><strong>hoc</strong></span> <span class='ocrx_word' id='word_1_221' title='bbox 855 2749 958 2804; x_wconf 88' lang='lat' dir='ltr'><strong>seusu,</strong></span> <span class='ocrx_word' id='word_1_222' title='bbox 976 2726 1065 2791; x_wconf 89' lang='lat' dir='ltr'><strong>Solet</strong></span> <span class='ocrx_word' id='word_1_223' title='bbox 1079 2725 1163 2789; x_wconf 82' lang='lat' dir='ltr'><strong>enim</strong></span> <span class='ocrx_word' id='word_1_224' title='bbox 1178 2724 1328 2790; x_wconf 87' lang='lat' dir='ltr'><strong>Christus</strong></span> 
     </span>
     <span class='ocr_line' id='line_1_29' title="bbox 278 2812 1328 2897; baseline -0.001 -21"><span class='ocrx_word' id='word_1_225' title='bbox 278 2812 440 2897; x_wconf 86' lang='lat' dir='ltr'><strong>apostolos</strong></span> <span class='ocrx_word' id='word_1_226' title='bbox 464 2813 668 2885; x_wconf 87' lang='lat' dir='ltr'><strong>constituere,</strong></span> <span class='ocrx_word' id='word_1_227' title='bbox 691 2812 836 2877; x_wconf 84' lang='lat' dir='ltr'><strong>faciendo</strong></span> <span class='ocrx_word' id='word_1_228' title='bbox 859 2813 929 2877; x_wconf 91' lang='lat' dir='ltr'><strong>illos</strong></span> <span class='ocrx_word' id='word_1_229' title='bbox 953 2812 1186 2897; x_wconf 83' lang='lat' dir='ltr'><strong>praecipuornm</strong></span> <span class='ocrx_word' id='word_1_230' title='bbox 1208 2812 1328 2875; x_wconf 86' lang='lat' dir='ltr'><strong>articu-</strong></span> 
     </span>
     <span class='ocr_line' id='line_1_30' title="bbox 278 2898 1326 2984; baseline 0.002 -22"><span class='ocrx_word' id='word_1_231' title='bbox 278 2898 381 2963; x_wconf 89' lang='lat' dir='ltr'><strong>lorum</strong></span> <span class='ocrx_word' id='word_1_232' title='bbox 405 2898 480 2964; x_wconf 87' lang='lat' dir='ltr'><strong>fidei</strong></span> <span class='ocrx_word' id='word_1_233' title='bbox 505 2898 739 2984; x_wconf 70' lang='lat' dir='ltr'><strong>praedicatores.</strong></span> <span class='ocrx_word' id='word_1_234' title='bbox 784 2898 943 2964; x_wconf 86' lang='lat' dir='ltr'><strong>Semlcrns</strong></span> <span class='ocrx_word' id='word_1_235' title='bbox 966 2906 1074 2963; x_wconf 86' lang='lat' dir='ltr'><strong>antem</strong></span> <span class='ocrx_word' id='word_1_236' title='bbox 1096 2898 1157 2961; x_wconf 94' lang='lat' dir='ltr'><strong>hoc</strong></span> <span class='ocrx_word' id='word_1_237' title='bbox 1178 2904 1326 2975; x_wconf 88' lang='lat' dir='ltr'><strong>annotat,</strong></span> 
     </span>
     <span class='ocr_line' id='line_1_31' title="bbox 279 2983 1327 3069; baseline 0 -21"><span class='ocrx_word' id='word_1_238' title='bbox 279 2984 334 3048; x_wconf 88' lang='lat' dir='ltr'><strong>sed</strong></span> <span class='ocrx_word' id='word_1_239' title='bbox 349 2985 454 3049; x_wconf 88' lang='lat' dir='ltr'><strong>minus</strong></span> <span class='ocrx_word' id='word_1_240' title='bbox 473 2992 569 3062; x_wconf 85' lang='lat' dir='ltr'><strong>recte,</strong></span> <span class='ocrx_word' id='word_1_241' title='bbox 585 2985 718 3069; x_wconf 86' lang='lat' dir='ltr'><strong>opin0r;</strong></span> <span class='ocrx_word' id='word_1_242' title='bbox 744 2992 763 3021; x_wconf 90' lang='lat'>“</span> <span class='ocrx_word' id='word_1_243' title='bbox 775 2986 887 3050; x_wconf 67' lang='lat' dir='ltr'><strong>Graece</strong></span> <span class='ocrx_word' id='word_1_244' title='bbox 907 2986 1087 3057; x_wconf 75' lang='grc' dir='ltr'>ἀπόστολος,</span> <span class='ocrx_word' id='word_1_245' title='bbox 1103 2983 1327 3048; x_wconf 79' lang='lat' dir='ltr'><strong>nominativus.</strong></span> 
     </span>
    </p>
   </div>
   <div class='ocr_carea' id='block_1_4' title="bbox 280 3068 1328 3220">
    <p class='ocr_par' dir='ltr' id='par_1_7' title="bbox 280 3068 1328 3220">
     <span class='ocr_line' id='line_1_32' title="bbox 280 3068 1328 3220; baseline -0.001 -85"><span class='ocrx_word' id='word_1_246' title='bbox 280 3070 434 3220; x_wconf 49' lang='lat' dir='ltr'><strong>“213th</strong></span> <span class='ocrx_word' id='word_1_247' title='bbox 451 3093 490 3135; x_wconf 90' lang='lat' dir='ltr'><strong>ex</strong></span> <span class='ocrx_word' id='word_1_248' title='bbox 506 3070 672 3157; x_wconf 83' lang='lat' dir='ltr'><strong>Agobardi</strong></span> <span class='ocrx_word' id='word_1_249' title='bbox 693 3070 795 3136; x_wconf 90' lang='lat' dir='ltr'><strong>libro:</strong></span> <span class='ocrx_word' id='word_1_250' title='bbox 820 3072 875 3136; x_wconf 73' lang='lat' dir='ltr'><strong>Sic</strong></span> <span class='ocrx_word' id='word_1_251' title='bbox 895 3073 976 3137; x_wconf 81' lang='lat' dir='ltr'><strong>onim</strong></span> <span class='ocrx_word' id='word_1_252' title='bbox 997 3068 1147 3157; x_wconf 77' lang='lat' dir='ltr'><strong>apostolae</strong></span> <span class='ocrx_word' id='word_1_253' title='bbox 1166 3070 1328 3155; x_wconf 61' lang='lat' dir='ltr'><strong>woripsit</strong></span> 
     </span>
     <span class='ocr_line' id='line_1_33' title="bbox 280 3156 394 3220; baseline 0 -27"><span class='ocrx_word' id='word_1_254' title='bbox 280 3164 299 3193; x_wconf 74' lang='lat' dir='ltr'><strong>sl</strong></span> <span class='ocrx_word' id='word_1_255' title='bbox 345 3156 394 3220; x_wconf 55' lang='grc' dir='ltr'><strong>θ’*</strong></span> 
     </span>
    </p>
   </div>
   <div class='ocr_carea' id='block_1_5' title="bbox 279 3240 1330 4361">
    <p class='ocr_par' dir='ltr' id='par_1_8' title="bbox 279 3240 1330 3846">
     <span class='ocr_line' id='line_1_34' title="bbox 323 3240 1329 3327; baseline 0 -22"><span class='ocrx_word' id='word_1_256' title='bbox 323 3241 405 3307; x_wconf 94' lang='lat' dir='ltr'><strong>Ibid.</strong></span> <span class='ocrx_word' id='word_1_257' title='bbox 421 3243 441 3306; x_wconf 96' lang='lat' dir='ltr'><strong>l.</strong></span> <span class='ocrx_word' id='word_1_258' title='bbox 458 3244 489 3307; x_wconf 93' lang='lat'><strong>6.</strong></span> <span class='ocrx_word' id='word_1_259' title='bbox 505 3242 544 3306; x_wconf 88' lang='lat' dir='ltr'><strong>do</strong></span> <span class='ocrx_word' id='word_1_260' title='bbox 566 3244 700 3307; x_wconf 86' lang='lat' dir='ltr'><strong>mortuis</strong></span> <span class='ocrx_word' id='word_1_261' title='bbox 722 3244 936 3327; x_wconf 87' lang='lat' dir='ltr'><strong>suscitabant]</strong></span> <span class='ocrx_word' id='word_1_262' title='bbox 954 3242 1050 3307; x_wconf 88' lang='lat' dir='ltr'><strong>Hanc</strong></span> <span class='ocrx_word' id='word_1_263' title='bbox 1071 3240 1219 3308; x_wconf 88' lang='lat' dir='ltr'><strong>editionis</strong></span> <span class='ocrx_word' id='word_1_264' title='bbox 1238 3242 1329 3327; x_wconf 86' lang='lat' dir='ltr'><strong>prin-</strong></span> 
     </span>
     <span class='ocr_line' id='line_1_35' title="bbox 280 3327 1329 3414; baseline 0.002 -23"><span class='ocrx_word' id='word_1_265' title='bbox 280 3327 359 3414; x_wconf 89' lang='lat' dir='ltr'><strong>cipis</strong></span> <span class='ocrx_word' id='word_1_266' title='bbox 388 3328 554 3393; x_wconf 79' lang='lat' dir='ltr'><strong>lectionem</strong></span> <span class='ocrx_word' id='word_1_267' title='bbox 582 3329 735 3393; x_wconf 87' lang='lat' dir='ltr'><strong>revocavi.</strong></span> <span class='ocrx_word' id='word_1_268' title='bbox 796 3330 837 3394; x_wconf 94' lang='lat' dir='ltr'><strong>ln</strong></span> <span class='ocrx_word' id='word_1_269' title='bbox 866 3328 1027 3394; x_wconf 90' lang='lat' dir='ltr'><strong>Vaticano</strong></span> <span class='ocrx_word' id='word_1_270' title='bbox 1056 3330 1190 3394; x_wconf 83' lang='lat' dir='ltr'><strong>extabat</strong></span> <span class='ocrx_word' id='word_1_271' title='bbox 1219 3328 1329 3393; x_wconf 89' lang='lat' dir='ltr'><strong>eodioo</strong></span> 
     </span>
     <span class='ocr_line' id='line_1_36' title="bbox 280 3414 1330 3498; baseline 0.002 -20"><span class='ocrx_word' id='word_1_272' title='bbox 280 3415 392 3479; x_wconf 87' lang='lat' dir='ltr'><strong>eadem</strong></span> <span class='ocrx_word' id='word_1_273' title='bbox 420 3414 587 3498; x_wconf 84' lang='lat' dir='ltr'><strong>scriptura,</strong></span> <span class='ocrx_word' id='word_1_274' title='bbox 618 3415 741 3481; x_wconf 86' lang='lat' dir='ltr'><strong>latente</strong></span> <span class='ocrx_word' id='word_1_275' title='bbox 767 3415 919 3492; x_wconf 88' lang='lat' dir='ltr'><strong>Pamelio‚</strong></span> <span class='ocrx_word' id='word_1_276' title='bbox 945 3415 996 3479; x_wconf 91' lang='lat' dir='ltr'><strong>oui</strong></span> <span class='ocrx_word' id='word_1_277' title='bbox 1020 3422 1130 3481; x_wconf 90' lang='lat' dir='ltr'><strong>tamen</strong></span> <span class='ocrx_word' id='word_1_278' title='bbox 1157 3414 1330 3480; x_wconf 78' lang='lat' dir='ltr'><strong>antithesis</strong></span> 
     </span>
     <span class='ocr_line' id='line_1_37' title="bbox 280 3500 1330 3587; baseline 0.003 -23"><span class='ocrx_word' id='word_1_279' title='bbox 280 3500 455 3566; x_wconf 87' lang='lat' dir='ltr'><strong>evidentior</strong></span> <span class='ocrx_word' id='word_1_280' title='bbox 476 3500 577 3587; x_wconf 88' lang='lat' dir='ltr'><strong>magis</strong></span> <span class='ocrx_word' id='word_1_281' title='bbox 599 3500 755 3585; x_wconf 85' lang='lat' dir='ltr'><strong>placebat,</strong></span> <span class='ocrx_word' id='word_1_282' title='bbox 772 3524 843 3587; x_wconf 75' lang='lat' dir='ltr'><strong>quse</strong></span> <span class='ocrx_word' id='word_1_283' title='bbox 865 3502 898 3566; x_wconf 93' lang='lat' dir='ltr'><strong>in</strong></span> <span class='ocrx_word' id='word_1_284' title='bbox 919 3502 1054 3567; x_wconf 86' lang='lat' dir='ltr'><strong>lectione</strong></span> <span class='ocrx_word' id='word_1_285' title='bbox 1076 3500 1251 3566; x_wconf 76' lang='lat' dir='ltr'><strong>Coloniam</strong></span> <span class='ocrx_word' id='word_1_286' title='bbox 1264 3501 1330 3567; x_wconf 87' lang='lat' dir='ltr'><strong>sita</strong></span> 
     </span>
     <span class='ocr_line' id='line_1_38' title="bbox 279 3586 1329 3672; baseline 0.001 -21"><span class='ocrx_word' id='word_1_287' title='bbox 279 3593 338 3662; x_wconf 88' lang='lat' dir='ltr'><strong>est,</strong></span> <span class='ocrx_word' id='word_1_288' title='bbox 359 3586 396 3651; x_wconf 74' lang='lat' dir='ltr'><strong>de</strong></span> <span class='ocrx_word' id='word_1_289' title='bbox 417 3588 542 3651; x_wconf 69' lang='lat' dir='ltr'><strong>emittm</strong></span> <span class='ocrx_word' id='word_1_290' title='bbox 563 3588 645 3651; x_wconf 77' lang='lat' dir='ltr'><strong>cioca</strong></span> <span class='ocrx_word' id='word_1_291' title='bbox 660 3588 831 3672; x_wconf 67' lang='lat' dir='ltr'><strong>sododem.</strong></span> <span class='ocrx_word' id='word_1_292' title='bbox 877 3588 1052 3653; x_wconf 86' lang='lat' dir='ltr'><strong>Marcionis</strong></span> <span class='ocrx_word' id='word_1_293' title='bbox 1072 3588 1237 3653; x_wconf 78' lang='lat' dir='ltr'><strong>Christum</strong></span> <span class='ocrx_word' id='word_1_294' title='bbox 1251 3586 1329 3652; x_wconf 85' lang='lat' dir='ltr'><strong>Ter-</strong></span> 
     </span>
     <span class='ocr_line' id='line_1_39' title="bbox 279 3672 1329 3751; baseline 0.001 -14"><span class='ocrx_word' id='word_1_295' title='bbox 279 3672 429 3737; x_wconf 83' lang='lat' dir='ltr'><strong>tullianus</strong></span> <span class='ocrx_word' id='word_1_296' title='bbox 443 3672 490 3738; x_wconf 89' lang='lat' dir='ltr'><strong>ait</strong></span> <span class='ocrx_word' id='word_1_297' title='bbox 505 3695 582 3749; x_wconf 84' lang='lat' dir='ltr'><strong>esse,</strong></span> <span class='ocrx_word' id='word_1_298' title='bbox 602 3694 655 3738; x_wconf 78' lang='lat' dir='ltr'><strong>nso</strong></span> <span class='ocrx_word' id='word_1_299' title='bbox 675 3684 861 3739; x_wconf 69' lang='lat' dir='ltr'><strong>monueram</strong></span> <span class='ocrx_word' id='word_1_300' title='bbox 877 3674 1109 3751; x_wconf 81' lang='lat' dir='ltr'><strong>suscitatorem,</strong></span> <span class='ocrx_word' id='word_1_301' title='bbox 1123 3674 1177 3738; x_wconf 81' lang='lat' dir='ltr'><strong>sed</strong></span> <span class='ocrx_word' id='word_1_302' title='bbox 1190 3675 1329 3738; x_wconf 72' lang='lat' dir='ltr'><strong>vicomm</strong></span> 
     </span>
     <span class='ocr_line' id='line_1_40' title="bbox 279 3760 1048 3846; baseline 0.003 -23"><span class='ocrx_word' id='word_1_303' title='bbox 279 3770 473 3825; x_wconf 73' lang='lat' dir='ltr'><strong>noommrom.</strong></span> <span class='ocrx_word' id='word_1_304' title='bbox 517 3761 567 3824; x_wconf 81' lang='lat' dir='ltr'><strong>Dc</strong></span> <span class='ocrx_word' id='word_1_305' title='bbox 584 3760 683 3825; x_wconf 78' lang='lat' dir='ltr'><strong>Came</strong></span> <span class='ocrx_word' id='word_1_306' title='bbox 698 3762 826 3838; x_wconf 74' lang='lat' dir='ltr'><strong>Christi,</strong></span> <span class='ocrx_word' id='word_1_307' title='bbox 841 3784 911 3846; x_wconf 87' lang='lat' dir='ltr'><strong>cap.</strong></span> <span class='ocrx_word' id='word_1_308' title='bbox 926 3780 959 3844; x_wconf 85' lang='lat'><strong>5.</strong></span> <span class='ocrx_word' id='word_1_309' title='bbox 974 3760 1048 3825; x_wconf 85' lang='lat' dir='ltr'><strong>fine.</strong></span> 
     </span>
    </p>

    <p class='ocr_par' dir='ltr' id='par_1_9' title="bbox 281 3845 1329 4339">
     <span class='ocr_line' id='line_1_41' title="bbox 326 3845 1328 3933; baseline 0 -23"><span class='ocrx_word' id='word_1_310' title='bbox 326 3846 409 3910; x_wconf 91' lang='lat' dir='ltr'><strong>lbid.</strong></span> <span class='ocrx_word' id='word_1_311' title='bbox 431 3845 451 3910; x_wconf 90' lang='lat' dir='ltr'><strong>l.</strong></span> <span class='ocrx_word' id='word_1_312' title='bbox 468 3862 498 3927; x_wconf 87' lang='lat'><strong>7.</strong></span> <span class='ocrx_word' id='word_1_313' title='bbox 521 3846 563 3909; x_wconf 87' lang='lat' dir='ltr'><strong>ad</strong></span> <span class='ocrx_word' id='word_1_314' title='bbox 587 3846 855 3933; x_wconf 86' lang='lat' dir='ltr'><strong>principalitatem</strong></span> <span class='ocrx_word' id='word_1_315' title='bbox 881 3847 1019 3924; x_wconf 88' lang='lat' dir='ltr'><strong>veritati,</strong></span> <span class='ocrx_word' id='word_1_316' title='bbox 1045 3854 1079 3912; x_wconf 88' lang='lat' dir='ltr'><strong>et</strong></span> <span class='ocrx_word' id='word_1_317' title='bbox 1103 3846 1328 3933; x_wconf 81' lang='lat' dir='ltr'><strong>posteritatem</strong></span> 
     </span>
     <span class='ocr_line' id='line_1_42' title="bbox 282 3930 1329 4035; baseline 0.003 -40"><span class='ocrx_word' id='word_1_318' title='bbox 282 3932 487 3997; x_wconf 89' lang='lat' dir='ltr'><strong>mendacitati</strong></span> <span class='ocrx_word' id='word_1_319' title='bbox 502 3933 728 4017; x_wconf 86' lang='lat' dir='ltr'><strong>deputandam,</strong></span> <span class='ocrx_word' id='word_1_320' title='bbox 745 3957 784 3998; x_wconf 85' lang='lat' dir='ltr'><strong>ox</strong></span> <span class='ocrx_word' id='word_1_321' title='bbox 806 3930 888 3997; x_wconf 86' lang='lat' dir='ltr'><strong>illius</strong></span> <span class='ocrx_word' id='word_1_322' title='bbox 909 3935 981 4018; x_wconf 78' lang='lat' dir='ltr'><strong>tto]</strong></span> <span class='ocrx_word' id='word_1_323' title='bbox 999 3934 1107 4035; x_wconf 69' lang='lat' dir='ltr'><strong>Vulgo</strong></span> <span class='ocrx_word' id='word_1_324' title='bbox 1121 3940 1236 3998; x_wconf 84' lang='lat' dir='ltr'><strong>extant</strong></span> <span class='ocrx_word' id='word_1_325' title='bbox 1250 3934 1329 3998; x_wconf 69' lang='lat' dir='ltr'><strong>ossi·</strong></span> 
     </span>
     <span class='ocr_line' id='line_1_43' title="bbox 281 4019 1329 4105; baseline 0.002 -23"><span class='ocrx_word' id='word_1_326' title='bbox 281 4019 362 4095; x_wconf 66' lang='lat' dir='ltr'><strong>tntu,</strong></span> <span class='ocrx_word' id='word_1_327' title='bbox 385 4019 605 4094; x_wconf 77' lang='lat' dir='ltr'><strong>mendacitatis,</strong></span> <span class='ocrx_word' id='word_1_328' title='bbox 627 4020 870 4105; x_wconf 59' lang='lat' dir='ltr'><strong>dispiciendam</strong></span> <span class='ocrx_word' id='word_1_329' title='bbox 905 4042 1013 4084; x_wconf 84' lang='lat' dir='ltr'><strong>verum</strong></span> <span class='ocrx_word' id='word_1_330' title='bbox 1035 4020 1129 4085; x_wconf 87' lang='lat' dir='ltr'><strong>ahter</strong></span> <span class='ocrx_word' id='word_1_331' title='bbox 1148 4042 1183 4083; x_wconf 91' lang='lat' dir='ltr'><strong>se</strong></span> <span class='ocrx_word' id='word_1_332' title='bbox 1207 4019 1329 4084; x_wconf 88' lang='lat' dir='ltr'><strong>habent</strong></span> 
     </span>
     <span class='ocr_line' id='line_1_44' title="bbox 282 4104 1329 4191; baseline -0.001 -22"><span class='ocrx_word' id='word_1_333' title='bbox 282 4104 374 4169; x_wconf 90' lang='lat' dir='ltr'><strong>editt.</strong></span> <span class='ocrx_word' id='word_1_334' title='bbox 399 4104 544 4169; x_wconf 84' lang='lat' dir='ltr'><strong>Rhenani</strong></span> <span class='ocrx_word' id='word_1_335' title='bbox 574 4119 608 4169; x_wconf 85' lang='lat' dir='ltr'><strong>et</strong></span> <span class='ocrx_word' id='word_1_336' title='bbox 634 4105 737 4170; x_wconf 88' lang='lat' dir='ltr'><strong>Paris.</strong></span> <span class='ocrx_word' id='word_1_337' title='bbox 763 4106 867 4191; x_wconf 89' lang='lat' dir='ltr'><strong>prima</strong></span> <span class='ocrx_word' id='word_1_338' title='bbox 893 4113 926 4170; x_wconf 89' lang='lat' dir='ltr'><strong>et</strong></span> <span class='ocrx_word' id='word_1_339' title='bbox 951 4106 1091 4171; x_wconf 85' lang='lat' dir='ltr'><strong>Franek.</strong></span> <span class='ocrx_word' id='word_1_340' title='bbox 1113 4112 1329 4191; x_wconf 76' lang='lat' dir='ltr'><strong>praeterquam</strong></span> 
     </span>
     <span class='ocr_line' id='line_1_45' title="bbox 282 4190 1328 4339; baseline 0.004 -86"><span class='ocrx_word' id='word_1_341' title='bbox 282 4190 367 4339; x_wconf 57' lang='lat' dir='ltr'><strong>puod</strong></span> <span class='ocrx_word' id='word_1_342' title='bbox 389 4191 421 4253; x_wconf 91' lang='lat' dir='ltr'><strong>in</strong></span> <span class='ocrx_word' id='word_1_343' title='bbox 445 4190 603 4275; x_wconf 87' lang='lat' dir='ltr'><strong>prioribus</strong></span> <span class='ocrx_word' id='word_1_344' title='bbox 627 4193 766 4276; x_wconf 88' lang='lat' dir='ltr'><strong>positum</strong></span> <span class='ocrx_word' id='word_1_345' title='bbox 788 4200 838 4257; x_wconf 86' lang='lat' dir='ltr'><strong>est</strong></span> <span class='ocrx_word' id='word_1_346' title='bbox 857 4194 1005 4257; x_wconf 61' lang='lat' dir='ltr'><strong>nauto.</strong></span> <span class='ocrx_word' id='word_1_347' title='bbox 1051 4191 1186 4257; x_wconf 82' lang='lat' dir='ltr'><strong>Notavit</strong></span> <span class='ocrx_word' id='word_1_348' title='bbox 1218 4199 1328 4257; x_wconf 88' lang='lat' dir='ltr'><strong>autom</strong></span> 
     </span>
    </p>

    <p class='ocr_par' dir='ltr' id='par_1_10' title="bbox 311 4276 1328 4361">
     <span class='ocr_line' id='line_1_46' title="bbox 311 4276 1328 4361; baseline 0.002 -21"><span class='ocrx_word' id='word_1_349' title='bbox 311 4276 451 4355; x_wconf 72' lang='lat' dir='ltr'><strong>anuclius,</strong></span> <span class='ocrx_word' id='word_1_350' title='bbox 468 4276 571 4361; x_wconf 85' lang='lat' dir='ltr'><strong>legero</strong></span> <span class='ocrx_word' id='word_1_351' title='bbox 594 4300 627 4341; x_wconf 90' lang='lat' dir='ltr'><strong>se</strong></span> <span class='ocrx_word' id='word_1_352' title='bbox 656 4300 695 4343; x_wconf 84' lang='lat' dir='ltr'><strong>ex</strong></span> <span class='ocrx_word' id='word_1_353' title='bbox 717 4278 824 4343; x_wconf 87' lang='lat' dir='ltr'><strong>Vatic.</strong></span> <span class='ocrx_word' id='word_1_354' title='bbox 852 4279 924 4344; x_wconf 89' lang='lat' dir='ltr'><strong>MS.</strong></span> <span class='ocrx_word' id='word_1_355' title='bbox 948 4278 1153 4345; x_wconf 82' lang='lat' dir='ltr'><strong>conformiter</strong></span> <span class='ocrx_word' id='word_1_356' title='bbox 1174 4278 1328 4360; x_wconf 78' lang='lat' dir='ltr'><strong>Quintino</strong></span> 
     </span>
    </p>
   </div>
   <div class='ocr_carea' id='block_1_6' title="bbox 0 0 1449 4817">
    <p class='ocr_par' dir='ltr' id='par_1_11' title="bbox 0 0 1449 4817">
     <span class='ocr_line' id='line_1_47' title="bbox 0 0 1449 4817; baseline 0 0"><span class='ocrx_word' id='word_1_357' title='bbox 0 0 1449 4817; x_wconf 95' lang='lat' dir='ltr'><strong> </strong></span> 
     </span>
    </p>
   </div>
  </div>
 </body>
</html>
