2867 4817
277 298 342 369 ιιι
609 294 990 385 xuuouxrrouss

277 467 431 544 decredm
455 468 512 533 sed
533 468 631 534 etiam
651 467 744 533 nobis
764 466 853 533 haud
874 468 1055 545 tacendum,
1078 468 1165 552 quod
1182 468 1336 532 roseum

276 554 420 620 historici
442 552 593 633 uouiulli,
614 553 739 620 Iulium
763 552 869 655 episco
891 576 945 619 mn
969 554 1149 619 Romanum
1171 553 1227 617 diu
1250 562 1335 618 ante

278 642 312 705 in
332 641 467 727 epistola
487 642 531 706 ad
552 641 658 726 episco
736 640 833 707 Onon
882 663 916 707 es
934 642 968 705 in
990 662 1087 706 cerua
1107 640 1141 704 S.
1152 639 1333 705 Athanasii

278 727 398 812 scripta
411 727 594 805 affirmasse,
609 749 657 792 ecc
703 728 712 741 ⁰
749 728 854 813 rapula
867 726 1060 793 tamdictum
1075 748 1144 805 cess,
1158 748 1197 790 oc
1209 736 1335 812 prater

276 815 453 880 samma
467 814 600 878 Romani
613 813 743 899 opismpi
757 814 923 914 qualiqucm
936 812 975 877 ab
992 813 1121 879 scamis
1137 812 1334 877 ἅιωιιιαιιιν.

279 900 353 964 Ηοο
367 901 502 965 tradunt
516 900 644 983 quidem
659 901 808 965 Socrates
822 900 876 965 hb.
892 899 939 963 II.
955 900 1038 964 His.
1054 898 1169 964 Eccbs.
1189 920 1260 983 cap.
1279 916 1331 982 17.

278 995 312 1052 et
327 1008 401 1051 eum
414 993 543 1051 secutus
557 986 749 1051 Sozomeuus
763 984 815 1051 lib.
827 986 891 1051 III.
904 986 949 1051 H.
960 988 1001 1051 E.
1016 1008 1042 1051 c.
1055 1006 1106 1049 10.
1138 985 1214 1050 Hoc
1224 984 1332 1069 ipsum

278 1094 364 1151 vero,
385 1080 424 1137 ut
445 1072 568 1137 monuit
588 1073 631 1137 ad
654 1073 820 1137 Socratem
842 1071 999 1151 Valesius,
1021 1072 1056 1136 iu
1080 1071 1216 1156 epistola
1238 1070 1262 1134 J
1264 1070 1331 1147 ulii,

279 1181 351 1245 quae
371 1159 458 1258 apud
483 1158 698 1223 Athanasium
723 1158 827 1224 adhuc
851 1165 1005 1246 superest,
1031 1158 1176 1243 nuspiam
1202 1157 1330 1243 legitur.

279 1245 325 1311 Et
347 1246 483 1330 quidem,
506 1244 656 1331 quidquid
679 1244 821 1324 fecerint,
844 1250 903 1309 aut
923 1244 984 1309 sibi
1005 1244 1244 1329 assumpserint,
1265 1244 1331 1327 epi-

279 1331 366 1415 scopi
380 1330 526 1406 Romani,
537 1329 571 1394 id
585 1338 673 1396 certe
682 1336 819 1408 constat,
832 1330 997 1395 concilium
1009 1338 1158 1416 quartum
1169 1328 1329 1415 generale,

279 1417 422 1502 quamvis
441 1417 699 1482 dissentientibus
716 1416 800 1481 sodis
819 1417 972 1482 &mana
990 1417 1112 1503 legatis,
1128 1416 1189 1480 hoc
1207 1416 1331 1501 insigne

279 1503 443 1568 decretum
456 1503 609 1567 annuae.
653 1502 718 1567 Hic
739 1525 864 1589 quoque
883 1525 989 1589 operae
1010 1502 1146 1589 pretium
1166 1509 1218 1567 est
1232 1502 1331 1566 histo

279 1589 391 1654 riclam
406 1589 566 1674 quandam
584 1589 711 1667 referre,
728 1590 761 1652 iu
780 1589 873 1654 Actis
893 1590 1015 1655 concilii
1037 1589 1131 1674 hujus
1151 1596 1328 1653 extantem.

282 1674 334 1740 Ibi
353 1681 492 1740 testatus
514 1682 564 1740 est
585 1675 743 1740 Eusebius
763 1674 947 1761 Dorylensis
966 1676 1141 1760 episcopus,
1161 1696 1195 1738 se
1216 1680 1330 1759 sponte

279 1761 502 1848 subscripsisse
516 1762 645 1826 decreto
660 1762 701 1826 dc
718 1761 889 1847 privilegiis
910 1762 977 1826 sedi
997 1762 1139 1827 optans
1158 1781 1243 1825 nuuc
1257 1782 1331 1824 cen-

280 1848 396 1924 cessis3
420 1849 565 1933 huncque
586 1849 634 1913 ait
653 1869 815 1925 munnam,
834 1848 882 1912 vel
902 1847 1017 1934 potius,
1038 1847 1126 1911 illum
1147 1870 1168 1911 a
1189 1846 1332 1912 Concilio

280 1934 418 2000 CPtauo
432 1935 472 1998 de
487 1934 598 1998 eedem
613 1956 648 1999 re
662 1934 750 2019 prius
766 1933 932 2013 sancitum,
948 1956 982 1999 se
997 1934 1030 1997 in
1042 1934 1120 1999 urbe
1131 1933 1236 1998 Roma
1249 1956 1333 2017 prau-

280 2020 423 2085 seutibus
436 2019 558 2084 clericis
569 2020 711 2085 OPtanis
722 2042 814 2105 papae
828 2020 892 2084 rele
916 2019 984 2097 sse,
995 2020 1049 2105 qui
1064 2041 1136 2085 eum
1147 2020 1331 2105 recepisset.

280 2105 520 2171 ActioDecima
529 2107 629 2171 Sexta
639 2128 712 2192 pag.
727 2108 799 2171 816.
810 2042 1007 2171 editilnbbe
1018 2106 1201 2172 etOossart.
1212 2128 1245 2192 p.
1255 2108 1333 2185 642.

280 2192 356 2257 edit.
367 2192 526 2257 Harduiu.
559 2192 615 2257 Sin
629 2215 713 2271 vero,
726 2200 763 2257 ut
772 2199 916 2279 apparet,
928 2192 994 2257 Leo
1005 2193 1053 2257 M.
1062 2193 1106 2257 ibi
1115 2192 1332 2278 significatum

280 2278 402 2353 isfuit,
432 2277 487 2363 qui
514 2286 583 2343 tam
607 2300 666 2363 per
691 2279 813 2365 legatos
838 2300 922 2355 suos,
949 2300 1045 2364 quam
1071 2280 1139 2379 ipsc
1163 2286 1277 2364 postea
1299 2278 1337 2343 iu

279 2363 567 2515 rattrud
574 2364 999 2537 semirutum
1021 2364 1338 2517 ..salustus

276 2536 382 2621 juncti
397 2557 533 2601 canones
548 2544 615 2601 tres
629 2538 733 2602 ultimi
748 2537 960 2617 Chalcedonii,
976 2544 1014 2602 ut
1033 2538 1102 2621 jam
1115 2544 1192 2601 ante
1206 2538 1283 2615 dixi,
1301 2539 1338 2602 iu

281 2622 442 2687 codicibus
457 2624 612 2702 omnibus,
625 2624 740 2707 quibus
751 2646 810 2709 ego
824 2645 901 2687 usus
915 2644 994 2702 sum,
1007 2623 1197 2687 Bodleianis.
1229 2624 1339 2689 Porro

281 2708 314 2772 iu
336 2708 490 2793 exemplo,
513 2710 598 2793 quod
620 2709 795 2775 Bodleiano
816 2708 1009 2775 bibliotheca
1031 2716 1129 2786 tenet,
1154 2708 1339 2776 Herduiuae

281 2794 430 2859 editionis
444 2794 657 2859 Conciliorum
670 2796 714 2859 ad
734 2796 895 2861 Oanonem
914 2795 998 2861 huuc
1016 2793 1186 2860 XXVIII.
1201 2796 1250 2860 vir
1265 2798 1339 2881 qui-

282 2880 355 2945 dem
370 2881 483 2946 doctus
497 2880 566 2945 haec
581 2880 728 2965 scripsit;
755 2890 774 2919 ‘⁶
788 2882 960 2966 Gompamt
976 2880 1042 2964 (hic
1056 2882 1173 2963 canon)
1185 2882 1219 2945 in
1233 2884 1339 2947 omni-

283 2974 304 3005 “
319 2967 380 3030 bus
405 2966 637 3051 exemplaribus
666 2967 797 3046 Graecis,
827 2974 861 3033 et
890 2967 923 3031 in
952 2967 1075 3032 duobus
1100 2968 1340 3053 exemplaribus

283 3060 303 3089 “
319 3051 452 3130 Latinis,
469 3074 604 3137 quonum
623 3075 721 3116 unum
741 3053 841 3118 literis
863 3054 1029 3138 quadratis
1050 3055 1212 3139 scriptum,
1229 3061 1263 3118 et
1278 3077 1338 3119 an-

284 3234 304 3265 .
318 3139 818 3312 senuerunt
915 3162 948 3289 ι
963 3139 1339 3292 exsatura

283 3310 366 3377 Haec
380 3310 441 3375 ille.
486 3311 608 3392 Quibus
622 3312 727 3376 verbis
747 3311 942 3397 significatur
959 3312 1065 3398 prisce
1085 3312 1202 3377 Latine
1218 3313 1338 3379 Vereio

283 3405 360 3463 aute
382 3396 527 3480 Dionysii
551 3397 668 3483 Exigui
691 3405 817 3483 tempus
839 3398 1024 3483 composita,
1052 3421 1148 3484 quam
1170 3421 1210 3464 ex
1231 3402 1338 3485 patris

283 3483 332 3548 sui
347 3482 464 3559 codice,
480 3490 551 3547 tum
565 3506 639 3547 vcro
653 3506 694 3547 ex
708 3483 810 3548 altero
826 3483 988 3563 Theaneo,
1004 3484 1164 3550 Henricus
1178 3486 1202 3550 J
1203 3486 1339 3551 ustellus

284 3569 393 3634 edidit.
449 3566 489 3631 In
516 3569 598 3635 istac
628 3570 780 3634 Versioue
810 3578 956 3655 repertus
985 3572 1111 3655 quidem
1141 3580 1191 3637 est
1220 3573 1337 3637 Canon

285 3655 459 3719 XXVIII.
484 3656 722 3733 Chalcedonius,
739 3656 804 3735 sed,
821 3664 858 3721 ut
879 3656 1068 3743 Bcveregius
1084 3678 1181 3742 supra
1200 3659 1335 3738 monuit,

284 3742 370 3807 inter
383 3764 519 3807 canones
533 3742 684 3807 OPtanos
702 3764 811 3807 errore
832 3742 1013 3808 collocatus.
1057 3743 1107 3807 Ac
1125 3743 1269 3808 similiter
1283 3766 1338 3809 res

285 3828 512 3893 administrata
532 3836 583 3892 est
604 3828 636 3892 in
662 3829 797 3913 antiqua
820 3850 975 3893 canonum
1001 3829 1184 3895 collectione
1212 3830 1338 3916 Longo-

285 3914 422 3979 bardicis
436 3916 538 3980 litoris
552 3924 695 3991 exarata,
711 3916 751 3979 dc
770 3937 833 3999 qua
855 3916 923 4001 agit·
943 3916 1060 3980 Petrus
1076 3916 1287 3980 Constantius
1303 3918 1336 3981 in

285 4002 504 4065 Dissertations
519 4002 555 4064 de
570 4002 717 4087 Antiqais
735 4004 889 4065 Oceanum
905 4000 1139 4065 Collectioar'hus.
1171 4000 1246 4066 vid.
1257 4010 1335 4068 sect.

285 4087 365 4150 xcvi.
410 4087 513 4150 Porro
536 4087 665 4153 Justelli
692 4088 794 4172 patris
816 4088 964 4163 codicem,
987 4089 1175 4153 veneruudae
1197 4090 1336 4173 antiqui-

285 4174 364 4238 tatis
381 4173 521 4249 MStum,
536 4173 570 4236 iu
584 4196 647 4258 quo
661 4174 797 4258 plurima
811 4174 853 4237 ad
864 4196 931 4237 rem
943 4172 1127 4239 cmrouicam
1142 4174 1336 4260 pertinentia

286 4266 408 4337 extant,
426 4259 624 4325 bibliothecen
643 4267 762 4325 nostrae
774 4260 956 4325 Bodleianae
975 4267 1087 4346 postea
1101 4260 1232 4325 donavit
1247 4260 1336 4325 Heu-
