2867 4817
339 330 632 396 HAERETICOS
655 329 904 396 LIBELLUS.
1087 330 1152 399 167

98 504 244 576 Hebion
269 506 352 589 fuit,
379 506 552 578 Cerintho
582 530 653 576 nou
680 507 718 575 iu
748 508 845 577 omni
875 514 976 599 parte
1005 528 1151 577 consen-

96 624 198 705 ticus,
226 623 325 715 quod
351 647 374 694 a
398 622 479 693 Deo
506 624 604 693 dicat
629 622 814 706 mundum,
844 645 916 693 non
942 622 987 692 ab
1017 622 1151 717 angelis

95 741 261 822 factum
304 748 345 809 et
378 741 463 831 quia
495 742 666 832 seriptum
700 740 773 809 sit:
816 736 927 809 Nemo
962 738 1151 833 discopertus
1161 744 1313 806 Mat-ms-

94 880 198 950 super
224 856 442 953 moysaicum,
464 878 527 925 acc
551 878 667 926 aarum
691 878 796 949 super
812 853 1015 938 Dominum,
1032 855 1149 949 legem

69 989 171 1045 sesae
195 970 393 1041 alisatiam
416 969 509 1066 (sor.
528 970 644 1065 legem
672 979 711 1039 et
728 972 805 1063 jam
829 994 915 1054 esse,
933 971 1000 1042 vid.
1019 976 1149 1068 notam)

93 1088 274 1181 proponit,
309 1087 446 1158 scilicet
475 1088 520 1157 ad
555 1087 818 1157 excludendum
848 1088 1081 1181 evangelium,
1112 1097 1150 1160 ct

93 1205 352 1274 vindicandum
377 1202 613 1273 Judaismum.

141 1319 368 1391 Valentinus
400 1327 523 1389 autem
556 1320 746 1391 haereticus
786 1320 918 1391 multas
957 1322 1150 1393 introducit
1175 1326 1301 1377 CARV-

91 1437 257 1521 fabulas3
293 1436 359 1507 has
387 1459 455 1530 ego
484 1437 739 1508 circumcidens
767 1436 923 1506 breviter
952 1440 1149 1531 expediam.

51 1581 83 1619 ιο
92 1553 301 1624 Introducit
317 1554 414 1623 enim
436 1553 595 1645 pleroma
619 1563 658 1624 et
678 1575 794 1624 aeones
811 1554 977 1646 triginta:
1004 1555 1151 1647 exponit

90 1680 218 1742 autem
243 1671 313 1741 hos
338 1692 402 1763 per
425 1672 593 1763 syzygias,
615 1671 652 1740 id
677 1678 743 1752 est,
761 1671 1029 1763 conjugationes
1050 1692 1152 1763 quas·

90 1789 186 1859 darn.
216 1786 320 1857 Nam
337 1786 423 1857 dicit
440 1786 478 1854 in
493 1788 625 1878 primis,
639 1808 716 1857 esse
735 1784 879 1879 Bython
896 1795 934 1855 et
951 1785 1150 1871 silentium;

91 1929 136 1977 cx
170 1906 233 1975 his
267 1903 480 1997 processisse
514 1925 646 1986 semen,
675 1912 844 1986 mentem,
875 1911 913 1975 et
942 1905 1152 1989 veritatem3

89 2046 136 2093 ex
170 2021 310 2115 quibus
342 2021 499 2112 erupisse
532 2020 679 2090 verbum
709 2028 748 2090 et
779 2022 910 2093 vitam:
945 2022 990 2091 de
1024 2022 1152 2113 quibus

51 2160 237 2219 15rursum
260 2144 423 2208 creatum
448 2136 629 2208 hominem
653 2145 691 2209 et
709 2137 905 2209 ecclesiam.
958 2137 1030 2209 Sed
1055 2141 1151 2210 enim

90 2282 137 2329 ex
178 2256 241 2326 his
285 2275 428 2346 quoque
461 2255 670 2345 processisse
704 2255 892 2325 duodecim
926 2278 1067 2340 aeonas;
1106 2257 1152 2326 de

89 2395 262 2445 sermone
290 2378 412 2440 autem
441 2378 480 2439 et
507 2372 590 2453 vita,
619 2394 739 2442 aeonas
768 2370 856 2441 alios
885 2372 1029 2443 decem:
1060 2372 1152 2443 banc

89 2515 169 2563 esse
200 2510 352 2559 aeonum
378 2488 607 2571 triacontada,
634 2511 711 2581 quae
741 2488 783 2558 fit
812 2490 850 2559 in
879 2488 1075 2582 pleromate
1104 2512 1151 2559 ex

89 2607 270 2703 ogdoade,
305 2612 345 2674 et
378 2602 521 2685 decade,
556 2626 599 2675 ac
636 2605 852 2676 duodecade.
919 2604 1151 2676 Tricesimum

47 2734 220 2797 mantem
247 2742 404 2802 aeonum,
429 2718 573 2813 Bython
603 2719 706 2791 illum
729 2723 849 2794 videre
872 2722 1034 2805 voluisse,
1053 2730 1090 2792 et
1107 2722 1152 2791 ad

90 2840 295 2912 ridendum
316 2835 420 2906 illum
441 2858 567 2907 ausum
592 2859 669 2909 esse
694 2838 732 2907 in
752 2840 932 2933 superiora
947 2836 1154 2931 pleromatis

90 2956 350 3029 conscendere.
402 2952 452 3023 Et
471 2954 639 3046 quoniam
665 2956 711 3026 ad
738 2956 1021 3051 magnitudinem
1044 2955 1154 3047 ipsius

91 3072 293 3144 videndam
334 3092 447 3161 capax
489 3092 562 3140 nou
599 3070 679 3155 fuit,
717 3074 756 3143 in
792 3072 991 3144 defectione
1034 3072 1152 3155 fuisse,

94 3201 135 3263 et
155 3211 268 3284 poene
296 3186 506 3258 dissolutum
536 3209 623 3271 esse,
647 3189 716 3260 nisi
741 3190 825 3282 quia
848 3189 976 3261 missus
1000 3190 1044 3261 ad
1070 3212 1155 3260 con-

48 3304 356 3397 25stabiliendum
396 3301 499 3373 illum
541 3302 612 3387 ille,
651 3308 778 3398 qucm'
800 3305 982 3400 appellant
1016 3305 1153 3391 Horon,

91 3424 345 3495 confirmasset
381 3418 484 3489 illum
524 3420 621 3491 dicto
652 3420 749 3505 Jao;
788 3421 856 3493 hoc
890 3420 983 3519 (for.
1023 3422 1152 3495 dolend.

94 3542 168 3610 vid.
204 3545 346 3629 notam)
377 3538 617 3629 pronuntiatio
651 3537 817 3632 appellat.
882 3539 998 3610 Istum
1032 3550 1153 3612 autem

94 3678 242 3727 aeonem
276 3656 315 3723 in
353 3654 593 3726 defectionem
627 3654 720 3751 (sor.
756 3656 970 3751 defectione)
1018 3659 1153 3729 factum

95 3770 310 3843 Achamoth
335 3770 424 3840 dicit
445 3770 484 3840 in
505 3773 725 3863 passionibus
750 3773 912 3844 desiderii
943 3770 1154 3866 quibusdam

48 3888 221 3970 30fuisse,
238 3895 276 3958 et
292 3909 341 3956 ex
365 3887 586 3979 passionibus
603 3891 769 3960 materias
786 3890 947 3961 edidisse.
1000 3890 1155 3984 Expavit

97 4005 209 4085 enim,
225 4004 352 4097 inquit,
379 4011 418 4073 et
443 4004 622 4088 extimuit,
645 4013 683 4076 et
708 4007 936 4077 contristatus
962 4013 1027 4088 est,
1053 4014 1155 4078 etex

98 4120 158 4190 his
191 4121 418 4215 passionibus
459 4123 622 4214 concepit
655 4132 693 4193 et
728 4123 850 4194 edidit.
931 4120 1028 4192 Hinc
1069 4121 1156 4193 fecit

100 4238 226 4311 coelum
245 4249 285 4312 et
302 4246 442 4310 terram
459 4245 497 4307 ct
513 4260 623 4322 mare,
634 4247 673 4309 et
690 4240 809 4309 omnia
825 4260 1055 4331 quaecumque
1072 4246 1157 4309 sunt
1263 4308 1268 4317 ,
