2867 4817
292 293 336 356 42
647 293 680 360 S.
704 289 908 357 CYRILLI
931 289 997 354 ET

290 468 398 540 homo
433 489 574 562 quoque
604 487 650 540 ex
680 468 799 540 anima
826 474 992 539 constans
1024 472 1064 535 et
1096 486 1243 558 corpore
1274 487 1345 535 non

292 583 436 677 duplex,
453 583 516 655 sed
537 583 656 676 potius
678 605 771 654 unus
792 591 848 656 est
869 605 915 654 ex
939 590 1104 674 utroque.
1156 579 1347 651 Humanas

293 707 433 795 ergoet
455 699 591 772 divinas
614 701 759 793 insuper
780 721 885 770 voces
911 699 957 770 ab
975 721 1048 770 uno
1071 698 1214 769 Christo
1232 697 1348 768 dictas

293 815 614 888 animadvertentes
643 823 740 888 recte
769 817 952 888 sentimus.
1013 815 1108 886 Cum
1136 815 1233 885 enim
1265 813 1349 885 Deo

195 936 263 985 div·
294 931 498 1025 dignissime
514 932 671 1025 loquitur
694 933 740 1004 de
763 932 898 1025 seipso:
925 927 997 1022 Qui
1022 955 1075 1002 mc
1089 929 1188 1014 cidit,
1204 929 1298 1001 cidit
1317 939 1374 1008 ets

196 1099 238 1133 ‚„
294 1045 461 1119 Patrem:
487 1055 520 1119 et
544 1071 603 1146 eqo
628 1057 660 1120 et
686 1045 797 1119 Potor
818 1071 927 1120 anam
942 1071 1070 1131 manao,
1088 1048 1246 1119 divinam
1268 1047 1349 1140 ejus

293 1163 535 1258 intelligimus,
549 1163 834 1257 ineffabilemque
844 1174 1018 1248 naturam,
1029 1162 1225 1235 secundum
1238 1183 1350 1255 quam

292 1301 404 1351 unum
427 1289 482 1352 est
499 1303 579 1352 cum
600 1279 707 1351 Patre
731 1303 807 1366 suo,
823 1287 968 1374 propter
983 1302 1092 1351 unam
1112 1281 1351 1371 eamdemque

201 1406 218 1454 i·
292 1397 535 1481 substantiam,
554 1397 671 1492 imago
694 1405 734 1468 et
756 1397 947 1481 character,
964 1396 1200 1491 splendorque
1221 1395 1350 1490 gloriae

292 1511 368 1604 ejus
384 1514 552 1584 existens.
592 1513 686 1584 Cum
703 1535 787 1585 vero
804 1513 971 1584 humanae
988 1522 1127 1585 naturae
1142 1535 1349 1584 mensuram
1362 1539 1401 1580 ιο

197 1624 255 1673 ·’ῑῑ·
293 1627 495 1700 nullatenus
525 1627 740 1700 inhonorans
768 1629 912 1700 Judaeos
942 1627 1144 1721 alloquitur,
1170 1652 1264 1700 acac
1292 1651 1349 1699 mc

292 1745 450 1840 gumtis
483 1744 637 1818 occidam
669 1744 840 1817 homiaem
866 1745 928 1840 qui
960 1746 1137 1818 ceritatem
1170 1742 1264 1816 cobis
1296 1742 1349 1816 lo-

292 1870 389 1934 catus
415 1883 515 1942 sam:
556 1861 645 1932 item
679 1883 753 1933 non
785 1863 904 1933 minus
932 1885 1026 1945 eum,
1056 1862 1117 1956 qui
1151 1862 1189 1932 in
1222 1860 1350 1932 simili·

292 1979 416 2050 tudine
433 1985 471 2048 et
487 1977 694 2071 aequalitate
715 1977 832 2050 Patris
848 1986 914 2062 est,
933 1977 1053 2050 Deum
1069 1978 1218 2050 verbum
1234 1979 1350 2050 etiam

291 2095 328 2164 in
343 2095 518 2166 mensuris
534 2092 766 2165 humanitatis
783 2095 859 2187 ejus
880 2094 1114 2189 agnoscimus.
1166 2092 1206 2165 Si
1222 2103 1398 2191 autem15

291 2210 487 2282 necessario
503 2210 660 2282 creditur
676 2211 772 2303 quod
788 2218 917 2282 natura
939 2209 1040 2282 Deus
1056 2212 1214 2283 existens
1230 2211 1353 2284 factus

291 2327 338 2398 sit
357 2347 449 2410 caro,
465 2327 539 2397 imo
560 2327 679 2420 potius
701 2327 811 2398 homo
833 2327 1011 2398 animatus
1027 2328 1147 2398 anima
1170 2325 1350 2413 rationali,

290 2465 369 2538 qua
385 2465 491 2516 causa
506 2451 562 2515 est
584 2451 627 2514 ut
649 2444 687 2514 in
704 2443 781 2536 ejus
803 2443 955 2537 quilibet
977 2443 1124 2516 vocibus
1146 2444 1350 2529 erubescet,

291 2561 397 2632 siens
420 2559 565 2632 homine
587 2560 711 2654 dignes
728 2557 856 2631 effatus
878 2559 958 2632 esti
983 2559 1091 2644 Quod
1115 2561 1145 2631 si
1167 2583 1351 2634 sermones

290 2675 427 2749 homini
446 2685 681 2772 congruentes
703 2675 837 2769 abjicit,
858 2677 967 2770 juxta
987 2699 1053 2748 nos
1071 2677 1253 2748 hominem
1268 2677 1350 2750 lieri
1361 2717 1401 2758 20

290 2793 370 2887 quis
399 2793 541 2888 coegit?
579 2793 672 2864 Cum
703 2814 788 2863 vero
809 2815 849 2864 se
881 2802 1027 2886 propter
1055 2816 1120 2865 nos
1148 2794 1194 2864 ad
1223 2795 1350 2865 exina-

290 2911 465 2982 nitionem
482 2917 712 3003 spontaneam
724 2909 998 2981 misericorditer
1014 2908 1220 2995 inclinaret3
1237 2933 1349 3003 quam

291 3025 339 3096 ob
361 3046 505 3097 causam
530 3025 655 3119 dignos
684 3024 926 3097 exinanitione
951 3047 1130 3098 sermones
1156 3025 1347 3120 effingeritl

294 3141 369 3214 Uni
391 3143 500 3236 igitur
522 3163 682 3235 persone
706 3149 853 3213 cunctas
875 3143 953 3235 ejus
969 3142 1008 3212 in
1031 3142 1216 3238 evangelio
1239 3166 1346 3216 voces

292 3259 533 3342 adscribimus,
551 3259 613 3329 uni
630 3257 880 3342 subsistentiae,
898 3259 997 3330 verbi
1019 3257 1157 3331 scilicet
1173 3268 1210 3331 et
1233 3262 1347 3332 incar-
1358 3293 1375 3334 2
1378 3291 1396 3353 5

293 3376 378 3458 nati,
412 3374 496 3467 quia
528 3397 620 3445 unus
660 3381 715 3445 est
750 3372 927 3446 Dominus
958 3373 1064 3448 Jesus
1098 3374 1270 3460 Christus,
1303 3397 1348 3454 ut

132 3521 143 3556 1
207 3507 276 3586 :yut
296 3492 468 3585 scriptum
484 3497 551 3561 est.
597 3487 832 3584 Appellatum
856 3513 939 3562 vero
956 3492 1157 3584 apostolum
1175 3502 1213 3564 et
1229 3495 1349 3587 ponti·

205 3587 239 3620 ¹'
295 3607 399 3678 ficem
434 3606 661 3678 confessionis
694 3614 827 3678 nostras
866 3614 1050 3701 tamquam
1090 3609 1348 3682 sacrificantem

295 3723 375 3794 Deo
405 3732 443 3794 et
471 3722 570 3794 Patri
597 3722 680 3794 fidei
707 3732 840 3794 nostrae
869 3724 1136 3809 confessionem,
1160 3735 1199 3798 et
1222 3750 1301 3821 quse
1326 3750 1350 3799 a

293 3838 395 3910 nobis
422 3839 488 3932 ipsi
518 3847 556 3910 et
588 3861 651 3932 per
678 3839 794 3932 ipsum
825 3837 905 3910 Deo
938 3848 978 3912 et
1007 3839 1106 3912 Patri
1132 3842 1350 3914 incessanter
1357 3875 1397 3935 30

294 3953 460 4038 offertur;
496 3957 626 4027 iterum
653 3978 737 4026 eum
762 3956 923 4040 dicimus,
951 3958 1084 4049 quiex
1107 3957 1187 4029 Deo
1215 3967 1272 4031 est
1293 3981 1350 4032 se-

294 4072 450 4142 cundum
463 4079 626 4146 naturam
639 4069 750 4144 Filius
761 4073 1350 4169 unigenitus3nechominipraeter

294 4211 378 4260 eum
401 4187 503 4261 alteri
527 4187 712 4262 sacerdotii
730 4211 862 4262 nomen
884 4200 922 4262 et
944 4191 1100 4263 officium
1123 4193 1348 4286 deputamus.

133 4314 220 4364 ¹Tim·
233 4314 266 4364 ur.
296 4305 427 4382 Factus
444 4314 499 4378 est
516 4307 610 4378 enim
628 4305 803 4379 mediator
820 4306 890 4380 Dei
906 4316 944 4380 et
962 4310 1157 4393 hominum,
1170 4317 1209 4382 et
1225 4333 1349 4382 recon-
