2867 4817
267 272 300 339 vi
671 273 919 345 LECTORI.

268 494 354 549 esse
374 471 527 578 poterit
554 484 628 550 aut
648 472 808 568 veritae,
827 484 901 553 aut
924 474 1066 570 virtus,
1087 474 1130 553 id
1149 502 1317 582 quoque

269 612 439 721 egimus,
469 628 518 695 ut
546 643 597 695 ex
627 614 704 697 hoc
733 617 1020 724 praetantium
1047 645 1219 726 operum
1246 619 1317 700 de-

268 754 379 839 lectu
399 756 560 868 liquido
575 771 727 869 pateat,
746 761 849 869 quid
869 761 922 844 de
942 763 1188 845 auctoritate
1208 764 1317 845 sedis

270 901 482 999 Romame,
521 917 671 985 cuncta
714 903 791 985 sibi
836 906 1095 1001 vindicanti&
1133 907 1318 988 sanxerit

267 1045 505 1155 antiquitas.

321 1192 445 1275 Certe
465 1194 508 1273 in
534 1194 677 1302 primis
699 1191 860 1276 saeculis
884 1192 1210 1303 haudquaquam
1234 1194 1316 1276 ori·
1385 1186 1389 1196 ’

266 1336 392 1419 entali
421 1330 496 1418 aut
521 1338 645 1419 etiam
670 1336 913 1419 occidentali
939 1336 1119 1420 ecclesiae
1145 1338 1315 1448 placuit,

265 1496 314 1564 ut
341 1481 542 1564 Romanae
563 1482 744 1565 eoelesiae
774 1480 839 1564 vel
863 1483 1093 1564 dominatio
1121 1484 1164 1563 in
1191 1496 1312 1565 caete-

264 1655 403 1709 rarum
429 1626 567 1726 fidem,
586 1627 652 1710 vel
681 1627 923 1708 immunitas
949 1629 1001 1709 ab
1027 1656 1164 1709 errore
1193 1630 1311 1737 quasi

263 1802 288 1853 a
322 1772 413 1854 Deo
446 1800 634 1855 concessa
667 1773 979 1854 attribueretur.
1038 1772 1312 1882 Quaecunque

262 1918 374 1998 enim
404 1945 516 1999 nune
549 1930 659 2013 sunt,
689 1916 755 2000 vel
788 1944 974 2025 unquam
1003 1918 1188 2015 fuerunt,
1211 1923 1310 2029 jura

262 2062 406 2173 primae
444 2062 552 2145 sedis
585 2090 632 2145 ac
669 2061 895 2172 privilegia,
929 2062 1068 2144 omnia
1106 2090 1154 2145 ea
1192 2062 1312 2145 nullo

259 2206 341 2289 alio
375 2207 453 2289 niti
482 2208 757 2290 fundamento
792 2220 942 2317 praeter
975 2220 1181 2289 vetustam
1213 2238 1311 2292 con-

260 2353 526 2435 suetudinem
555 2365 599 2434 et
627 2352 842 2461 synodicas
871 2351 1198 2449 constitutiones»,
1229 2355 1310 2436 ori-

260 2496 410 2579 entalis
458 2496 604 2578 saltem
654 2496 824 2580 ecclesia
872 2498 1092 2579 statuebat.
1172 2498 1309 2580 Immo

259 2654 373 2724 totus
401 2643 510 2724 orbis
539 2643 583 2723 in
612 2638 787 2724 concilio
816 2634 990 2724 Nicaeno
1016 2644 1113 2752 jura
1142 2644 1307 2725 nonnisi

257 2815 309 2869 ex
338 2788 465 2870 veteri
495 2815 609 2869 more
638 2798 728 2869 orta
757 2787 893 2870 eidem
926 2786 1025 2882 sedi,
1052 2785 1193 2869 aliisve
1221 2816 1306 2869 ma-

253 2934 414 3044 joribus
451 2930 641 3028 ecclesiis,
680 2930 877 3014 adscribit
887 2942 913 3010 ⁸.
985 2930 1044 3013 Et
1082 2943 1307 3040 quantum-

256 3106 423 3187 cunque
443 3076 520 3159 sibi
545 3075 745 3159 honorem
765 3105 818 3159 ex
843 3075 1120 3186 amplitudine
1138 3090 1303 3189 aposto-

255 3222 391 3307 lorum
412 3222 527 3307 Petri
546 3235 590 3304 et
610 3222 742 3319 Pauli,
754 3222 827 3331 qui
844 3220 1055 3304 ecclesiam
1073 3222 1304 3306 Romanam

256 3366 556 3467 stabiliverunt,
576 3366 691 3450 urbis
720 3367 866 3450 Romae
886 3367 1062 3477 episcopi
1091 3368 1168 3449 sibi
1196 3396 1305 3451 com-

255 3513 500 3623 paraverint,
519 3511 584 3593 his
604 3523 756 3609 tamen,
770 3512 913 3624 judice
932 3510 1107 3595 concilio
1121 3510 1303 3621 generali

254 3654 593 3755 Chalcedonensi,
613 3655 672 3737 διὰ
689 3656 732 3737 τὸ
744 3654 952 3753 βασιλεύειν
965 3654 1031 3756 τὴν
1045 3654 1156 3735 πόλιν
1168 3657 1302 3754 ἐκείνην

253 3809 284 3882 oi
303 3803 451 3907 πατέρες
469 3802 610 3886 εἰκότως
628 3801 877 3883 ἀποδεδώκασι
900 3800 946 3881 τὰ
971 3808 1147 3905 πρεσβεῖα
1162 3796 1188 3882 b.
1233 3800 1299 3882 Ex

403 4094 415 4123 ⁸
430 4086 559 4153 Oenone
574 4086 673 4151 Sexto
689 4088 828 4152 Nicaeno.

404 4189 420 4235 ¹²
435 4189 564 4257 Uarrone
578 4189 725 4255 vicesimo
739 4198 853 4256 octavo
868 4189 1126 4256 Chalcedonenai.
