2867 4817
308 314 352 378 ἦ
641 311 1021 378 ANNOTATIONES

307 484 526 570 μαρτυ[ρύσας]
545 486 689 567 ἐπορεύθη
705 488 747 551 είς
761 484 814 548 τὸν
828 486 1060 585 όφετλ[όμενον]
1077 487 1172 549 τόπον
1190 489 1241 563 τῆς
1255 484 1360 563 δόξης.

308 593 377 655 cap.
392 593 424 656 5.
464 570 525 634 His
547 592 689 656 apponas
713 571 787 635 Divi
810 570 905 635 Lucae
921 573 1023 635 locum
1043 594 1077 635 in
1096 572 1187 635 Actis
1201 573 1363 653 Apon-

309 655 344 735 ἓξ
356 658 391 736 ἧς
409 658 610 742 (ἀποστολῆς)
632 656 751 737 παρέβη
769 655 893 730 Ἰούδας,
917 662 1096 740 πορευθῆναι
1120 660 1163 724 είς
1183 656 1238 720 τὸν
1260 658 1362 720 τόπον

307 743 361 807 τὸν
375 747 460 807 ίδιου.
475 743 495 805 i.
511 762 562 826 25.
601 742 760 807 Caeterum
774 742 886 807 melius
904 744 1037 808 vertisse
1055 766 1096 808 ne
1115 742 1242 807 dubites
1256 764 1361 827 παρα

307 851 378 892 rum
411 830 621 913 interpretum
651 829 819 914 Polycarpi
855 829 1034 915 Anglicum‚
1067 829 1254 893 wilfridum
1283 829 1361 893 cle-

307 921 462 993 mentem,
479 916 575 979 verba
589 918 670 997 παρὰ
688 920 729 1000 τῷ
750 918 857 1000 Κυρίῳ,
873 917 947 980 initi
965 916 1013 981 tie
1031 917 1126 994 Lord,
1141 916 1230 999 opud
1246 916 1361 978 Domi-

306 1024 388 1079 num,
413 1024 507 1086 quam
529 1000 604 1064 olim
626 1001 758 1066 Gavium
779 1009 813 1066 et
836 1002 1003 1079 Wakium,
1026 1003 1079 1088 qui
1102 1001 1285 1084 habentiy
1305 1002 1362 1066 sko

307 1088 402 1165 Βανά,
415 1111 435 1153 ο
446 1089 586 1165 Domino,
603 1088 663 1151 nisi
677 1088 782 1173 legero
795 1088 829 1151 hi
843 1088 960 1153 vellent
970 1093 1052 1170 παρὰ
1066 1095 1119 1152 τοῦ
1137 1090 1253 1167 Κυρίου,
1267 1089 1360 1172 quod

306 1175 416 1239 iecisse
430 1174 557 1239 videtur
571 1173 676 1238 Vetus
692 1174 862 1259 Inter-pres
897 1174 1120 1239 Clementsonc
1135 1180 1243 1238 autem
1254 1175 1359 1238 inter-

307 1260 390 1346 preti
413 1282 497 1324 nunc
519 1260 657 1324 addendi
682 1268 757 1325 sunt
783 1260 821 1325 cl.
837 1261 1021 1339 Ohevallier,
1047 1262 1100 1347 qui
1126 1260 1358 1339 recentissime,

307 1353 404 1431 atque
418 1346 576 1425 Elborow,
592 1347 645 1432 qui
660 1346 781 1432 primns
791 1347 931 1410 omnium
947 1348 1117 1433 Polycnrpi
1132 1346 1301 1432 epistolam
1320 1348 1361 1411 in

308 1433 476 1519 Anglicam
501 1432 640 1519 linguam
666 1433 773 1497 vertit.
827 1432 909 1497 Deni
932 1456 972 1497 ue
997 1434 1036 1498 de
1062 1456 1129 1520 prce
1171 1433 1286 1497 sitione
1311 1438 1361 1501 eir

306 1519 531 1584 consulendum
553 1520 600 1584 ait
625 1518 830 1583 Heinichium
854 1521 898 1583 ad
952 1520 1096 1584 usebinm
1159 1519 1215 1583 Ἔα
1238 1519 1285 1583 ΙΙ.
1298 1538 1355 1605 25.

307 1604 516 1670 Jacobsonus.

350 1692 387 1755 P.
404 1694 451 1755 18.
467 1692 486 1755 l.
499 1713 528 1756 2.
552 1692 610 1756 ὑπὸ
631 1696 684 1755 τοῦ
704 1696 788 1757 Θεοῦ
806 1691 993 1777 ἀναστάντα]
1019 1691 1095 1756 Ὑπὸ
1110 1697 1162 1755 τοῦ
1181 1697 1263 1756 Θεοῦ
1278 1695 1358 1755 ἅνα-

307 1778 429 1851 στάντο,
453 1800 491 1843 ox
515 1778 644 1842 Eusebii
666 1784 700 1842 et
723 1777 892 1863 Nicephori
915 1778 1076 1854 citatione,
1101 1799 1177 1841 nam
1198 1787 1272 1863 post
1293 1780 1360 1843 ὑπὸ

307 1866 454 1929 Graecum
470 1864 626 1941 Salmasii,
643 1886 705 1949 quo
719 1864 769 1927 nsi
784 1886 901 1941 sumus,
917 1865 1024 1929 deficit
1041 1887 1100 1929 nos
1115 1865 1284 1949 exemplar,
1301 1866 1360 1929 hic

307 1949 1360 2123 subtututttefflssdttttttttt{Studet

307 2124 551 2188 constructionis
564 2122 706 2207 requiret
721 2122 815 2187 ratio.
847 2122 943 2186 Unde
960 2123 1201 2208 Metaphrastes
1213 2124 1261 2207 (in
1273 2124 1361 2189 Vita

308 2210 442 2295 ignatii)
457 2210 629 2273 ἀναστάντα
651 2208 683 2272 in
707 2210 829 2285 ereio,
845 2217 879 2272 et
903 2208 1038 2273 Rufinus
1058 2211 1225 2273 rmrrocit
1246 2209 1278 2272 in
1296 2232 1360 2275 suo

307 2295 354 2359 ita
368 2296 500 2360 retinuit
516 2295 651 2371 [ταῦρος
676 2301 713 2358 nt
728 2295 814 2373 illud,
830 2295 887 2358 ὑπὸ
902 2300 954 2359 τοῦ
970 2301 1062 2368 Θεοῦ,
1076 2319 1098 2359 α
1112 2297 1188 2373 Deo,
1203 2304 1239 2361 ut
1250 2296 1361 2361 minus

308 2403 378 2445 cum
393 2404 431 2447 eo
446 2382 616 2459 cohaerens,
633 2388 766 2466 uterque
781 2381 1029 2467 praetermiserit.
1055 2382 1167 2446 Ussnn.
1211 2382 1361 2447 Vocibus

307 2468 364 2531 ὑπὸ
374 2472 427 2531 τοῦ
436 2468 616 2532 absolutum
628 2474 678 2532 est
687 2468 804 2531 codicis
814 2467 991 2532 Florentini
999 2468 1217 2554 apographum
1224 2468 1360 2533 Vossio-

308 2554 579 2628 Dodwellianum3
604 2553 717 2617 deinde
732 2554 875 2639 sequitur
888 2554 920 2618 in
936 2553 1005 2639 ipso
1020 2554 1138 2630 codice,
1153 2555 1247 2619 nullis
1257 2556 1360 2620 inter-

308 2639 429 2725 positis,
445 2663 520 2726 pars
531 2640 672 2725 epistolae
682 2638 840 2703 Bnrnabae
855 2662 876 2703 a
889 2640 992 2704 verbis
1007 2640 1067 2703 illis
1083 2641 1115 2704 in
1130 2663 1202 2725 pag.
1219 2662 1268 2726 13.
1280 2642 1360 2706 edii.

307 2728 467 2805 Menardi,
494 2726 571 2791 λαὸν
600 2727 654 2790 τὸν
680 2725 768 2789 κενὸν
795 2726 927 2810 (καινὸν)
955 2726 1126 2805 ἑτοιμάζειν.
1170 2728 1360 2793 Communis

308 2821 416 2879 nutem
427 2821 477 2878 est
486 2812 645 2877 codicibus
659 2812 826 2896 Polycarpi
838 2812 957 2875 Graecis
969 2812 1077 2877 hiatus
1087 2812 1157 2877 iste.
1189 2815 1267 2895 Quae
1278 2837 1360 2879 vero

308 2901 451 2985 subjecta
463 2907 537 2964 sunt
551 2899 652 2963 codici
661 2898 830 2975 Vaticano,
841 2920 879 2962 ea
889 2898 1024 2983 protulit
1032 2898 1056 2962 J
1057 2900 1244 2978 ocobsonus,
1256 2910 1360 2985 prout

308 2986 382 3050 olim
402 2986 547 3063 Vossius,
562 2984 729 3064 Ἐπιστολὴ
747 2985 891 3065 Βαρνάβα
905 2991 958 3048 τοῦ
978 2987 1150 3049 ἀποστόλου
1170 2987 1361 3067 συνεκδήρου

309 3076 435 3137 Παύλου
450 3079 502 3136 τοῦ
517 3075 602 3154 ἁγίου
618 3074 799 3135 ἀποστόλου.
825 3070 864 3133 In
876 3071 952 3135 edit.
967 3071 1119 3157 principe,
1129 3072 1194 3136 sive
1210 3072 1360 3137 Hallcix-

308 3159 330 3221 ii
354 3158 416 3234 illa,
432 3164 537 3222 totum
562 3157 668 3221 deficit
692 3158 753 3221 hoc
773 3158 950 3220 membrum
969 3157 1122 3221 orationis
1144 3161 1193 3221 καὶ
1217 3158 1252 3223 δι’
1280 3160 1361 3239 ἡμᾶς

309 3244 366 3309 ὑπὸ
380 3250 433 3307 τοῦ
448 3249 529 3309 Θεοῦ
545 3242 727 3316 ἀναστάντα,
742 3243 846 3306 verius
860 3244 1077 3308 ἀνασταθέντα.

354 3330 390 3393 P.
410 3332 459 3393 18.
476 3330 495 3392 l.
511 3330 540 3392 8.
556 3330 829 3393 mansuetudinem
843 3329 970 3392 Domini
979 3330 1138 3414 alterutri]
1159 3330 1211 3393 Sic
1224 3330 1361 3396 Halloix

310 3423 343 3481 et
353 3416 459 3481 Faber
469 3415 666 3500 Sta-pulensis
677 3416 767 3499 (edit.
777 3415 923 3499 princeps
934 3415 1065 3497 Latina)
1076 3424 1110 3480 et
1120 3417 1165 3480 sic
1173 3417 1242 3479 cod.
1255 3416 1359 3482 Laur.

312 3507 382 3588 (seu
398 3503 555 3583 Florent.)
574 3501 661 3565 Libri
676 3502 766 3587 impr.
783 3501 938 3566 omittunt
952 3503 1090 3565 Domini.
1116 3502 1140 3566 J
1142 3526 1281 3565 soonson

355 3589 435 3653 Ibid.
452 3589 472 3651 l.
488 3606 537 3651 αα.
570 3588 605 3651 Si
631 3588 700 3672 quis
722 3610 784 3651 non
807 3588 999 3652 abstinuerit
1023 3610 1057 3652 se
1078 3589 1120 3652 ab
1142 3589 1287 3665 avaritia,
1314 3592 1360 3654 ab

311 3676 490 3741 idololatris
505 3673 785 3760 coinquinabitur]
819 3674 883 3738 Hic
897 3674 1024 3758 quidem
1039 3675 1130 3739 facile
1149 3676 1218 3739 visu
1233 3684 1292 3752 est,
1308 3699 1360 3741 re-

311 3763 430 3847 spicere
445 3762 654 3847 Polycarpum
669 3763 711 3826 ad
726 3761 863 3845 apostoli
878 3761 981 3824 locum
994 3760 1027 3823 in
1039 3761 1180 3847 Ερίοτοίο
1194 3762 1240 3825 od
1249 3763 1362 3828 Ooioss.

312 3850 355 3913 iii.
371 3868 403 3934 5.
430 3850 608 3929 Νετρύσατε
631 3848 782 3925 οῦν-τὴν
800 3849 988 3926 πλεονεξίαν,
1008 3848 1070 3925 ἥτις
1093 3849 1177 3911 ἐστὶν
1192 3852 1358 3914 εἰδωλολα-

310 3939 401 4019 τρείο.
434 3936 509 3999 vec.
535 3933 656 4018 Interp.
680 3934 751 3997 Lat.
771 3934 957 4016 Mortificate
981 3934 1268 4018 erno-avaritiam,
1289 3958 1362 4034 pnoe

312 4032 353 4087 ost
366 4022 598 4086 simulacrorum
611 4022 760 4093 scroitns;
778 4020 909 4084 sednon
922 4042 1014 4103 aeque
1028 4020 1128 4084 facilis
1139 4028 1188 4084 est
1199 4023 1360 4105 expositio

312 4108 396 4172 vocis
410 4109 570 4185 πλεονεξία
584 4107 632 4171 vel
649 4107 735 4192 apud
754 4106 944 4191 apostolum,
960 4105 1008 4169 vel
1026 4108 1111 4192 apud
1132 4106 1358 4193 Polycarpum.

314 4194 395 4259 Haec
417 4194 489 4257 olim
514 4194 632 4257 notavi.
678 4194 726 4256 At
746 4213 821 4256 vero
846 4214 929 4255 nunc
955 4193 1061 4277 posuit
1087 4217 1157 4278 quae
1180 4201 1361 4278 sequuntur

312 4279 523 4357 Jacobsonns,
542 4280 718 4342 “Graeeum
737 4278 804 4341 sine
823 4277 919 4341 dubio
939 4286 972 4341 ot
995 4278 1047 4341 hic
1068 4288 1101 4343 et
1120 4280 1212 4356 infru,
1229 4281 1269 4343 si
1288 4283 1361 4366 quie
