2867 4817
283 297 346 361 lm
634 294 978 361 'l'ERTULLlANI

280 472 517 556 seductionem,
550 470 735 545 seeundum
770 470 990 545 traditionem
1019 470 1206 557 homimem,
1240 497 1333 568 prae·

281 599 337 662 ter
358 590 616 685 providentiam
641 589 794 683 Spiritus
818 589 951 660 Sancti.
1005 588 1137 661 Fuerat
1159 588 1332 676 Athenin

281 718 319 779 et
343 709 450 779 istam
472 708 680 801 sapientiam
705 706 908 791 humanam,
935 705 1187 779 affectatricem
1212 716 1250 779 et
1279 710 1333 778 in-

282 824 544 919 terpolatricem
569 824 737 908 veritatis,
762 824 807 894 de
832 824 1076 919 congressibus
1098 832 1254 908 noverat,
1278 826 1333 917 ip·

282 966 358 1015 sam
375 964 515 1035 quoque
531 942 569 1011 in
589 963 668 1012 suas
688 940 842 1013 haereses
862 940 1136 1035 multipartitam
1159 944 1359 1023 varietates

166 1067 247 1115 uvi·
282 1068 459 1131 sectarum
478 1059 632 1130 invicem
654 1060 939 1153 repugnantium.
992 1060 1089 1145 Quid
1109 1084 1194 1155 ergo
1214 1059 1333 1131 Athe-

280 1176 337 1246 nis
361 1185 399 1247 et
425 1174 707 1270 Hierosolymis?
744 1173 840 1259 Quid
866 1176 1055 1249 academias
1080 1188 1119 1249 et
1148 1176 1331 1248 ecelesia?

281 1293 377 1378 Quid
402 1294 579 1367 haereticis
601 1303 641 1364 et
661 1292 893 1367 Christianis?
925 1294 1061 1365 Nostra
1085 1293 1262 1366 institutio
1284 1295 1331 1365 de

281 1412 425 1505 porticu
437 1410 637 1483 Salomonis
653 1420 728 1481 est:
755 1409 870 1503 quiet
893 1410 968 1501 ipse
985 1409 1188 1491 tradiderat,
1207 1406 1333 1477 Domi-

168 1581 207 1596 ..
282 1552 368 1599 num
394 1529 433 1599 in
457 1526 676 1623 simplicitate
701 1526 816 1599 cordis
839 1548 917 1597 esse
937 1524 1179 1618 quarendum.
1218 1524 1333 1596 Vide-
1348 1550 1383 1591 ro

282 1646 353 1717 rint
389 1648 450 1739 qui
484 1646 658 1729 Stoicum,
691 1654 730 1715 et
764 1644 999 1725 Platonicum,
1033 1650 1071 1713 et
1104 1640 1332 1713 dialecticum

282 1762 590 1835 Christianismum
606 1761 841 1856 protulerunt.

333 1880 450 1953 Nobis
467 1882 670 1952 curiositate
687 1902 776 1971 opus
799 1902 870 1949 non
891 1887 945 1949 est
967 1884 1047 1971 post
1065 1874 1247 1947 Christum
1269 1876 1333 1947 Je-

281 2022 372 2082 sum,
397 2022 464 2070 neo
487 1999 714 2091 inquisitione
740 2007 821 2091 post
847 1992 1085 2089 evangelium.
1138 1993 1229 2064 Cum
1256 2018 1333 2065 ore-

281 2117 408 2199 dimus,
431 2114 519 2186 nihil
545 2116 785 2185 desideramus
810 2112 904 2184 ultra
926 2114 1080 2183 eredere.
1132 2110 1213 2181 Hae
1234 2113 1330 2182 enim
1345 2133 1380 2191 ις

280 2234 377 2328 prius
399 2233 585 2314 oredimus,
601 2254 674 2301 non
696 2253 774 2300 esse
797 2230 890 2321 quod
917 2228 1011 2301 ultra
1034 2229 1177 2300 eredere
1202 2230 1333 2301 deheu-

281 2373 371 2421 mus.
422 2348 541 2422 Venio
565 2350 687 2441 itaque
716 2348 762 2418 ad
792 2346 893 2419 illum
924 2348 1125 2431 articulum,
1155 2371 1261 2441 quem
1293 2358 1331 2419 et

283 2468 393 2538 nostri
427 2466 655 2559 praetendunt
688 2463 734 2534 ad
774 2464 965 2535 ineundam
1006 2466 1257 2549 curiositatem,
1293 2473 1332 2535 et

280 2584 444 2658 haeretiei
477 2581 657 2655 inculcant
694 2581 740 2652 ad
779 2583 1038 2674 importandam
1076 2582 1330 2653 curiositatem.

150 2736 165 2768 a
205 2718 247 2767 vra
285 2701 467 2794 Scriptum
517 2707 581 2783 est,
633 2700 809 2791 inquiunt,
861 2696 1015 2788 Quoerite
1064 2707 1096 2769 et
1140 2697 1330 2769 invenietis.
1343 2724 1382 2763 20

284 2817 436 2903 Quando
461 2817 553 2890 hano
578 2838 701 2887 vocem
730 2815 905 2887 Dominus
929 2816 1057 2899 emisit,
1084 2816 1332 2901 recordemur;

282 2946 371 3030 puto
406 2937 444 3005 in
472 2935 637 3027 primitiis
665 2934 750 3027 ipsis
784 2934 955 3004 doetrinae
985 2956 1071 3017 suae,
1102 2956 1183 3004 oum
1214 2933 1332 3004 adhue

282 3054 505 3125 dubitaretur
527 3051 620 3144 apud
643 3072 777 3133 omnes,
794 3074 840 3121 an
861 3049 1023 3121 Christus
1043 3060 1156 3122 esset:
1187 3058 1225 3121 et
1247 3074 1333 3122 oum

150 3200 165 3232 a
189 3181 256 3231 ari·
283 3170 400 3241 adhue
421 3192 488 3240 neo
515 3167 643 3239 Petrus
667 3167 770 3238 illum
794 3167 863 3240 Dei
890 3167 1021 3240 Filium
1044 3169 1332 3263 pronunciasset3

118 3251 152 3299 ¹¹·
283 3311 366 3358 eum
400 3287 509 3356 etiarn
542 3284 699 3355 Joannes
733 3286 778 3355 de
812 3285 874 3361 illa
908 3294 1026 3357 oertus
1060 3310 1136 3358 esse
1171 3286 1331 3359 desisset·
1344 3310 1378 3369 2⁵

119 4016 179 4065 lruc.
192 4015 241 4063 xri.

283 3402 418 3475 Merito
448 3424 532 3496 ergo
562 3409 649 3471 tunc
677 3402 814 3473 dietum
844 3412 908 3485 est,
940 3400 1094 3493 Qumite
1120 3412 1152 3474 et
1182 3404 1333 3477 inuenie-

282 3521 350 3591 tis:
377 3520 518 3613 quando
539 3520 751 3611 quaerendus
771 3520 887 3591 adhuc
909 3528 994 3603 erat,
1012 3523 1072 3613 qui
1094 3522 1210 3593 adhuc
1231 3526 1333 3617 agni-

282 3652 341 3712 tus
356 3664 428 3712 non
446 3646 532 3721 erat,
549 3646 588 3708 et
610 3638 677 3709 hoc
701 3648 874 3732 quantum
897 3638 942 3709 ad
964 3638 1122 3711 Judaeos.
1167 3638 1227 3710 Ad
1251 3640 1333 3712 illos

281 3760 376 3831 enim
400 3761 556 3852 pertinet
578 3768 676 3829 totus
701 3780 816 3827 sermo
843 3756 1100 3851 suggillationis
1129 3757 1240 3839 istius,
1270 3760 1331 3851 qui

281 3878 461 3950 habebant
482 3878 544 3949 ubi
571 3884 771 3970 quaererent
797 3873 999 3947 Christum:
1029 3872 1177 3958 Habent,
1202 3876 1331 3968 inquit,
1343 3900 1380 3956 30

282 3994 432 4090 Moysen
465 4004 497 4067 et
529 3992 682 4078 Helium,
716 3994 753 4064 id
787 4002 852 4074 est,
888 3992 1023 4087 Legem
1061 4002 1100 4065 et
1135 3992 1333 4087 Prophetas

283 4112 464 4184 Christum
503 4114 755 4206 praedioantes:
803 4111 998 4181 seeundum
1033 4112 1126 4204 quod
1167 4122 1206 4181 et
1246 4111 1332 4182 alibi

118 4256 191 4304 ran.
204 4271 228 4302 v.
282 4239 424 4322 aperte3
462 4228 688 4311 Sanetomini,
727 4228 852 4321 inquit,
888 4226 1100 4324 Scripturas,
1136 4229 1173 4299 in
1209 4227 1334 4323 quibus
