2867 4817
290 287 355 355 360
542 291 775 357 FIRMIANI
799 293 1072 364 LACTANTII

288 475 363 536 tam
390 468 625 538 neeesmrium
653 469 699 540 ad
729 469 892 556 salutem,
922 497 1028 567 quam
1056 474 1176 546 Deum
1209 501 1334 574 agnos-

288 607 368 656 cere
397 591 438 654 ut
467 594 660 676 parentem,
690 591 847 660 venerari
876 597 919 659 ut
948 589 1155 674 Dominum,
1185 595 1333 688 ejusque

286 702 358 796 legi
384 709 447 771 aut
472 699 565 797 (sor.
592 711 630 773 et
653 699 800 796 Dabis.)
830 709 1013 800 praeeeptis
1042 709 1294 803 obtemperare
1305 714 1332 804 ἓ)
1432 719 1433 768 l

287 820 486 889 nescierunt
502 842 586 913 ergo
599 820 777 911 justitiam
798 822 1008 917 philosophi,
1025 828 1108 918 quia
1127 849 1197 898 nee
1215 831 1332 922 ipsum

288 934 407 1006 Deum
422 946 650 1030 agnoverunt,
667 961 734 1010 nee
756 941 893 1012 cultum
914 943 990 1034 ejus
1015 943 1205 1038 legemque
1230 957 1334 1018 tenu·

288 1061 399 1135 erunt,
425 1063 463 1122 et
486 1053 567 1123 ideo
591 1053 705 1124 refelli
734 1066 928 1148 potuerunt
953 1083 976 1128 a
1004 1058 1198 1144 Carneade,
1232 1065 1334 1154 eujus

284 1169 358 1239 haee
371 1169 439 1238 fuit
449 1169 642 1263 disputatio
652 1169 771 1260 (Geni.
786 1169 868 1245 Diu.
881 1171 969 1246 Iasi.
983 1175 1029 1247 V.
1042 1173 1131 1270 16.):
1151 1184 1173 1216 ‘⁶
1187 1177 1330 1249 nullum

287 1297 306 1326 ‘⁶
319 1308 394 1357 esse
416 1289 478 1378 jus
504 1287 685 1372 naturale;
714 1290 836 1383 itaque
864 1313 986 1362 omnes
1014 1295 1226 1377 animantes,
1258 1299 1334 1389 ipss

284 1413 305 1445 ⁶‘
321 1403 475 1472 dueente
497 1410 635 1486 natura,
652 1403 839 1473 commoda
865 1427 928 1474 sua
948 1403 1160 1489 defendere;
1186 1418 1227 1478 et
1252 1409 1333 1482 ideo

283 1532 305 1564 ‘⁶
315 1521 502 1616 justitiam,
518 1519 547 1589 si
564 1518 687 1590 alienis
702 1520 916 1591 utilitatibus
938 1520 1099 1604 consulit,
1116 1544 1201 1594 suas
1218 1527 1335 1621 negli-

283 1648 306 1680 ‘⁶
323 1639 387 1732 git,
421 1635 609 1707 stultitiam
644 1658 720 1705 essa
754 1637 948 1708 dicendam.
999 1636 1105 1719 Quod
1138 1639 1170 1710 si
1204 1662 1336 1714 omnes

284 1767 304 1796 ‘⁶
321 1753 452 1848 pepuli,
474 1775 582 1846 penes
607 1777 693 1846 quos
716 1755 764 1824 sit
788 1755 984 1846 imperium,
1000 1755 1137 1847 ipsique
1160 1753 1334 1842 Romani,

284 1883 305 1914 ‘⁶
321 1873 382 1965 qui
398 1871 520 1942 orbem
531 1878 650 1940 totum
661 1871 890 1963 possederint,
901 1871 1077 1963 justitiam
1089 1873 1191 1964 sequi
1204 1873 1333 1958 velint,

283 1999 304 2032 ‘⁶
320 2013 362 2061 ae
379 2011 482 2060 suum
504 1987 631 2078 cuique
651 1988 850 2070 restituere,
867 1988 961 2080 quod
978 1989 1012 2057 ri
1037 1997 1075 2058 et
1096 1990 1206 2060 armis
1223 2014 1333 2062 oecu-

284 2119 305 2148 “
321 2114 501 2200 paverunt,
518 2104 562 2173 ad
580 2126 676 2173 casas
688 2113 727 2173 et
743 2112 939 2197 egestatem
951 2113 1183 2175 revertentur.
1220 2107 1330 2191 Quod

284 2226 351 2295 “si
372 2224 532 2304 fecerint,
551 2220 670 2313 justos
691 2223 845 2313 quidem,
861 2222 923 2292 sed
944 2231 1065 2292 tamen
1084 2221 1215 2293 stultos
1230 2225 1332 2315 judi-

284 2353 306 2382 ⁶‘
322 2341 392 2413 cari
418 2359 561 2409 necesse
584 2346 648 2419 est,
674 2339 747 2430 qui,
766 2348 808 2407 ut
833 2337 909 2408 aliis
933 2339 1078 2430 prosint,
1103 2337 1170 2408 sibi
1197 2362 1329 2410 nocere

284 2469 304 2498 ‘⁶
321 2454 546 2528 contendant.
598 2451 746 2536 Deinde,
764 2457 793 2524 si
815 2455 967 2547 reperiat
989 2453 1114 2547 aliquis
1130 2455 1328 2538 hominem,

284 2587 304 2614 ⁶⁶
321 2575 381 2667 qui
404 2580 468 2642 aut
492 2593 617 2640 aumm
642 2595 706 2664 pro
731 2571 939 2654 aurichalco,
963 2582 1026 2643 aut
1047 2580 1235 2666 argentum
1261 2597 1327 2666 pro

282 2704 302 2732 ‘⁶
319 2689 464 2784 plumbo
481 2688 612 2758 vendat
627 2711 692 2780 per
706 2711 868 2770 errorem,
886 2697 994 2780 atque
1012 2689 1049 2758 id
1067 2711 1185 2760 emere
1202 2713 1327 2762 neees-

282 2819 303 2850 “
320 2809 403 2878 sitas
428 2815 541 2900 cogat,
558 2816 678 2875 utrum
704 2805 937 2875 dissimulabit
959 2815 996 2874 et
1022 2813 1117 2876 emet
1141 2827 1262 2897 parve,
1280 2831 1325 2878 an

283 2936 303 2964 ⁶⁶
315 2925 434 3017 potius
450 2920 642 2991 indicabit?
660 2919 699 2990 Si
717 2920 895 3003 indicabit,
906 2921 1025 3012 justus
1039 2922 1162 3012 utique
1173 2922 1324 3006 dicetur,

284 3053 304 3082 ⁶‘
321 3041 404 3134 quia
419 3061 491 3110 nen
503 3037 645 3120 fefellit3
662 3039 724 3108 sed
741 3039 836 3108 idem
853 3037 992 3120 stultus,
1005 3037 1064 3131 qui
1082 3037 1183 3108 alteri
1197 3039 1324 3112 feeerit

282 3168 303 3199 ⁶⁶
322 3158 469 3240 lucrum,
494 3154 559 3225 sibi
585 3155 763 3225 damnum.
815 3153 886 3225 Sed
911 3153 1014 3226 facile
1039 3156 1083 3225 de
1105 3155 1237 3226 damno
1256 3167 1323 3230 est.
1432 3157 1433 3184 ¹

282 3287 303 3317 ⁶‘
320 3273 441 3360 Quid?
471 3273 500 3342 si
525 3273 599 3341 vita
623 3271 698 3363 ejus
727 3273 765 3341 in
793 3271 989 3364 perieulum
1013 3272 1140 3354 veniet,
1166 3281 1209 3342 ut
1238 3297 1323 3345 eum

283 3404 305 3436 ⁶⁶
321 3413 463 3463 necesse
492 3391 538 3460 sit
572 3397 635 3459 aut
664 3389 822 3459 occidere
851 3398 914 3460 aut
942 3391 1042 3473 mori,
1069 3389 1154 3481 quid
1187 3389 1323 3462 faciet?

284 3520 305 3555 ‘⁶
321 3509 445 3580 Potest
473 3507 541 3576 hoe
570 3507 720 3588 evenire,
745 3516 796 3588 ut,
825 3506 1006 3600 naufragio
1035 3507 1137 3588 facto,
1162 3507 1322 3580 inveniat

283 3625 469 3718 “aliquem
489 3622 705 3693 imbecillem
729 3621 855 3693 tabulas
878 3622 1116 3704 inhaerentem,
1139 3632 1202 3692 aut
1225 3625 1320 3696 vieto

283 3755 303 3783 ‘⁶
320 3743 478 3812 exercitu
495 3741 642 3834 fugiens,
652 3740 803 3832 reperiat
818 3737 971 3831 aliquem
988 3739 1210 3809 vulneratum
1228 3763 1320 3832 equo
1432 3741 1433 3766 l

282 3870 303 3899 ‘⁶
319 3860 541 3940 insidentem,
567 3866 734 3926 utrumne
758 3865 819 3926 aut
847 3855 946 3926 illum
977 3856 1106 3939 tabula,
1135 3867 1198 3926 aut
1224 3856 1318 3927 hunc
1432 3919 1433 3942 ,

281 3985 303 4014 “
320 3998 411 4066 equo
435 3973 645 4056 deturbabit,
662 3981 704 4043 ut
726 3974 800 4065 ipse
820 3974 929 4065 possit
954 3972 1128 4044 evadere?
1159 3972 1197 4043 Si
1223 3973 1318 4044 volet

281 4093 432 4183 “justus
461 4115 548 4173 esse,
577 4114 647 4160 non
680 4091 808 4174 faeiet3
846 4090 908 4160 sed
942 4091 1035 4160 idem
1066 4090 1196 4162 stultus
1223 4093 1318 4183 judi-

278 4219 299 4246 ‘⁶
315 4207 462 4290 cabitur,
480 4208 551 4298 qui,
569 4208 654 4276 dum
670 4205 813 4276 alterius
830 4207 910 4276 vitae
930 4209 1168 4298 naisitanam
1187 4207 1315 4300 prodit.
