2867 4817
521 290 754 355 EPITOME.
1108 292 1173 363 8i9

122 473 220 537 cerat
247 465 377 552 Deum,
402 474 584 538 tantorum
614 464 866 537 beneficiorum
893 474 1086 550 auctorem,
1112 469 1174 559 qui

122 590 162 654 et
190 584 307 677 ipsum
336 583 424 655 fecit
448 583 622 653 mundum
647 589 792 675 propter
816 584 943 677 ipsum,
969 583 1073 675 cique
1099 583 1174 655 cul-

121 707 203 771 tum
236 709 275 772 et
307 700 481 773 honorem
517 699 680 769 debitum
717 699 892 771 redderet.
956 698 1028 771 Hic
1068 699 1174 773 Plato

120 816 320 890 aberravit:
357 818 417 888 hic
448 816 614 910 perdidit,
645 838 752 909 quam
782 818 937 909 primum
967 818 1173 911 arripuerat,

121 935 321 1019 veritatem,
334 956 445 1027 quum
462 935 508 1006 da
524 932 625 1005 cultu
642 934 719 1025 ejus
737 932 816 1016 Dei,
830 954 938 1026 quem
953 934 1174 1006 conditorem

120 1072 241 1123 rerum
266 1074 309 1123 ac
332 1058 518 1144 parentem
543 1049 734 1132 fatebatur,
764 1050 938 1133 obticuit;
971 1072 1037 1121 nec
1067 1049 1174 1121 intel-

120 1167 212 1239 lexit
236 1168 418 1239 hominem
437 1167 517 1238 Deo
541 1167 685 1260 pietatis
702 1164 852 1237 vinculis
874 1188 950 1238 essa
973 1165 1172 1262 religatum,
1237 1222 1263 1245 ,Δ

119 1284 218 1355 unde
249 1286 328 1377 ipsa
359 1283 483 1378 religio
515 1283 728 1367 nominatur,
759 1292 797 1353 et
830 1283 899 1354 hoc
937 1306 1014 1355 esse
1047 1281 1172 1367 solum,

119 1408 266 1494 propter
282 1400 377 1494 quod
393 1401 520 1471 animae
536 1398 755 1471 immortales
772 1399 870 1471 fiant.
914 1399 1033 1471 Sensit
1052 1409 1173 1472 tamen

120 1526 270 1589 aeternas
286 1539 382 1589 esse:
408 1516 470 1589 sed
487 1539 560 1589 non
576 1540 640 1610 per
655 1518 785 1611 gradus
802 1518 846 1587 ad
865 1539 944 1587 eam
959 1519 1172 1589 sententiam

120 1633 327 1718 descandit;
351 1634 545 1727 amputatis
567 1634 663 1702 enim
687 1633 824 1717 mediis,
843 1633 968 1703 incidit
992 1632 1112 1725 potius
1135 1635 1172 1703 in

120 1731 320 1834 veritatem,
337 1751 437 1843 quasi
453 1771 518 1842 per
540 1748 731 1842 abruptum
755 1748 898 1841 aliquod
915 1749 1170 1841 praecipitium:

120 1887 188 1936 nec
216 1864 366 1937 ulterius
389 1888 593 1959 progressus
618 1874 683 1949 est,
709 1866 877 1959 quoniam
900 1888 993 1949 casu,
1020 1888 1092 1935 non
1117 1888 1171 1937 ra-

120 1983 230 2065 tione,
247 2004 371 2053 verum
396 1982 589 2053 invenerat.
641 1980 821 2054 Colendus
845 1990 901 2053 est
926 1983 1035 2077 igitur
1060 1980 1169 2067 Deus,

120 2106 163 2171 ut
187 2120 251 2191 per
274 2097 493 2193 religionem,
511 2122 592 2191 quae
618 2099 744 2170 eadem
762 2100 905 2191 justitia
928 2106 993 2183 est,
1019 2100 1170 2193 accipiat

120 2212 229 2284 homo
254 2236 276 2284 a
303 2211 383 2285 Deo
413 2213 729 2297 immortalitatem,
751 2237 817 2285 nec
844 2224 899 2287 est
928 2213 1043 2286 ullum
1073 2214 1170 2287 aliud

120 2328 307 2422 praemium
334 2329 402 2422 piae
429 2331 581 2401 mantis:
619 2353 707 2423 quae,
738 2331 766 2401 si
791 2339 845 2401 est
874 2329 1067 2413 invisibilis,
1097 2354 1169 2402 non

120 2452 241 2539 potest
277 2445 323 2515 ab
355 2444 522 2515 invisibili
563 2444 652 2529 Deo,
691 2447 759 2519 nisi
798 2446 964 2518 invisibili
1005 2448 1169 2519 mercede

111 2563 254 2634 donari.

516 2676 625 2747 ΟΑΡ.
652 2678 775 2749 LXX.

172 2794 340 2866 Plurimis
368 2817 453 2867 vero
482 2796 699 2889 argumentis
730 2796 849 2891 colligi
876 2806 996 2890 potest
1023 2808 1170 2870 aeternas

120 2934 199 2985 esse
224 2910 369 2983 animas.
420 2909 525 2983 Plato
549 2912 611 2994 ait,
637 2913 733 3004 quod
760 2934 824 3005 per
850 2915 1006 3007 seipsum
1032 2938 1171 3007 semper

119 3036 295 3112 movetur,
311 3050 428 3120 neque
444 3027 656 3121 principium
667 3036 787 3099 motus
798 3027 918 3113 habet,
936 3031 1045 3101 etiam
1061 3029 1170 3102 finem

119 3169 194 3217 non
209 3145 362 3229 habere;
390 3144 549 3215 animum
572 3153 694 3215 autem
718 3144 872 3217 hominis
894 3169 958 3238 per
974 3168 1012 3217 se
1032 3170 1171 3240 semper

119 3262 267 3345 moveri,
297 3262 368 3354 qui,
401 3263 485 3354 quia
518 3263 565 3333 sit
597 3263 643 3332 ad
677 3262 905 3357 cogitandum
939 3262 1091 3347 mobilis,
1125 3266 1169 3335 ad

119 3379 375 3451 inveniendum
395 3377 515 3462 solers,
532 3378 577 3448 ad
600 3379 867 3471 percipiendum
893 3379 1016 3465 facilis,
1034 3381 1077 3451 ad
1101 3382 1171 3452 dis·

119 3496 277 3569 cendum
299 3516 423 3588 capax,
449 3502 488 3565 et
514 3496 598 3587 quia
622 3495 800 3589 praeterita
826 3503 956 3579 teneat,
982 3499 1171 3589 praesentia

118 3612 408 3705 comprehendat,
422 3611 543 3683 futura
558 3612 758 3704 prospiciat,
771 3613 1034 3706 multarumque
1051 3636 1169 3685 rerum

121 3736 161 3801 et
177 3728 309 3800 artium
325 3727 510 3799 scientiam
527 3727 795 3821 complectatur,
813 3729 1050 3802 immortalem
1072 3750 1169 3814 essc;

120 3846 297 3938 siquidem
324 3843 415 3916 nihil
444 3843 575 3916 habeat
603 3846 641 3915 in
668 3867 706 3914 se
737 3846 867 3916 terreni
897 3846 1061 3939 ponderis
1089 3845 1169 3919 labe

121 3970 338 4033 concretum.
390 3960 567 4032 Praeterea
595 3984 642 4031 ex
676 3961 807 4031 virtute
836 3984 877 4031 ac
907 3961 1089 4055 voluptate
1116 3965 1169 4033 in-

120 4076 297 4172 telligitur
323 4078 501 4150 eternitas
527 4078 662 4149 animae.
705 4072 893 4170 ⁴Voluptas
923 4078 1086 4149 omnibus
1116 4087 1171 4149 est

120 4194 323 4265 communis
356 4194 574 4276 animalibus,
608 4194 720 4264 virtus
758 4193 865 4264 solius
904 4200 958 4265 est
995 4194 1171 4277 hominis;

167 4328 243 4371 voa.
263 4328 303 4368 ιι.
625 4327 678 4390 3c
