2867 4817
280 337 346 399 814
657 334 690 397 S.
714 334 952 399 CYPRIANI

333 508 442 579 XIX.
470 508 688 603 Cogitemus,
723 506 849 578 iratres
883 508 1112 593 dilectissimi,
1146 509 1232 601 quid
1263 509 1337 579 sub

281 624 448 718 apostolis
481 626 606 697 feeerit
636 624 858 696 credentium
886 624 1048 718 populus,
1073 627 1214 718 quando
1239 625 1339 696 inter

281 742 357 834 ipsa
389 742 580 834 primordia
608 741 800 834 majoribus
830 742 1021 811 virtutibus
1049 764 1150 812 mens
1178 741 1336 835 vigebat,

282 858 422 949 quando
457 858 679 928 credentium
708 857 796 928 fides
831 878 923 926 novo
952 856 1069 927 adhue
1102 856 1186 927 fidei
1215 856 1337 929 calore

282 972 451 1045 fervebat.
503 973 694 1044 Domioilia
727 981 816 1044 tune
843 978 883 1042 et
911 973 1043 1065 predia
1069 973 1367 1057 venundabants

283 1098 320 1161 et
337 1090 606 1183 dispensandam
627 1090 841 1182 pauperibus
863 1089 1100 1181 quantitatem
1122 1087 1276 1161 libenter
1290 1112 1337 1161 ae

281 1203 426 1298 largiter
448 1205 615 1298 apostolis
636 1204 840 1287 offerebant,
857 1214 999 1275 terreno
1020 1205 1233 1297 patrimonio
1247 1226 1337 1275 ven-

282 1320 358 1389 dito
387 1328 496 1413 atque
522 1322 691 1391 distracto
717 1320 846 1391 fundos
875 1320 961 1390 illue
990 1320 1242 1391 transferentes
1269 1320 1335 1390 ubi

281 1434 417 1505 fruetus
451 1443 617 1530 saperent
646 1436 874 1529 possessionis
902 1443 1055 1519 oetemae,
1084 1434 1158 1505 illio
1191 1457 1337 1527 eompa-

282 1560 400 1623 rantes
424 1553 547 1623 domos
570 1553 633 1623 ubi
656 1552 852 1645 inciperent
869 1574 1009 1644 semper
1024 1552 1196 1622 babitare.
1237 1551 1335 1622 Talis
1349 1582 1393 1623 ιο

283 1675 369 1738 tune
395 1668 465 1738 fuit
489 1669 526 1738 in
553 1668 816 1761 operationibus
841 1665 1005 1738 cumulus
1029 1665 1142 1759 qualis
1164 1666 1202 1737 in
1226 1666 1336 1738 dilee-

282 1786 381 1855 tione
415 1806 614 1869 consensus,
651 1786 745 1856 siout
779 1783 931 1877 legimus
964 1784 1002 1853 in
1038 1783 1143 1855 Astis
1177 1782 1336 1878 Aposto-

190 1922 222 1971 a.
283 1900 417 1971 lomm:
457 1898 575 1973 Turba
598 1909 709 1972 autom
735 1922 853 1971 mm
876 1900 938 1994 qai
964 1897 1186 1972 erediderunt
1211 1902 1335 1972 aalma

283 2040 324 2089 ao
340 2026 449 2089 mente
470 2040 541 2089 una
564 2016 728 2115 opedani:
753 2040 815 2088 neo
826 2013 908 2113 suit
929 2016 1023 2087 iuter
1044 2014 1122 2088 ula
1146 2016 1335 2090 diser-imm

283 2132 403 2221 sillaim²
430 2158 491 2207 aee
515 2135 697 2230 quicquam
722 2158 825 2205 soom
840 2130 1046 2227 Jisdieabout
1067 2156 1113 2205 er
1136 2132 1234 2207 boam
1255 2160 1386 2231 quoers

283 2252 333 2322 eir
360 2260 467 2335 mont,
499 2250 560 2323 aad
574 2249 728 2347 suerunt
752 2248 824 2321 illie
852 2250 970 2321 ommis
993 2252 1199 2323 sommantio.
1251 2252 1335 2325 Hoo

284 2376 340 2438 est
366 2370 551 2439 nativitate
577 2368 725 2461 spiritali
750 2390 833 2439 vere
859 2366 929 2437 Dei
953 2367 1045 2439 filios
1070 2368 1157 2452 fieri,
1184 2369 1253 2440 hoo
1278 2377 1335 2441 est

285 2482 364 2577 lege
390 2483 525 2555 ooelesti
550 2486 754 2577 equitatem
779 2483 849 2554 Dei
875 2482 991 2554 Patris
1020 2483 1161 2555 imitari.
1212 2486 1335 2569 Quod-

284 2621 424 2691 ounque
442 2602 537 2669 enim
555 2599 625 2669 Dei
641 2608 706 2683 est,
719 2600 758 2669 in
772 2606 893 2669 nostra
904 2601 1132 2693 usurpatione
1143 2622 1335 2674 oommune

285 2724 350 2801 est,
380 2738 446 2786 noo
475 2718 660 2809 quisquam
688 2740 711 2787 a
739 2714 920 2786 benefieiis
949 2716 1025 2809 ejus
1057 2725 1097 2787 et
1129 2718 1335 2789 muneribus
1345 2744 1385 2783 πο

285 2841 434 2915 ametur,
452 2855 523 2925 quo
546 2834 663 2903 minus
687 2854 793 2903 omne
814 2829 1011 2902 humanum
1036 2854 1149 2927 genus
1173 2833 1335 2905 bonitate

286 2973 327 3020 ae
344 2948 508 3043 largitate
531 2950 650 3020 divina
672 2948 857 3041 aequaliter
876 2948 1088 3040 perimatur.
1138 2948 1200 3021 Sie
1220 2974 1336 3043 {equa-

286 3064 368 3136 liter
396 3065 471 3135 dies
496 3064 683 3148 illuminat,
710 3064 763 3134 sol
787 3065 910 3149 radiat,
936 3065 1051 3136 imber
1073 3066 1176 3161 rigat,
1206 3076 1335 3139 ventus

286 3182 438 3273 aspirat3
464 3187 502 3251 et
525 3179 781 3251 dormientibus
803 3204 948 3253 somnus
964 3204 1057 3253 unns
1078 3191 1144 3266 est,
1160 3191 1199 3253 et
1215 3183 1336 3257 stella-

286 3317 366 3363 rum
389 3293 554 3388 splendor
576 3318 617 3366 ao
640 3294 737 3367 lunae
758 3298 956 3368 eommunis
977 3306 1043 3367 est.
1086 3298 1168 3383 Quo
1190 3298 1379 3391 aequali-25

286 3411 372 3480 tatis
412 3409 578 3504 exemplo
612 3412 673 3503 qui
708 3434 885 3503 possessor
917 3415 955 3484 in
988 3415 1091 3485 terris
1123 3416 1260 3487 reditus
1292 3438 1334 3487 ao

287 3526 422 3599 fruetus
451 3548 533 3597 suos
562 3550 644 3599 oum
673 3526 895 3599 fraternitate
923 3531 1085 3623 partitur,
1114 3532 1201 3603 dum
1231 3531 1334 3626 largi·

287 3643 443 3714 tionibus
458 3644 622 3736 gratuitis
638 3646 836 3717 eommunis
851 3648 1024 3739 sejustus
1040 3654 1105 3730 est,
1123 3646 1193 3719 Dei
1218 3646 1333 3719 Patris

287 3760 445 3831 imitator
461 3766 526 3829 est.

338 3876 428 3946 XX.
451 3874 543 3959 Quae
573 3875 635 3947 illa
657 3879 735 3960 erit,
759 3875 884 3949 fratres
909 3880 1088 3962 oadssimi,
1110 3878 1333 3972 operantium
1341 3912 1378 3969 30

287 3992 408 4087 gloria,
425 4014 532 4085 quam
548 3993 689 4086 grandis
706 4000 745 4064 et
759 4016 899 4066 summa
915 3994 1050 4080 laetitia,
1063 4018 1146 4067 oum
1163 3995 1335 4089 populum

287 4130 390 4179 suum
414 4105 590 4179 Dominus
611 4109 759 4202 ooeperit
781 4132 982 4195 recensere3
1007 4121 1046 4183 et
1068 4112 1204 4183 meritis
1226 4120 1333 4205 atque

288 4223 450 4316 operibus
477 4226 606 4296 nostris
633 4227 780 4318 praemia
809 4226 979 4321 promissa
1004 4230 1241 4312 contribuens,
1271 4252 1333 4323 pro
