2867 4817
303 284 366 350 346
403 348 408 357 ,
557 289 789 354 FIRMIANI
814 292 1084 359 LACTANTII

692 464 802 535 CAP.
829 466 950 540 XLV.
987 487 991 493 ’

353 586 519 658 Diximus
549 590 593 658 de
619 589 814 660 nativitate.
868 590 975 663 Nunc
1001 596 1046 664 de
1073 597 1207 668 virtute
1237 603 1351 693 operi-

303 706 438 797 busque
468 705 645 789 dicamus;
685 729 762 798 quae
790 730 873 777 cum
902 732 1031 803 magna
1062 712 1155 783 inter
1184 712 1352 787 homines

304 846 345 893 ac
374 822 545 893 mirabilia
580 823 721 905 faceret,
758 822 916 895 videntes
951 825 1014 896 illa
1047 825 1172 911 Judaei,
1210 834 1351 926 magica

304 941 463 1033 potentia
491 938 565 1009 fieri
595 939 778 1033 putabant,
806 940 1009 1033 ignorantes
1037 966 1080 1013 ea
1105 948 1237 1029 omnia,
1268 974 1350 1041 quae

304 1056 436 1127 fiebant
458 1057 562 1128 abeo
587 1056 754 1150 praedicta
772 1078 849 1127 esse
873 1080 895 1129 a
917 1058 1109 1152 prophetis.
1160 1062 1293 1157 AEgros
1313 1076 1351 1137 et

304 1174 400 1245 vario
420 1174 621 1244 morborum
644 1196 774 1267 genere
796 1173 1005 1269 languentes
1022 1200 1092 1247 non
1117 1179 1263 1250 medela
1287 1182 1351 1253 ali-

302 1314 381 1384 qua,
399 1291 459 1360 sed
478 1290 512 1359 vi
529 1312 570 1359 ac
587 1298 764 1382 potestate
781 1290 878 1361 verbi
896 1292 950 1362 sni
971 1294 1130 1385 protinus
1146 1294 1350 1381 roborabat,

303 1408 435 1479 debiles
452 1407 644 1488 resanabat,
662 1406 804 1478 claudos
821 1408 865 1478 ad
882 1432 1041 1503 gressum
1057 1410 1228 1503 erigebat,
1243 1416 1351 1485 coecis

304 1526 417 1595 visum
455 1523 672 1606 restituebat,
710 1525 819 1594 mutis
853 1524 1037 1617 eloquium*
1069 1527 1187 1610 dabat,
1222 1530 1351 1603 surdos

304 1642 490 1727 inauribat,
520 1639 672 1731 pollutos
699 1639 963 1735 maculatosque
995 1644 1178 1737 purgabat,
1210 1647 1351 1719 firriatis

305 1760 502 1829 daemonum
545 1755 686 1826 incursu
724 1768 882 1828 mentem
921 1761 1095 1853 propriam
1138 1766 1350 1854 reponebat,

304 1884 461 1946 mortuos
482 1883 544 1945 aut
561 1870 653 1968 (sor.
672 1883 709 1943 ct
732 1871 870 1965 Dacia.)
889 1876 964 1967 jam
988 1876 1146 1968 sepultos
1167 1880 1215 1949 ad
1237 1882 1350 1953 vitam

304 1993 490 2083 lucemque
520 1988 716 2059 revocabat.
778 1988 880 2061 Idem
910 1992 1065 2083 quinque
1091 1994 1206 2067 millia
1234 1998 1351 2069 homi-

304 2132 389 2179 num
416 2107 570 2200 quinque
591 2106 740 2198 panibus
762 2115 801 2175 et
823 2108 961 2179 duobus
985 2110 1138 2202 piscibus
1162 2118 1350 2187 saturavit

304 2225 407 2297 Idem
433 2246 537 2317 super
560 2244 657 2293 mare
683 2222 887 2294 ambulavit.
939 2224 1039 2297 Idem
1067 2228 1104 2297 in
1129 2240 1351 2324 tempestate

303 2341 468 2437 praecepit
485 2346 592 2410 vento
608 2346 649 2408 ut
669 2339 942 2430 conquiesceret,
960 2344 1151 2436 statimque
1175 2352 1352 2442 tranquil-

304 2460 384 2529 litas
407 2458 500 2528 facta
517 2465 591 2526 est:
618 2478 696 2547 quae
721 2456 839 2526 omnia
854 2467 893 2527 et
915 2458 952 2527 ln
968 2460 1220 2552 prophetarum
1238 2464 1349 2550 libris,

304 2592 341 2646 et
358 2577 394 2645 in
412 2572 624 2644 carminibus
647 2570 830 2665 Sibyllinis
851 2574 1019 2665 praedicta
1033 2576 1243 2649 invenimus
1289 2582 1350 2653 Ob

303 2692 381 2763 haec
422 2684 591 2760 miracula
628 2711 709 2758 cum
747 2686 792 2758 ad
830 2712 913 2759 cum
953 2713 1081 2784 magna
1119 2708 1349 2769 concurreret

302 2807 507 2888 multitudo,
530 2814 577 2887 et,
595 2812 636 2875 ut
657 2818 745 2889 erat,
762 2803 831 2875 Dei
853 2804 974 2889 filium,
992 2816 1031 2878 et
1052 2832 1074 2879 a
1097 2808 1177 2880 Deo
1196 2814 1349 2885 missum

303 2926 471 3008 crederet,
511 2921 635 3017 repleti
674 2922 806 2992 invidia
849 2926 1048 2995 sacerdotes
1084 2949 1126 2996 ac
1168 2930 1349 3023 principes

302 3043 519 3123 Judaeorum‚
552 3039 657 3111 simul
691 3041 743 3109 ira
775 3042 951 3123 concitati,
981 3044 1076 3135 quod
1105 3068 1230 3115 eorum
1264 3068 1348 3139 pec-

303 3171 382 3233 cata
404 3168 441 3230 et
465 3156 672 3251 injustitiam
696 3156 918 3251 coarguebat,
936 3159 1095 3229 coienmt
1112 3170 1153 3231 ut
1176 3184 1261 3232 eum
1287 3188 1348 3235 oc-

302 3280 469 3350 ciderent.
521 3274 624 3358 Quod
655 3274 813 3343 futurum
847 3284 930 3344 ante
963 3298 1073 3347 annos
1104 3276 1203 3348 mille
1236 3280 1346 3371 paulo

302 3394 451 3488 amplius
491 3392 657 3462 Salomon
695 3392 732 3460 in
771 3390 953 3483 Sapientia
990 3392 1050 3481 (iv.
1078 3398 1151 3488 12.)
1189 3418 1345 3487 pronun-

302 3513 455 3583 ciaverat
484 3510 538 3579 bis
568 3509 700 3579 verbis:
742 3506 1058 3581 Cirmmomiomuc
1080 3510 1226 3603 justam,
1261 3537 1344 3607 puo-

303 3630 397 3700 m'om
424 3627 576 3698 insuavis
601 3636 650 3697 est
674 3622 780 3708 nebia
808 3634 840 3695 et
868 3624 1053 3720 etprobrot
1080 3626 1177 3698 nodis
1200 3640 1343 3723 peccata

302 3744 395 3844 lepis.
446 3742 627 3815 Promittit
655 3740 831 3815 scientiam
857 3740 930 3814 Dei
954 3766 990 3813 ce
1016 3740 1147 3825 tabee,
1173 3752 1207 3815 et
1219 3744 1342 3838 filiam

303 3860 375 3934 Dei
400 3886 436 3933 sc
463 3861 627 3933 nominat.
678 3858 808 3931 Foetes
833 3868 882 3929 cst
910 3858 1007 3930 nobis
1027 3860 1067 3929 ia
1093 3858 1343 3935 traductionem

301 3980 544 4077 cogitationum
573 3986 780 4060 nostrorum,
803 3976 922 4074 procis
955 3986 1005 4047 est
1032 3974 1129 4049 nobis
1157 3979 1262 4050 eam
1297 3982 1346 4053 od

301 4090 493 4177 videtdom,
528 4093 688 4189 queniam
719 4090 900 4163 dissimilis
934 4102 982 4163 cst
1015 4090 1097 4163 atio
1130 4090 1201 4165 circ
1234 4094 1342 4181 illins,

297 4220 331 4280 et
354 4219 491 4280 mutotcr
515 4218 594 4281 mat
622 4210 688 4279 vr'oe
714 4208 819 4280 illius.
876 4208 1053 4304 Tanquam
1079 4234 1224 4307 nugaces
1248 4216 1343 4286 oertr'·
