2867 4817
268 314 333 382 29⁰
652 310 682 375 S.
705 310 945 377 CYPR1AN1

271 486 446 569 simulata,
477 486 572 569 ficta,
602 486 723 557 fricata
751 487 918 557 videntur
950 507 1029 557 esse
1056 506 1136 578 quse
1163 485 1326 557 dicimus

271 601 374 673 Nihil
408 601 551 695 prodest
587 602 705 673 verbis
743 603 911 695 praeferre
946 603 1117 673 virtutem
1147 610 1186 673 et
1221 602 1327 672 factis

270 722 455 791 destruere
488 718 687 790 veritatem.
740 717 925 811 Improbat
958 718 1111 809 denique
1143 717 1327 810 apostolus

272 834 404 906 Paulus
427 842 465 906 et
487 835 650 930 objurgat
668 842 706 905 et
731 834 853 928 culpat
876 836 989 926 siqui
1012 834 1267 905 contristentur
1286 835 1327 904 iu

109 978 117 1012 ι
230 964 263 1013 iv·
273 975 420 1023 excessu
437 974 601 1022 suorum:
627 948 808 1035 Nolumus,
830 952 957 1045 inquit,
974 950 1136 1048 ignorare
1154 974 1223 1033 cos,
1239 948 1355 1046 fro-5

271 1078 349 1153 tres,
374 1067 418 1140 de
445 1065 701 1151 dormientibus,
730 1076 769 1139 ut
797 1092 868 1140 noc
897 1067 1148 1139 contristemini
1174 1068 1264 1139 scus
1292 1076 1326 1139 ct

269 1186 386 1258 ceteri
403 1185 464 1281 qni
484 1207 577 1280 spem
598 1208 668 1256 con
688 1182 820 1256 habent.
870 1183 1024 1257 Sicorim
1045 1182 1217 1254 oredimus
1239 1184 1326 1278 qnia

267 1300 375 1374 Jesns
400 1310 555 1373 mortuns
580 1310 630 1373 eat
655 1310 687 1372 et
711 1301 914 1383 resarserit,
931 1301 983 1371 sic
1007 1309 1040 1371 et
1060 1297 1159 1371 Deus
1181 1323 1238 1371 eos
1262 1301 1326 1395 qai

268 1414 486 1488 dormierunt
511 1418 550 1487 in
574 1414 664 1488 Jesc
689 1416 834 1490 adducet
858 1441 934 1487 cum
959 1413 1028 1487 ilde.
1079 1414 1152 1487 Eos
1174 1417 1325 1488 contris·

268 1535 336 1604 tari
362 1535 450 1606 dicit
474 1536 512 1605 in
535 1557 683 1606 excessu
707 1558 852 1605 snorum
877 1536 937 1627 qui
961 1556 1061 1628 spem
1083 1556 1156 1604 non
1174 1532 1322 1605 hebent.
1338 1552 1379 1592 ¹0

268 1649 340 1732 Qui
368 1660 490 1722 antem
517 1674 579 1744 spe
604 1652 766 1735 vivimus,
792 1661 831 1721 et
857 1653 895 1722 in
921 1650 1042 1721 Deum
1068 1650 1256 1734 credimus,
1283 1661 1324 1722 et

268 1766 450 1838 Christum
466 1790 608 1860 passum
626 1790 702 1838 esse
719 1791 784 1861 pro
804 1768 907 1838 nobis
930 1777 970 1838 et
991 1767 1222 1838 resurrexisse
1238 1790 1325 1837 con-

266 1883 418 1967 fidimus,
436 1885 474 1954 in
495 1884 638 1954 Christo
659 1893 856 1968 manentes,
873 1892 912 1954 et
935 1905 1001 1977 per
1021 1884 1138 1975 ipsum
1159 1892 1268 1975 atque
1284 1884 1325 1953 in

266 2002 343 2093 ipso
374 2010 607 2094 resurgentes,
639 2002 724 2091 qnid
754 2009 818 2071 ant
846 2001 913 2093 ipsi
942 1997 1108 2069 recedere
1141 2000 1246 2069 istinc
1276 2000 1323 2070 de

266 2116 395 2186 saeculo
421 2115 597 2199 nolumus,
624 2126 686 2187 aut
711 2124 851 2186 nostros
876 2114 1084 2185 recedentes
1113 2116 1212 2206 qnasi
1241 2136 1375 2208 per-15

267 2232 359 2302 ditos
376 2232 577 2325 plangimus
594 2256 635 2303 ac
657 2232 828 2315 dolemus,
845 2233 922 2325 ipso
945 2230 1087 2301 Christo
1109 2229 1266 2301 Domino
1283 2241 1323 2303 et

171 2357 214 2407 -x'
270 2346 349 2417 Deo
375 2356 496 2418 nostro
526 2356 695 2419 monente
725 2372 767 2419 ac
797 2348 957 2420 dicente:
992 2345 1176 2444 Egestam
1204 2370 1322 2419 resur·

266 2463 374 2534 rectio
409 2472 441 2534 et
475 2463 556 2534 cito.
615 2462 686 2553 Qus
721 2462 831 2534 credit
863 2463 903 2534 in
936 2486 998 2546 me,
1028 2460 1107 2535 licet
1140 2464 1323 2554 moscus,

266 2578 377 2658 vicet:
411 2588 443 2650 et
468 2580 580 2650 omnis
606 2580 667 2675 qui
695 2581 837 2652 visitet
866 2578 976 2651 cedit
1004 2579 1044 2650 ic
1072 2603 1127 2651 me
1149 2602 1221 2651 non
1249 2603 1324 2652 mo-

267 2695 446 2766 uictoria
477 2696 679 2767 ceterum?
715 2697 754 2768 Si
787 2698 825 2766 in
859 2698 1042 2769 Christum
1074 2698 1260 2781 credimus,
1291 2699 1377 2769 sizo

269 2812 377 2883 fidem
396 2811 512 2884 verbis
535 2823 573 2884 et
598 2815 777 2906 promissis
794 2816 871 2907 ejus
892 2812 1075 2897 hebemus,
1092 2822 1131 2884 et
1156 2836 1229 2883 non
1245 2837 1325 2885 mo-

267 2929 378 2997 rimur
394 2928 432 2997 in
453 2936 640 3011 aeternum,
658 2930 703 2999 nd
725 2929 918 3013 Christum,
939 2952 1022 3000 curn
1044 2951 1116 3022 quo
1132 2937 1171 2999 et
1193 2930 1323 2999 victuri

268 3052 307 3114 et
337 3046 518 3138 regnaturi
547 3068 687 3140 semper
716 3068 848 3129 snmus,
877 3045 959 3118 laeta
988 3046 1178 3117 securitate
1203 3046 1325 3117 venia-

266 3182 359 3230 mus.
412 3160 518 3242 Quod
551 3162 695 3231 interim
724 3164 905 3245 morimur,
934 3163 979 3233 ad
1014 3161 1323 3233 immortalitatem

268 3285 384 3347 morte
401 3278 698 3370 transgredimur3
724 3301 791 3348 nec
813 3288 933 3372 potest
949 3280 1024 3349 vita
1044 3287 1180 3349 aeterna
1200 3300 1370 3366 succe-25

269 3394 363 3475 dere,
381 3394 448 3464 nisi
465 3394 548 3465 hinc
566 3397 756 3489 contigerit
772 3397 882 3467 exire.
933 3395 1021 3466 Non
1036 3405 1092 3467 est
1106 3396 1225 3466 exitus
1240 3397 1322 3479 iste,

269 3509 331 3579 sed
349 3512 529 3593 transitus,
547 3520 584 3581 et
605 3510 793 3603 temporali
815 3514 942 3584 itinere
959 3514 1107 3583 decurso
1123 3512 1169 3582 sd
1185 3520 1325 3585 oeterua

268 3634 515 3721 transgressus.
564 3627 653 3710 Quis
681 3650 754 3697 non
784 3629 829 3699 ad
858 3628 1006 3701 meliora
1034 3629 1202 3700 festinet?
1230 3628 1323 3714 Quis

268 3766 341 3813 non
362 3746 493 3815 mutari
521 3752 558 3814 et
584 3743 766 3815 reformari
790 3746 835 3815 nd
861 3744 994 3817 Christi
1021 3746 1187 3839 speciem,
1212 3755 1251 3817 et
1275 3748 1324 3819 sd

268 3858 421 3930 coelestis
454 3860 578 3954 gloriae
613 3862 824 3955 dignitatem
859 3864 979 3933 venire
1018 3864 1124 3933 citius
1161 3872 1322 3956 exoptet,
1331 3892 1371 3950 30

105 3986 251 4052 rnrrrppsn.
269 3973 381 4046 Paulo
399 3976 559 4069 apostolo
576 3978 794 4071 praedicante
817 3986 856 4048 et
871 3978 1035 4051 dicente:
1061 3976 1192 4049 Nostro
1208 3990 1323 4053 auem

267 4092 487 4176 maceratio,
506 4093 632 4185 inquit,
651 4092 690 4161 in
707 4090 801 4167 coedm
816 4101 875 4177 est,
893 4092 985 4165 unde
1001 4103 1033 4165 et
1052 4092 1246 4166 Dominum
1262 4121 1325 4167 cs·-

262 4214 439 4299 pectomus
459 4207 583 4279 Jcmm
609 4206 799 4293 Clu-istam,
826 4211 887 4304 qni
910 4208 1172 4307 transformabit
1197 4234 1339 4307 corpus·
