2867 4817
330 310 374 373 54
693 310 726 373 S.
748 310 1022 375 HIPPOLYTI

387 479 432 562 ti.
457 480 621 582 Ἴδωμεν,
644 486 693 567 ὡς
718 478 831 579 εἰπον,
853 482 920 584 τήν
947 485 1056 565 αὐτοῦ
1082 484 1299 589 αἰνατροπήν,
1318 483 1379 564 εἶθ

331 608 445 695 οὕτως
462 608 529 711 τήν
546 608 718 711 ἀλήθειαν
736 609 993 714 διηγησάμεθα.
1027 615 1149 713 Φήσίν
1161 610 1247 715 γὰρ·
1275 615 1382 693 Ἐκα-

330 742 462 821 πίασεν
481 738 675 841 Αἴγυπτος,
694 741 755 819 καὶ
779 737 932 844 ἐμπόρια
955 737 1150 838 Αἰθιόπων,
1167 744 1228 820 καί
1250 747 1284 820 οἰ
1303 746 1379 821 Σα-

331 871 450 968 βαείμ,
475 870 534 947 καί
562 864 609 946 roi
632 865 755 966 λοιπιί,
779 868 838 948 ἵνα
861 868 952 974 εἴπῃ,
978 867 1030 947 σὺ
1049 866 1122 972 γὰρ
1150 870 1171 947 ὁ
1199 867 1293 952 Θεὸς
1320 877 1382 948 τοῦ

332 995 487 1101 Ἰσραήλ
516 993 659 1100 Σωτήρ·
693 998 736 1075 οὐ
763 1003 856 1077 νοῶν
882 994 925 1075 τὸ
951 995 1217 1100 προειρημένον.
1247 994 1404 1077 irrisos

331 1124 402 1229 γὰρ
417 1122 628 1224 θελήσωσιν
640 1130 935 1227 πανουργεῐσθαι,
948 1122 1206 1228 περικάπτουσι
1219 1123 1284 1209 τὰς
1294 1160 1382 1229 γρα-

331 1252 415 1361 φάς.
474 1248 712 1354 Ὀλοκλήρωτ
731 1249 771 1330 δὲ
788 1249 930 1349 εἰπάτω,
949 1253 1007 1331 καί
1021 1250 1164 1356 εὑρήσει
1181 1251 1248 1352 τήν
1265 1256 1380 1333 αἰτίαν

330 1381 421 1487 πρὸς
438 1379 520 1459 τίνα
536 1376 691 1481 λέγεται.
749 1377 937 1482 Ἀνωτέρω
961 1377 1034 1481 γὰρ
1055 1375 1184 1482 μικρὸν
1206 1377 1301 1485 ἀρχὴ
1318 1388 1379 1459 τοῦ

330 1508 530 1615 κεφαλαίου
547 1505 727 1611 τυγχάνει,
746 1504 830 1587 ὅθεν
852 1511 907 1587 δεῖ
925 1504 1132 1614 ἀρξάμενον
1149 1507 1274 1613 δεῖξαι,
1291 1504 1379 1611 πρὸς

330 1640 410 1717 τίνα
428 1636 528 1739 λέγει
546 1637 605 1715 καὶ
622 1636 704 1739 περὶ
722 1636 831 1719 τίνος.
858 1635 994 1716 ι’ίνωθεν
1007 1632 1079 1738 γὰρ
1096 1636 1120 1735 ή
1137 1632 1231 1739 ἀρχὴ
1245 1643 1313 1715 τοῦ
1325 1668 1412 1715 tre-1<

331 1767 489 1874 φαλαίαν
513 1764 606 1843 τοῦτ’
632 1760 715 1868 ἔχει·
754 1760 991 1866 Ἐρωτήσατί
1013 1798 1060 1862 με
1082 1764 1265 1866 περὶτῶν
1297 1768 1378 1842 οἰῶν

329 1930 410 1995 μου,
424 1895 569 1973 καὶτῶν
583 1890 788 1995 θυγατέρων
797 1925 878 1990 μου,
889 1894 948 1971 καί
958 1898 1031 1971 τῶν
1041 1890 1156 1995 ἔργων
1167 1897 1240 1971 τῶν
1250 1899 1377 1997 χειρῶν

330 2056 401 2123 μου
419 2018 630 2102 ἐντείλασθί
642 2053 716 2119 μοι.
747 2016 819 2121 ἐγὼ
844 2021 998 2120 ε’ποιίγσα
1015 2024 1086 2121 γῆν
1108 2021 1168 2098 καί
1190 2018 1377 2121 ἄνθρωπον

330 2152 383 2231 ἐπ’
404 2152 522 2250 αὐτῆς.
550 2147 622 2251 ἐγὼ
640 2154 686 2254 τῇ
704 2149 799 2254 χειρί
812 2182 883 2248 μου
906 2147 1110 2252 ἐστερέωσα
1134 2146 1198 2225 τὸν
1214 2146 1373 2250 οὐρανόν.

330 2279 401 2383 ἐγὼ
418 2286 533 2359 πᾶσιν
551 2284 624 2363 τοῖς
642 2277 790 2380 ἄστροις
809 2272 1047 2377 ἐνετειλάμην.
1076 2272 1149 2376 ἐγὼ
1167 2276 1295 2379 ἤγειρα
1311 2277 1412 2371 ori-15

329 2406 405 2505 τὸν,
413 2409 554 2517 (Excidit
565 2402 656 2506 μετὰ
666 2404 923 2510 immeritem)
936 2408 994 2484 καὶ
1004 2411 1124 2485 πᾶσαι
1138 2410 1175 2483 αἱ
1184 2406 1260 2485 ὁδοὶ
1271 2407 1376 2485 αι’τοῦ

331 2538 470 2617 εὐθεῖαι.
492 2534 594 2617 οὗτος
608 2532 835 2635 οἰκοδομήσει
852 2532 919 2634 τήν
931 2533 1042 2614 πόλιν
1053 2567 1133 2633 μου,
1144 2534 1204 2612 καί
1220 2532 1287 2634 τὴν
1301 2540 1375 2637 αἰχ-

330 2663 524 2765 μαλωσίαν
542 2662 764 2769 ἐπιστρέψει.
785 2663 828 2741 οὐ
840 2659 931 2761 μετὰ
942 2659 1094 2766 λύτρων,
1108 2660 1188 2741 οὐδὲ
1200 2660 1292 2761 μετὰ
1304 2662 1372 2741 δαί·

329 2827 413 2896 ρων,
443 2787 539 2872 εἶπεν
573 2789 706 2895 Κύριος
738 2788 909 2886 Σαβαιίθ.
960 2788 1089 2875 Οὕτως
1117 2785 1212 2870 εἶπεν
1245 2789 1374 2893 Κύριοι

372 2986 430 3047 lv.
447 2984 615 3055 Videamus,
632 2997 667 3045 ut
686 2986 749 3045 dixi
764 3006 834 3045 corr.
876 2998 930 3057 est,
954 2986 1034 3046 unde
1051 2996 1169 3067 oportet
1191 2987 1320 3067 incipere
1338 2986 1372 3045 od

331 3067 518 3137 funtionem,
547 3066 653 3125 deinde
681 3068 833 3126 veritatem
875 3068 1038 3127 docendum
1053 3068 1100 3127 eui
1116 3079 1146 3127 et
1165 3067 1202 3127 de
1220 3088 1280 3145 quo
1295 3067 1371 3126 dicit.

331 3167 523 3228 exponemus.
544 3145 598 3205 Ait
606 3147 698 3206 enim:
715 3146 833 3207 ⁸Laio·
876 3148 1020 3227 Superius
1038 3149 1116 3209 enim
1134 3149 1309 3229 principium
1329 3168 1372 3207 ea-

331 3228 600 3307 ravitAEyyptur‚et
610 3235 773 3287 mercatura
781 3229 834 3286 AE·
875 3230 955 3305 pitis,
978 3230 1020 3288 sic
1037 3230 1141 3288 hebet:
1196 3230 1372 3304 interrogate

331 3309 467 3389 ιλίορνοι,
482 3316 508 3367 et
529 3307 649 3378 Sabain,
665 3320 695 3367 et
709 3328 774 3387 quoe
788 3328 833 3368 se.
874 3330 918 3367 me
934 3310 969 3368 de
977 3310 1058 3387 filiis
1074 3311 1144 3369 meir
1160 3320 1186 3369 et
1205 3311 1240 3369 de
1248 3310 1371 3387 filiabus

331 3401 463 3470 quuntur
476 3408 569 3467 usque
587 3388 624 3447 ad
644 3409 710 3448 eum
725 3390 832 3460 locum,
875 3391 953 3461 meir,
977 3400 1003 3449 et
1027 3392 1063 3450 de
1086 3392 1220 3470 operibor
1241 3412 1370 3448 manuum

331 3472 382 3533 ubi
399 3471 487 3530 dicit:
514 3470 559 3529 Tu
581 3491 611 3529 et
632 3468 715 3529 Deos
738 3470 836 3529 Israel
875 3492 1000 3529 νιτατιιοι
1009 3471 1229 3530 πιαιιιίαίιοιὶλί.
1245 3470 1371 3550 Egoseci

333 3553 476 3613 Salvator.
502 3550 575 3608 Haec
589 3550 701 3619 recitat,
714 3572 772 3609 non
787 3552 833 3609 in·
875 3561 994 3621 terram,
1010 3560 1035 3610 et
1050 3553 1185 3612 hominem
1202 3574 1290 3631 ιιιριτ
1303 3572 1369 3619 eom,

331 3633 465 3711 telligens
474 3628 552 3709 quod
561 3631 647 3769 prius
656 3631 767 3690 dietum
777 3641 832 3692 est.
874 3653 925 3707 ego
938 3654 1024 3691 manu
1043 3654 1104 3691 meo
1119 3634 1239 3713 firmavi
1253 3633 1368 3696 caium

331 3716 406 3773 Cum
426 3713 503 3771 enim
523 3730 561 3769 vo
572 3722 628 3770 unt
642 3711 787 3771 malitiose
801 3733 834 3772 ac
874 3734 925 3789 ego
935 3714 1071 3773 οιαοθαυί
1081 3716 1181 3784 ostris,
1193 3734 1243 3789 ego
1253 3711 1371 3773 excitavi

330 3794 398 3854 dolo
417 3793 493 3853 malo
510 3812 604 3871 ogere,
621 3792 833 3852 circumcidunt
875 3815 946 3863 eum,
966 3801 992 3851 et
1012 3814 1107 3853 omnes
1128 3796 1178 3855 οἱα
1199 3798 1263 3875 ejus
1284 3802 1369 3853 νοτία.

331 3874 505 3955 Scripturas.
543 3873 660 3933 Recitet
674 3884 772 3932 autem
787 3874 833 3931 in.
876 3874 1370 3952 Hieaedificabitcioitotemmeorn,rt

329 3968 420 4034 tegre,
432 3966 462 4013 et
475 3954 602 4034 reperiet
617 3974 731 4013 causam
743 3974 797 4033 pro
872 3955 1065 4035 captivitatem
1072 3957 1242 4017 reducetoon
1249 3976 1371 4035 cumpre-

329 4033 700 4114 terquomhaecdicuntur.
738 3976 833 4094 Patrio
873 4036 926 4106 oio,
942 4056 1031 4116 neque
1045 4058 1108 4095 οιιοι
1123 4038 1212 4109 bonis,
1227 4036 1368 4095 diseno

329 4117 406 4177 enim
422 4134 518 4194 supra,
533 4115 709 4195 principium
728 4116 833 4195 capitis
874 4116 968 4175 minus
978 4117 1115 4177 Sabaoth.
1141 4118 1192 4179 Sic
1200 4116 1370 4177 diritDomi·

540 4258 685 4311 *Enixln
701 4278 737 4323 ιφ
952 4264 1044 4313 bEnt.
1059 4264 1109 4313 xlv.
1125 4279 1162 4313 ιι.
