2867 4817
286 314 331 377 80
595 311 855 377 DEFINITIO
879 312 1017 378 FIDEI

286 491 435 565 πολῖται
456 483 538 587 ἄρτι
563 484 822 591 ι’ττογράψωσι·
856 484 1047 588 παρόντων
1068 488 1185 566 αὐτῶν
1201 486 1341 592 ἀρχόν-

286 645 370 709 των,
395 611 476 716 ἄρτι
505 610 763 720 ὑπογράψωσι·
793 610 839 693 τὰ
866 618 988 697 καλῶς
1013 613 1203 719 ὁρισθέντα
1228 614 1341 719 ὑπέρ·

286 744 390 820 θεσιν
413 739 463 839 μὴ
494 739 648 846 δέξηται.
681 741 771 840 αὕτη
796 740 819 839 ἡ
846 741 970 825 πίστις
998 747 1072 821 τῶν
1104 739 1342 825 ἀποστόλων·

285 866 398 972 ταύτῃ
420 864 552 951 πάντες
579 875 809 972 στοιχοῦμεν·
842 866 974 949 πάντες
999 869 1093 947 οὕτω
1124 875 1343 974 φρονοῦμεν.

287 1000 320 1075 oi
349 994 729 1098 μεγαλοπρεπεστατοι
758 997 817 1073 καὶ
846 992 1070 1101 ἐνδοξότατοι
1097 996 1269 1101 ἄρχοντες
1295 994 1369 1093 εἰς

286 1153 369 1203 πον·
399 1122 447 1202 τὰ
468 1120 569 1225 παρὰ
598 1128 670 1201 τῶν
694 1124 806 1225 ἁγίων
832 1119 996 1225 πατέρων
1022 1124 1246 1221 mosera,
1282 1129 1345 1205 καὶ

286 1257 402 1331 πᾶσιν
420 1248 612 1352 ἀρεσαντοι,
630 1253 726 1349 δῆλα
744 1254 788 1355 τῇ
807 1249 885 1355 θείᾳ
904 1247 1095 1350 γενήσεται
1113 1256 1270 1356 κορυφῇ.

288 1408 415 1470 Actione
429 1409 552 1481 Quinta.
574 1410 666 1489 Apud
681 1410 822 1477 Concilio,
838 1422 909 1469 tom.
921 1412 964 1469 11.
980 1432 1009 1490 p.
1019 1424 1090 1487 452·
1106 1411 1176 1471 edit.
1189 1410 1343 1471 Harduin.

365 1626 625 1711 SEQUITUR
649 1625 991 1701 CONSTITUTIO
1018 1627 1080 1699 ΕΤ
1107 1627 1259 1699 FIDES
1360 1696 1366 1705 .

499 1782 897 1841 CHALCEDONENSIS
919 1784 1124 1843 CONCILII.
1359 1813 1393 1850 ιο

302 1914 413 1979 Aelim
434 1911 667 1977 condidimus
692 1910 971 1997 Constantinopolis,
994 1932 1080 1977 ιιοοοι
1102 1914 1216 1991 Roma,
1242 1913 1326 1999 Ιιρίι.

321 2051 437 2126 (Groeca
450 2050 567 2114 hubent,
581 2048 680 2106 Ἀέτιοτ
692 2049 871 2121 όρχιδιόιιονοτ
884 2052 931 2119 nis
943 2050 1086 2123 ἁγιωτάτης
1099 2060 1313 2107 nevo-sarmoc-

692 2150 793 2203 πόλεως
808 2146 929 2223 ἀνέγνω.)

332 2252 456 2316 Ssncrs
482 2257 517 2314 et
541 2272 658 2337 magne
682 2250 870 2317 universalis
895 2252 1044 2337 synodus,
1069 2274 1140 2337 quae
1165 2254 1345 2319 secundum

288 2354 435 2441 gratiam,
452 2359 486 2417 et
507 2352 687 2417 sanctiones
705 2353 918 2438 piissimorum
939 2354 1258 2441 Christianorumque
1275 2358 1393 2445 Im-15

289 2464 473 2541 peratorum
494 2454 716 2533 Valentiniani,
734 2463 767 2521 et
792 2457 948 2522 Martiaui
968 2456 1189 2543 Augustorum
1211 2480 1344 2545 congre

289 2567 368 2645 gata
389 2560 476 2644 apud
490 2558 701 2635 (lhalcedona,
717 2560 918 2645 metropolim
939 2560 1099 2645 Bithyniae
1117 2561 1289 2645 provinciae
1301 2562 1345 2626 'in

288 2663 444 2747 martyrio
458 2669 577 2729 sanctoe
587 2662 738 2747 martyris
744 2662 940 2747 Euphemiae,
954 2663 1070 2729 statuit
1079 2663 1191 2729 subter
1203 2664 1344 2733 adnexa.

333 2766 481 2830 Βοιιιιιιιε
495 2773 613 2844 noster,
632 2774 666 2831 et
681 2764 829 2831 Salvator
844 2765 990 2831 Ohristus
1010 2766 1158 2831 notitiam
1178 2767 1253 2832 fidei
1268 2791 1344 2835 con·

192 2882 260 2930 aiv.
289 2868 419 2935 firmans
445 2868 606 2954 discipulis
629 2868 694 2932 suis
717 2868 774 2945 ait,
797 2869 914 2933 Pacem
936 2890 1034 2933 meum
1057 2870 1096 2933 do
1121 2868 1213 2950 οοόίι,
1231 2892 1395 2957 ροοοιιιιο

288 2993 384 3037 meam
405 2972 541 3058 relinquo
562 2970 652 3047 cobis,
676 2993 716 3035 ne
738 2970 820 3036 ullus
841 2993 862 3036 e
887 2972 1032 3057 proximo
1058 2994 1116 3037 suo
1140 2973 1283 3039 dissonet
1309 2975 1344 3039 in

280 3058 434 3141 'domnna
447 3075 588 3161 pietatis,
604 3076 660 3140 sed
674 3075 841 3162 aqualiter
854 3075 1114 3160 praedicationem
1130 3076 1277 3141 veritatis
1291 3098 1343 3141 os-

287 3180 412 3246 tendat.
458 3179 523 3244 Sed
538 3179 687 3265 quoniam
701 3201 765 3244 non
781 3178 914 3264 quiescit
932 3178 1142 3263 nequissimus
1157 3178 1278 3245 simnia
1291 3202 1343 3245 sa·

287 3283 428 3349 tionibus
444 3281 574 3368 pietatis
594 3282 783 3368 inspergere,
800 3281 873 3346 novi
895 3280 1016 3365 aliquid
1035 3288 1149 3345 contre
1170 3281 1343 3347 veritatem

287 3404 411 3467 semper
447 3382 617 3460 inveniens,
654 3381 696 3444 ob
732 3380 792 3445 hoc
830 3380 1014 3465 frequenter
1043 3380 1198 3446 Dominus
1231 3390 1391 3474 noster25

287 3485 454 3572 providens
474 3484 614 3548 humano
632 3482 740 3569 generi
763 3483 946 3566 piissimum,
966 3492 1000 3548 et
1019 3484 1236 3549 fidelissimum
1256 3484 1343 3570 prin-

287 3589 388 3675 cipem
416 3588 460 3652 ed
486 3588 586 3651 zelum
618 3586 693 3651 fidei
726 3584 901 3665 suscitavit,
935 3591 969 3650 et
999 3587 1138 3672 undique
1170 3588 1344 3652 sacerdotii

286 3692 443 3779 principes
471 3690 679 3756 convocavit:
715 3696 873 3775 quatenus
900 3689 1006 3775 gratia
1035 3690 1176 3753 omnium
1201 3690 1343 3757 Domino

286 3803 396 3861 nostro
419 3795 500 3860 Jesu
521 3794 649 3859 Christo
670 3799 824 3877 operante
848 3792 890 3857 ab
916 3792 1049 3857 ovilibus
1072 3792 1192 3857 Christi
1216 3800 1343 3878 pestem

286 3899 441 3963 mendacii
456 3898 668 3964 submoveret.
707 3894 800 3976 Quod
816 3894 943 3980 quidem
961 3893 1093 3959 fecimus
1112 3896 1271 3959 communi
1288 3896 1342 3960 de-
1352 3919 1392 3976 30

286 4010 374 4068 creto
388 4003 541 4089 dogmata
562 4000 710 4087 fugantes
730 3998 855 4077 erroris,
872 4005 906 4062 et
926 3996 1085 4084 integram
1104 4006 1234 4083 patrum
1249 4020 1342 4063 reno-

285 4106 426 4171 vavimus
435 4105 542 4178 fidem,
554 4109 772 4168 trecentorum
787 4102 896 4167 decem
910 4106 944 4165 et
958 4106 1031 4165 octo
1046 4100 1225 4187 symbolum
1239 4102 1342 4166 omni·

285 4210 345 4275 bns
373 4208 593 4295 praedicantes,
623 4214 657 4271 et
684 4221 838 4292 tanquam
864 4205 1058 4293 propinquos
1088 4206 1220 4292 pietatis
1244 4206 1342 4293 hujus
