2867 4817
294 341 358 409 roe
646 312 1003 414 rnnrunnmnr'

292 520 460 590 orationis
484 520 674 591 instmxit!
699 531 742 593 ut
759 532 839 616 post
855 521 1023 608 ooelestia,
1040 526 1077 595 id
1101 534 1156 596 est
1172 535 1253 619 post
1272 526 1343 599 Dei

292 660 432 719 nomen,
468 635 537 707 Dei
571 636 803 723 voluntatem,
834 649 872 711 et
903 640 972 711 Dei
1003 664 1161 735 regnum,
1193 644 1344 713 terrenis

291 777 432 847 quoque
449 756 718 827 necessitatibus
736 757 899 849 petitioni
913 754 1006 850 (sor.
1020 758 1208 853 petitione)
1221 757 1343 829 looum

291 871 443 941 iaceret!
480 868 577 942 Nam
606 881 645 942 et
669 873 830 943 edixerat
860 871 1035 944 Dominus
1059 873 1184 963 (Matt.
1202 875 1247 945 vi.
1266 878 1343 965 98.)

292 986 446 1077 Quoear'te
468 988 574 1083 priua
601 1012 754 1086 requam,
778 997 810 1060 et
835 996 915 1061 tuoe
943 988 1036 1061 oobtlr
1059 992 1161 1061 etiam
1184 987 1257 1062 luae
1279 988 1370 1071 orl-s

280 1104 460 1197 ficientes.
529 1104 754 1197 Quamquam
789 1125 914 1175 Panna
958 1126 1129 1179 Nasutum
1171 1126 1344 1185 adomm-

290 1242 398 1293 anun
427 1242 478 1292 na
504 1241 611 1294 noers
640 1242 765 1305 noma,
790 1222 994 1315 spiritaliter
1019 1224 1138 1317 potius
1163 1223 1343 1319 intelligo-

289 1362 379 1410 mus.
435 1339 598 1410 Christus
632 1340 728 1409 enim
762 1340 862 1432 panis
896 1348 1017 1411 noster
1049 1350 1114 1424 est,
1150 1341 1232 1433 quia
1264 1323 1346 1413 vita¹

290 1456 461 1539 Christus,
491 1464 529 1526 et
558 1456 633 1525 vita
664 1455 765 1547 panis
791 1452 884 1551 (sor.
915 1456 997 1527 vitae
1026 1457 1136 1549 panis.
1170 1454 1341 1553 Selom).

288 1572 365 1670 Epo
390 1596 475 1655 sum,
499 1573 624 1666 inquit,
642 1571 714 1662 (Jo.
732 1573 778 1642 vi.
796 1575 871 1665 35.)
893 1573 1001 1668 porris
1025 1574 1114 1645 υἱέα.
1166 1572 1215 1644 Et
1231 1574 1341 1667 paulo
1357 1602 1394 1643 ro

288 1714 402 1784 supra,
431 1688 546 1761 Panis
575 1699 624 1759 est
649 1686 773 1761 Sermo
802 1685 875 1759 Dei
903 1689 982 1773 vivi,
1007 1690 1069 1784 qui
1095 1688 1266 1761 deseendit
1296 1686 1342 1759 de

287 1804 390 1879 ooelis.
440 1806 532 1877 Tum
550 1806 644 1898 quod
665 1813 703 1876 et
720 1828 845 1899 eorpus
872 1807 947 1899 ejus
973 1808 1124 1901 inpane
1150 1815 1339 1879 censetur:

286 1920 368 1994 Hoc
400 1930 450 1993 eat
486 1944 610 2016 cmpos
647 1944 759 1992 meum
794 1920 897 2011 (Luc.
932 1926 1018 1994 xxii.
1055 1927 1140 2017 19.)
1209 1923 1340 2015 Itaque

286 2040 441 2133 petendo
462 2062 591 2133 panem
612 2039 869 2131 quotidianum,
887 2042 1164 2134 perpetuitatem
1180 2038 1341 2134 postula-

284 2178 366 2227 mus
395 2158 432 2225 in
462 2155 613 2240 Christo,
644 2164 682 2226 et
708 2156 995 2229 individuitatem
1025 2180 1048 2228 a
1076 2158 1393 2252 corporeejus.15

287 2273 414 2344 Sedet
436 2274 520 2365 quia
543 2272 731 2343 oamaliter
753 2272 955 2345 admittitur
978 2276 1044 2345 ista
1062 2298 1144 2358 vox,
1162 2298 1233 2347 non
1257 2276 1338 2347 sine

283 2390 455 2485 religione
488 2396 606 2481 potest
634 2389 721 2470 fieri,
756 2396 793 2459 et
821 2390 986 2483 spiritalis
1020 2390 1210 2484 disciplima
1240 2388 1337 2487 (sor.

285 2506 432 2600 spiritali
449 2505 659 2598 disciplina).
712 2504 847 2577 Panem
865 2507 960 2577 enim
974 2508 1048 2599 peti
1065 2508 1220 2590 mandat,
1238 2508 1339 2599 qnod

284 2623 400 2694 solum
416 2620 580 2693 fidelibus
597 2622 834 2693 necessarium
851 2630 925 2705 est3
942 2630 1052 2693 cetero
1069 2623 1161 2693 enim
1178 2622 1338 2694 notiones

282 2740 475 2834 requirant.
528 2738 587 2809 Ita
618 2748 656 2810 et
685 2739 858 2833 exemplis
892 2737 1057 2823 inouloat,
1088 2747 1126 2811 et
1159 2738 1339 2833 parabolis
1352 2773 1398 2814 20

281 2866 461 2941 retractat,
487 2880 598 2950 quum
628 2858 734 2927 dioit:
762 2856 949 2947 Numquid
974 2878 1103 2949 panem
1129 2857 1209 2928 iiliis
1231 2865 1339 2949 pater

282 2974 407 3059 aufert,
437 2983 475 3045 et
504 2974 650 3045 eanibus
676 2973 816 3045 traditi
846 2970 972 3063 (Matt.
1000 2995 1058 3043 xv.
1086 2970 1160 3068 26.)
1213 2973 1336 3047 Item:

282 3088 465 3185 Numquid
502 3088 585 3186 filio
626 3112 753 3185 ponem
796 3090 953 3184 poscenti
993 3086 1142 3183 lapidem
1185 3088 1339 3162 tradit?

280 3204 408 3289 (Mati.
435 3207 492 3276 vii.
519 3209 569 3299 9.)
620 3206 790 3277 Ostendit
824 3206 929 3287 enim,
960 3206 1044 3298 quid
1078 3228 1101 3276 a
1132 3214 1233 3299 patre
1266 3206 1337 3279 lilii

281 3331 484 3414 expectent.
536 3322 607 3397 Sed
636 3332 674 3393 et
701 3331 896 3394 nocturnus
925 3322 986 3393 ille
1012 3322 1173 3415 pulsator
1201 3346 1336 3416 panem
1352 3364 1372 3403 2
1377 3364 1398 3423 5
1428 3360 1429 3374 ÷

280 3436 447 3530 poscebat
464 3438 568 3529 (Luc.
594 3440 642 3509 xi.
667 3444 728 3529 5.).
782 3437 918 3509 Merito
943 3450 1064 3509 autem
1092 3439 1241 3531 adjecit:
1270 3436 1339 3513 Da

278 3552 377 3625 nodis
401 3552 511 3638 lodie,
537 3565 580 3626 ut
600 3556 663 3648 qui
690 3557 924 3648 praemiserat:
952 3552 1078 3626 Nolite
1106 3556 1151 3626 de
1176 3557 1337 3629 erastino
1426 3584 1427 3590 ¹

279 3672 436 3764 cogitare
448 3673 534 3765 quid
545 3673 659 3743 edatis
670 3670 774 3760 (Luo.
786 3672 847 3741 xii.
860 3675 945 3762 29.)
972 3670 1039 3741 Cui
1058 3673 1109 3743 rei
1126 3669 1336 3764 parabolam
1425 3690 1426 3693 ’

279 3810 419 3881 quoque
435 3788 715 3861 accommodavit
736 3785 830 3858 illius
855 3788 1018 3871 hominia,
1037 3790 1097 3881 qui
1120 3789 1338 3882 provenien·
1424 3792 1425 3804 *

278 3903 374 3975 tibus
400 3905 573 3976 fructibus
599 3902 865 3997 ampliationem
899 3903 1116 3989 horreorum,
1146 3913 1183 3974 et
1214 3903 1336 4001 longae
1348 3950 1407 4007 30

279 4023 476 4095 securitatis
493 4024 607 4117 spatia
622 4022 814 4116 cogitavit:
842 4022 871 4091 is
888 4022 964 4113 ipsa
980 4030 1086 4093 nocte
1103 4024 1264 4093 moritur.
1421 4094 1422 4126 ¹

114 4159 268 4209 cnavu.
328 4138 556 4231 Consequens
592 4148 668 4209 erat
702 4146 743 4208 ut
778 4138 963 4209 observata
998 4138 1067 4209 Dei
1102 4137 1334 4225 liberalitate,
1420 4178 1421 4234 p

277 4254 385 4323 etiam
428 4254 653 4324 clementiam
696 4256 773 4347 ejus
816 4276 1066 4346 precaremu13
1110 4256 1194 4347 quid
1229 4259 1334 4331 enim
1419 4274 1420 4344 )
