2867 4817
217 296 648 366 CHALCEDONENSIS
671 294 889 361 CONCILII
913 294 1043 361 UNIV.
1113 291 1157 367 69

106 471 268 579 affine&
284 506 323 553 τε
340 474 401 551 καὶ
416 466 648 578 ψηφιζόμεθα
670 471 753 573 περὶ
776 474 850 549 τῶν
871 469 1075 572 πρεσβείων
1092 473 1157 571 τῆς

107 596 309 704 ἁγιωτάτης
326 597 522 696 ἐκκλησίας
538 599 602 697 τῆς
613 596 722 695 αι’σῆς
739 594 1157 681 Κωνοτοιντινοιπόλεως

108 729 190 813 νέας
215 724 369 825 Ῥώμης.
409 726 470 803 καὶ
495 720 568 827 γάρ
594 728 647 831 τᾳῖ
674 720 791 831 θρόνᾳ
816 726 881 822 τῆς
910 723 1158 827 πρεσβυτέρας

106 853 261 954 Ῥάμης,
279 852 339 933 διὰ
359 852 402 932 τὸ
428 849 637 947 βασιλεύειν
660 849 727 951 τῆν
748 849 858 932 πόλιν
879 850 1013 951 ἐκεάην
1031 854 1064 931 οῖ
1080 886 1153 931 πα-

81 982 207 1085 5τέρες
243 978 385 1064 εἰκότως
415 977 664 1059 ἀποδεδώκασι
698 976 745 1057 τά
779 984 968 1081 πρεσβεῖα·
1010 979 1069 1058 καὶ
1106 982 1157 1085 τῷ

108 1108 208 1214 αὐτῷ
224 1112 353 1212 σκοπῷ
370 1104 567 1204 κινούμενοι
591 1108 624 1184 οῖ
646 1103 773 1184 ἑκατὸν
793 1103 1012 1205 πεντήκοντα
1030 1110 1155 1212 θεοφι·

109 1234 283 1315 λε’στατοι
304 1233 506 1330 ἐπίσκοποι,
530 1227 577 1311 τὰ
600 1227 666 1310 ἶσα
688 1237 866 1335 πρεσβεῖα
889 1231 1080 1332 ἀπένειμαν
1105 1234 1157 1339 τῷ

110 1366 176 1462 τῆς
194 1362 274 1447 νέας
290 1360 433 1460 Ῥοῖμης
451 1355 638 1467 ἁγιωτάτῳ
657 1356 784 1467 θρόνῳ,
797 1358 954 1462 εὐλόγως
968 1360 1158 1465 κρίναντες,

110 1488 179 1590 τῆν
204 1489 377 1595 βασιλείᾳ
403 1489 462 1567 καὶ
485 1483 683 1593 συγκλήτῳ
706 1491 919 1587 τιμηθεῖσαν
945 1486 1069 1586 πόλιν,
1100 1491 1159 1569 καὶ

63 1664 103 1704 10
111 1624 185 1698 τῶν
215 1617 308 1698 ἴσων
335 1612 593 1697 ἀπολαύουσαι)
622 1612 824 1717 πρεσβείων
855 1620 901 1719 τῇ
931 1616 1160 1723 πρεσβυτέρᾳ

110 1746 279 1839 βασθιιδι
294 1740 428 1847 Ῥώμη,
446 1741 504 1820 καὶ
522 1742 560 1819 ἐν
578 1745 652 1823 τοῖς
669 1741 979 1839 ἐκκλησιαστικαῖς
998 1742 1047 1825 ὡς
1067 1744 1157 1821 ε’κεί-

113 1908 180 1973 νην
204 1870 473 1975 μεγαλύνεσθαι
498 1864 702 1972 πράγμασι,
732 1866 896 1971 δευτέραν
924 1871 999 1967 μετ’
1027 1870 1161 1971 ἐκείνην

112 1996 362 2103 ὑπάρχουσαν.
396 1998 456 2075 καὶ
482 1994 578 2075 ὥστε
604 1993 688 2077 τοὺς
714 1997 778 2093 τῆς
807 2000 984 2096 Ποντικῆς
1013 1999 1072 2078 καὶ
1097 2001 1161 2099 τῆς

112 2130 290 2227 Ἀσιανῆς
306 2128 367 2206 καὶ
383 2128 447 2225 τῆς
470 2125 653 2230 Θρᾳκικῆς
670 2118 876 2222 διοικήσεως
896 2125 1162 2227 μητροπολίτας

66 2290 80 2329 ι
84 2286 102 2347 5
113 2253 254 2357 μόνους,
273 2252 324 2333 ἔτι
342 2251 381 2333 δὲ
398 2256 456 2333 καὶ
469 2248 550 2333 τοὺς
565 2251 602 2328 ἐν
615 2255 688 2333 τοῖς
701 2254 934 2353 βαρβαρικοῖς
946 2248 1163 2336 ἐπισκόπους

113 2390 189 2463 τοῖν
204 2377 467 2485 προειρημένων
485 2374 692 2476 διοικήσεων
709 2384 988 2482 χειροτονεῖσθαι
1012 2375 1081 2459 ὑπὸ
1098 2386 1163 2459 τοῦ

113 2508 367 2616 προειρημένου
384 2503 584 2608 ἁγαοτάτου
610 2500 738 2607 θρόνου
761 2506 823 2603 τῆς
842 2502 935 2585 κατὰ
960 2510 1160 2587 Κωνσταν·

115 2635 321 2717 τινοόπολιν
361 2630 560 2737 ἁγιωτάτης
591 2631 798 2730 ἐκκλησίας·
837 2630 975 2733 δηλαδὴ
1003 2632 1165 2719 ,ἑκάστου

114 2761 381 2867 μητροπολίτου
416 2766 489 2841 τῶν
531 2756 792 2861 προειρημένων
831 2758 1039 2860 διοικήσεων
1074 2756 1166 2861 μετά

67 2933 107 2973 20
116 2898 190 2971 τῶν
207 2895 272 2990 τῆς
288 2888 458 2994 ἐπαρχίας
475 2882 683 2967 ἐπισκόπων
702 2895 986 2990 χειροτονοῦντος
1002 2886 1085 2973 τοὺς
1101 2892 1165 2988 τῆς

117 3172 149 3221 et
159 3159 315 3219 statuimus
325 3155 362 3216 do
372 3154 532 3236 privilegiis
540 3172 622 3211 sunu
661 3150 776 3231 vilegiis
790 3153 915 3221 fruatur,
929 3156 1017 3213 etism
1032 3155 1063 3212 in
1077 3154 1165 3213 rebus

118 3240 238 3301 tissimoe
261 3237 390 3298 ooolesioe
414 3232 622 3293 constantino·
662 3231 863 3292 ecclesiasticis
884 3253 943 3292 non
965 3254 1048 3293 secus
1067 3254 1100 3293 oo
1114 3233 1166 3293 illo

117 3320 196 3401 polis
207 3338 291 3377 novoe
301 3318 412 3376 Romo.
438 3314 559 3374 Etenim
570 3332 622 3371 sn·
662 3312 766 3371 extolli
799 3333 832 3371 so
863 3314 1033 3391 magnifieri,
1062 3334 1166 3373 secun.

119 3403 210 3478 tiquoe
225 3400 327 3457 Romo
341 3399 456 3463 throno,
466 3393 545 3474 quod
554 3394 624 3452 urbs
664 3392 731 3452 dam
745 3403 812 3471 post
825 3393 904 3452 iilum
919 3395 1108 3453 existentem:
1131 3403 1166 3454 ut

118 3482 172 3539 ills
184 3481 349 3559 impersrot
366 3478 434 3555 jure
451 3485 550 3556 potres
564 3474 623 3552 pri·
665 3484 696 3531 et
707 3473 847 3541 Ponticae.
858 3484 888 3533 et
898 3473 1015 3533 Asisnae
1030 3484 1060 3533 ot
1073 3474 1166 3533 Thro-

119 3562 227 3637 vilegin
235 3559 373 3619 tribuere.
393 3556 438 3616 Et
446 3555 547 3616 endem
555 3574 623 3612 oon-
664 3554 716 3613 oiae
727 3554 859 3613 dioeoesis
870 3554 1085 3633 metropolitani
1097 3554 1165 3613 soli:

120 3640 297 3701 sideratione
311 3640 384 3697 moti
403 3648 521 3697 tentum
539 3634 624 3712 quin·
664 3646 806 3714 praetores
819 3645 850 3693 et
866 3634 993 3713 episcopi
1017 3634 1167 3714 prodicta·

120 3721 261 3800 quaginta
276 3720 334 3779 Dei
355 3716 545 3777 amantissimi
563 3714 626 3792 spi.
666 3734 730 3773 rnrn
746 3714 998 3792 dioeoesium,quoe
1009 3726 1077 3773 sunt
1091 3714 1169 3774 inter

121 3802 202 3879 soopi
223 3800 404 3860 sanctissimo
422 3817 504 3856 novoe
525 3794 627 3852 Roma
666 3796 810 3862 barbaros,
838 3816 855 3854 n
889 3796 1028 3874 praedioto
1062 3796 1169 3854 throno

121 3882 240 3950 throno,
262 3879 384 3957 oequniio
404 3875 555 3957 privilegis
573 3874 626 3933 tri-
668 3874 854 3933 snnctissimae
901 3876 1168 3954 Constantinopoli-

122 3963 222 4031 buers,
237 3971 317 4019 rento
327 3958 502 4037 judicantes,
513 3956 624 4021 urbem,
665 3968 742 4014 tnnae
750 3955 878 4013 ecclesius
888 3955 1078 4015 ordinentur:
1094 3976 1167 4014 uno·

121 4061 188 4121 qun
208 4053 239 4101 et
259 4041 383 4121 imperio
402 4048 433 4097 et
452 4047 556 4097 senstn
575 4038 626 4093 ho-
665 4055 783 4115 quoqne
818 4037 928 4095 scilieet
965 4036 1168 4116 praediotsrum

122 4134 225 4182 norstn
245 4122 294 4189 sit,
318 4130 349 4180 st
377 4117 536 4197 nquniibns
560 4134 626 4175 cum
667 4116 834 4175 dioeoesium
856 4116 1081 4195 metropolitano
1103 4136 1170 4176 oum

122 4202 324 4281 antiquissimo
341 4201 441 4278 regins
459 4198 553 4257 Romu
566 4196 627 4275 pri-
666 4197 823 4276 provincioe
851 4197 1003 4277 episcopis,
1031 4196 1170 4276 quomsd·
