2867 4817
265 620 652 699 FRAGMENTUM
681 628 949 705 EPISTOLAE

117 846 164 940 S.
194 845 496 947 IRENAEI
532 852 638 949 AD
674 854 1100 957 FLORINUM.

502 1081 680 1113 -.4-

89 1234 295 1315 fflgmeutum
312 1239 455 1319 Epistola
470 1242 502 1299 S.
517 1241 620 1299 Irenaei
636 1242 672 1300 ud
688 1242 851 1310 Florinum,
867 1242 944 1323 apud
960 1245 1132 1316 Eusebium,

393 1344 473 1403 Hist.
490 1345 570 1405 Eccl.
586 1346 636 1405 lib.
650 1346 691 1406 V.
707 1367 770 1426 cap.
789 1367 835 1405 20.

63 1460 294 1603 3TAYTA
323 1466 371 1545 τὰ
397 1464 562 1569 δόγματα
590 1474 763 1584 Φλωρΐνε,
794 1472 853 1549 ἵνα
883 1472 1133 1577 πεφεισμένως

175 1593 276 1691 εἴπω,
315 1596 380 1673 οὐκ
416 1594 517 1674 ἔστιν
553 1597 672 1697 ὑγιοῦς
708 1595 865 1697 γνώμης.
924 1602 1051 1677 Ταῦτα
1086 1599 1132 1680 τό

81 1718 241 1819 δόγματα
269 1720 479 1827 οἷοόμφωνά
506 1725 586 1801 ε’στι
614 1724 867 1829 τῇέκκλησίᾳ,
896 1728 945 1806 εἰς
967 1721 1034 1823 τὴν
1063 1726 1127 1824 με’-

79 1848 208 1947 γίοτην
226 1848 400 1942 ἀσέβειαν
418 1848 690 1950 περιβάλλοντα
714 1848 796 1934 τοὺς
814 1850 1042 1949 πειθομένους
1060 1854 1125 1932 αό-

77 1982 156 2058 ruia.
219 1981 350 2056 Ταῦτα
366 1975 412 2055 τὰ
430 1974 595 2077 δόγματα
612 1976 691 2057 οὐδὲ
709 1983 743 2057 οἱ
761 1978 833 2084 ἔξω
854 1982 918 2077 τῆς
935 1981 1128 2080 ἐκκλησίας

43 2108 240 2204 ιοοὶρετικοὶ
260 2104 470 2205 ἐτόλμησαν
487 2102 753 2211 ἀποφῄνασθαί
777 2139 875 2186 ποτε.
933 2112 1059 2187 Ταῦτα
1082 2109 1128 2188 τὰ

77 2228 250 2331 δόγματα,
269 2236 304 2310 οἱ
321 2228 393 2331 πρὸ
411 2232 512 2331 ἡμῶν
529 2232 780 2337 πρεσβύτεροι,
799 2239 833 2313 οὶ
860 2237 919 2312 καὶ
941 2243 1014 2318 τοῖς
1031 2238 1123 2316 ἀπο·

75 2356 222 2444 στόλοις
240 2358 569 2466 συμφοιτῆσαντες,
587 2362 630 2441 οὐ
655 2361 866 2465 παρεδωκάν
885 2395 956 2441 σοι.
1018 2361 1127 2444 Εἶδον

77 2486 144 2589 γάρ
161 2521 209 2567 σε
226 2496 313 2571 παῖς
330 2488 382 2565 ἔτι
400 2484 451 2567 ὧν
468 2490 507 2567 ἐν
530 2487 689 2592 τῇκάτω
706 2489 820 2595 Ἀσίᾳ
846 2488 945 2592 παρὰ
971 2496 1023 2597 τῷ
1043 2497 1129 2571 Πο·’

77 2611 249 2721 λυκᾶρπῳ
267 2620 443 2718 λαμπρῶς
457 2612 663 2718 πράττοντα
683 2617 722 2693 ἐν
738 2620 784 2720 τῇ
812 2622 991 2721 βασιλικῇ
1020 2618 1124 2723 αὐλῇ,

42 2766 69 2822 ¹5
79 2744 134 2819 καὶ
150 2740 368 2844 πειρώμενον
386 2743 579 2841 εὐδοκιμεῖν
595 2744 679 2844 παρ’
703 2743 811 2851 αὐτῷ.
873 2748 1034 2823 Μᾶλλον
1052 2746 1124 2847 γὰρ

78 2868 123 2947 τὰ
145 2868 223 2949 τότε
252 2869 527 2970 διαμνημονεύω,
547 2876 619 2949 τῶν
637 2870 789 2975 ἔναγχος
807 2870 1015 2973 γινομένων.
1075 2881 1123 2953 Αἱ

80 2994 148 3100 γὰρ
186 3000 225 3077 ἐκ
261 2999 398 3077 παίδων
428 2996 604 3099 μαθήσεις
647 2996 897 3105 συναόξουσαι
934 3004 979 3101 τῇ
1015 3004 1121 3105 ψυχῇ

415 3204 578 3283 Interprete
593 3204 634 3262 H.
653 3204 775 3264 Valeaio.

120 3300 188 3361 Ηωο
214 3300 359 3381 dogmata,
386 3302 514 3370 Florine,
539 3312 574 3361 ut
615 3312 721 3369 terant,
748 3322 929 3380 nequaquam
952 3302 1006 3360 tibi
1030 3304 1121 3361 tradi.

81 3382 237 3459 parcissime
257 3404 290 3441 ac
306 3382 450 3442 levissime
470 3382 572 3451 dicam,
614 3382 731 3441 derunt.
764 3383 836 3441 Vidi
851 3384 927 3441 enim
943 3394 973 3441 te
988 3404 1052 3441 cum
1068 3384 1119 3442 ad.

81 3480 133 3517 uua
146 3476 212 3521 aunt
225 3484 301 3522 aanae
315 3463 463 3523 doctrine.
499 3464 574 3522 Haec
614 3464 671 3521 huc
680 3483 753 3543 puer
763 3483 855 3522 essem
866 3465 896 3521 in
905 3464 1119 3522 inferioreAsia

80 3540 206 3619 dogmata
226 3544 403 3603 dissentiunt
424 3544 460 3603 ab
481 3542 573 3603 eccle·
613 3544 692 3623 apud
726 3543 931 3623 Polycarpum,
967 3540 1118 3622 splendide

81 3622 164 3688 uiuet
177 3624 206 3682 in
221 3626 374 3683 maximam
389 3625 570 3718 impietatem
611 3636 746 3703 agentem
775 3625 806 3682 in
835 3624 952 3703 palatio,
978 3636 1008 3682 et
1036 3644 1117 3701 mag.

81 3721 124 3759 οοο
142 3706 306 3781 conjiciunt,
322 3706 373 3783 qui
395 3705 454 3763 illia
473 3725 569 3764 asseu-
611 3724 720 3784 nopere
746 3705 936 3772 laborantem,
961 3716 996 3762 ut
1017 3716 1048 3762 te
1073 3704 1116 3763 illi

81 3784 193 3843 tiuutur.
226 3786 299 3845 Haec
313 3786 449 3863 dogmata
463 3806 500 3844 ue
514 3785 570 3864 ipsi
612 3786 794 3865 approbare-3.
847 3786 968 3843 Etenim
990 3805 1024 3842 ea
1051 3806 1116 3861 qum

81 3864 186 3938 quidem
202 3867 328 3926 haretici
347 3878 429 3925 extra
451 3866 568 3925 ecclesi·
610 3877 682 3924 tunc
702 3867 843 3944 temporis
861 3877 943 3943 gesta
961 3876 1039 3932 suut,
1055 3886 1116 3924 me·

82 3962 122 4000 ²11¹
135 3948 213 4023 positi
225 3949 494 4027 proferreuuquam
506 3946 567 4005 ausi
610 3946 667 4005 lius
688 3946 827 4004 memoria
843 3958 941 4013 teneo,
956 3966 1041 4023 quam
1064 3946 1114 4004 illa

84 4038 152 4083 auat.
165 4028 233 4087 Hac
242 4029 390 4106 dogmata,
400 4028 430 4084 hi
441 4028 490 4104 qui
501 4038 570 4085 aute
609 4046 674 4104 quae
683 4046 777 4105 nuper
788 4026 964 4086 acciderunt.
993 4026 1113 4105 Quippe

86 4123 130 4163 ιιοι
147 4109 234 4169 vixere
253 4108 430 4189 presbyteri,
452 4108 502 4185 qui
525 4119 568 4166 et·
609 4128 643 4167 ea
657 4127 723 4184 quae
744 4108 826 4184 pueri
846 4107 1010 4175 didicimus,
1025 4108 1113 4165 simul

88 4184 329 4270 'umapoatolorum
346 4188 481 4267 discipuli
493 4188 569 4247 exti-
609 4207 676 4246 cum
691 4188 789 4245 animo
802 4187 866 4267 ipso
879 4186 1054 4255 coalescunt,
1070 4187 1112 4246 ei.

653 4286 705 4325 τι
