2867 4817
251 316 316 379 140
601 312 943 377 TERTULLIANI

139 498 193 546 -in
253 489 366 561 Paulo
382 488 655 581 reprehendenti
675 496 925 559 antecessores.
977 486 1171 557 Possumus
1188 497 1226 557 et
1242 486 1306 558 hic

254 605 350 677 Acta
373 603 630 698 Apostolorum
655 604 923 697 repudiantibus
949 604 1087 674 dicere:
1114 605 1210 696 prius
1236 612 1305 686 est,

253 724 307 793 uti
332 721 526 793 ostendatis
553 722 632 813 quis
660 723 729 792 iste
755 720 898 804 Paulus,
926 727 965 790 et
993 720 1079 812 quid
1109 728 1193 791 ante
1219 742 1308 813 apo-

253 838 395 921 stolum,
412 847 451 908 et
471 838 649 929 quomodo
669 836 872 930 apostolus:
903 844 1078 929 quatenns
1095 844 1133 907 et
1155 836 1241 907 alias
1258 837 1306 905 ad

254 955 468 1047 quaestiones
492 952 685 1045 plurimum
710 976 753 1023 eo
778 961 939 1024 utuntur.
992 952 1123 1046 Neque
1149 954 1245 1023 enim
1275 952 1307 1021 si
1317 976 1339 1037 5

155 1082 172 1129 ἰ
254 1072 329 1163 ipse
354 1092 393 1141 se
417 1070 617 1163 apostolum
638 1071 684 1141 de
705 1076 932 1164 persecutore
954 1070 1151 1163 profitetur,
1175 1066 1309 1139 sufficit

158 1214 199 1249 ·v·
254 1188 445 1280 unicuique
461 1188 663 1259 examinate
685 1186 855 1269 credenti,
879 1188 1020 1278 quando
1037 1209 1104 1257 uec
1128 1184 1310 1256 Dominus

255 1306 331 1398 ipse
358 1305 403 1375 de
428 1327 467 1375 se
494 1306 739 1375 testimonium
765 1304 907 1374 dixerit.
959 1302 1032 1374 Sed
1057 1302 1205 1375 credaut
1229 1304 1309 1372 siue

256 1422 447 1513 scripturis,
482 1431 524 1492 ut
557 1422 703 1493 credant
736 1422 902 1492 adversus
932 1422 1144 1513 scripturas:
1185 1427 1310 1492 tamen

160 1537 185 1586 fl·
257 1538 408 1609 doceant
433 1560 480 1607 ex
505 1560 558 1619 eo,
585 1538 680 1629 quod
704 1536 861 1631 allegent
888 1536 1036 1609 Petrum
1062 1562 1083 1609 a
1111 1538 1224 1610 Paulo
1253 1561 1311 1609 re-
1327 1564 1369 1603 ιο

256 1654 480 1747 prehensum,
506 1653 612 1724 aliam
635 1656 810 1748 evangelii
833 1656 982 1727 formam
1005 1680 1028 1727 a
1052 1656 1165 1727 Paulo
1187 1678 1312 1749 super-

258 1773 414 1853 ductam,
448 1772 538 1841 citra
576 1793 667 1854 eam,
700 1794 807 1863 quam
846 1774 1065 1865 praemiserat
1107 1772 1236 1843 Petrus
1270 1780 1312 1843 et

162 1902 198 1951 ix.
258 1890 378 1959 ceteri.
429 1887 544 1979 Atqui
572 1888 777 1959 demutatus
806 1891 844 1960 in
865 1890 1134 1982 praedicatorem
1158 1891 1204 1961 de
1230 1912 1314 1982 per-

259 2013 430 2087 secutore,
460 2005 649 2076 deducitur
675 2006 720 2075 ad
747 2006 873 2078 fratres
898 2030 921 2077 a
944 2006 1120 2091 fratribus,
1146 2015 1189 2078 ut
1217 2028 1313 2077 unus

162 2133 188 2183 s.
260 2145 306 2193 ex
336 2120 512 2204 fratribus,
540 2129 579 2192 et
608 2121 653 2192 ad
681 2121 762 2193 illos
790 2124 836 2195 ab
866 2122 945 2206 illis,
977 2124 1036 2216 qui
1067 2123 1114 2193 ab
1143 2124 1313 2217 apostolis
1328 2150 1340 2189 ι
1349 2146 1370 2208 5

259 2238 368 2309 fidem
384 2239 582 2310 induerant.
618 2237 768 2322 Dehinc,
783 2240 875 2310 sicut
891 2240 967 2333 ipse
983 2250 1134 2323 enarrat,
1152 2240 1315 2311 ascendit

260 2354 546 2449 Hierosolymam
575 2355 811 2449 cognoscendi
842 2356 940 2427 Petri
971 2380 1086 2441 causa,
1117 2380 1163 2427 ex
1194 2356 1313 2428 officio

260 2480 298 2541 et
314 2473 396 2565 jure
418 2472 554 2543 scilicet
571 2470 729 2564 ejusdem
746 2470 830 2543 fidei
847 2483 886 2544 et
906 2473 1174 2567 praedicationis.
1212 2472 1313 2545 Nam

260 2597 298 2659 et
327 2587 477 2659 illinon
506 2596 625 2659 essent
654 2588 818 2660 admirati
844 2590 889 2661 de
918 2601 1145 2684 persecutore
1175 2593 1314 2663 factum

261 2705 539 2798 praedicatorem,
557 2706 586 2777 si
606 2704 740 2798 aliquid
757 2707 972 2777 contrarium
991 2709 1221 2799 praedicarem
1245 2731 1315 2779 nec
1327 2732 1374 2773 πο

263 2820 458 2893 Dominum
502 2830 675 2915 praeterea
723 2824 1019 2917 magnificassent,
1064 2826 1149 2917 quia
1190 2826 1317 2897 adver-

164 2958 207 3035 sa·
262 2939 372 3009 sarius
397 2940 473 3032 ejus
500 2938 632 3009 Paulus
655 2939 857 3011 obvenerat.
909 2940 1038 3034 Itaque
1063 2954 1101 3012 et
1128 2942 1316 3014 dexteram

148 3088 191 3136 n
263 3056 297 3124 ei
331 3055 514 3139 dederunt,
548 3057 691 3149 signum
724 3056 922 3129 concordiae
956 3064 994 3127 ct
1031 3060 1315 3132 convenientiae:

263 3178 302 3241 et
326 3172 420 3241 inter
444 3195 482 3241 se
507 3172 793 3243 distributionem
819 3172 924 3244 officii
953 3172 1214 3260 ordinaverunt,
1243 3199 1319 3247 non

263 3288 522 3379 separationem
555 3288 753 3382 evangelii:
796 3312 863 3360 nec
901 3299 942 3361 ut
979 3290 1076 3362 aliud
1117 3292 1217 3375 alter,
1253 3294 1318 3364 sed
1331 3322 1370 3382 25

263 3410 305 3473 ut
329 3402 407 3473 aliis
428 3402 520 3475 alter
540 3405 760 3497 praedicaret,
786 3404 913 3478 Petrus
939 3408 1318 3493 incircumcisionem,

265 3519 398 3592 Paulus
430 3522 468 3591 in
502 3523 674 3592 nationes.
727 3521 896 3594 Ceterum
931 3526 960 3596 si
995 3527 1228 3618 reprehensus
1262 3537 1320 3598 est

266 3638 404 3720 Petrus,
430 3638 534 3729 quod,
552 3660 635 3708 cum
659 3638 875 3709 convixisset
898 3640 1059 3725 ethnicis,
1083 3651 1208 3735 postea
1232 3668 1270 3713 se
1297 3668 1321 3713 a

264 3754 430 3825 convictu
472 3776 595 3823 eorum
636 3754 821 3847 separabat
860 3780 1089 3849 personarum
1130 3767 1318 3853 respectu:

264 3874 391 3965 utique
426 3872 701 3943 conversationis
740 3874 808 3943 fuit
848 3876 986 3960 vitium,
1030 3900 1103 3948 uon
1146 3878 1320 3971 praedica·
1330 3916 1372 3973 30

263 3990 381 4060 tionis.
426 3987 512 4059 Non
530 3989 625 4060 enim
643 4010 690 4059 ex
706 3989 775 4060 hoo
792 3990 881 4061 alius
904 3992 1012 4077 Deus,
1031 4017 1137 4087 quam
1159 3996 1320 4081 Creator,

264 4113 303 4177 et
324 4106 416 4178 alius
433 4106 605 4189 Christus,
623 4129 730 4199 quam
750 4130 796 4179 ex
815 4106 943 4193 Maria,
961 4118 1000 4181 et
1016 4110 1086 4183 alia
1102 4135 1192 4205 spes,
1209 4138 1320 4207 quam

266 4222 477 4292 resurrectio
493 4222 779 4293 annuntiabatur.
