2867 4817
259 314 325 381 326
656 318 686 381 S.
703 312 948 381 'CYPR1AN1

259 500 366 563 amor
386 501 418 563 ct
441 492 624 590 imoyinem
647 491 718 585 citra
742 493 803 587 qui
825 491 867 562 dc
892 489 973 563 coelo
998 499 1056 562 ost.
1107 491 1308 587 Imaginem

259 618 380 680 autem
406 608 587 681 coelestem
612 616 753 702 portare
778 632 850 679 non
874 630 1069 702 possumus,
1100 610 1166 680 nisi
1196 610 1233 679 in
1263 633 1307 679 eo

258 726 353 817 quod
379 748 456 797 esse
474 726 551 818 jam
577 726 748 818 coepimus
769 722 900 795 Christi
923 723 1191 796 similitudinem
1216 749 1308 817 prse-

258 842 416 915 beamus.
469 840 551 913 Hoc
585 850 640 913 est
673 843 769 912 enim
798 850 954 913 mutasse
983 842 1079 933 quod
1107 842 1233 925 strenas,
1268 852 1307 911 et

257 960 404 1052 coepisse
421 980 497 1030 esse
514 958 608 1051 quod
626 981 697 1029 non
718 980 804 1042 eras,
821 967 864 1028 ut
885 959 923 1028 in
940 966 978 1029 te
999 958 1118 1029 divina
1138 959 1305 1029 nativitas
1315 988 1333 1049 5

257 1073 384 1158 luceat,
402 1076 504 1146 atad
522 1084 659 1168 patrem
678 1072 797 1145 Deum
818 1074 944 1145 deifica
960 1074 1144 1168 disciplina
1162 1098 1307 1168 respon-

257 1190 351 1274 deat,
376 1200 418 1263 ut
442 1191 575 1263 honore
601 1200 638 1263 ct
662 1190 768 1263 laude
793 1192 934 1262 vivendi
965 1190 1065 1263 Deus
1093 1192 1131 1262 in
1159 1192 1306 1263 homine

257 1307 436 1393 clarescat,
459 1309 536 1401 ipso
561 1309 774 1379 exhortante
796 1316 835 1378 et
858 1316 1028 1379 monente
1052 1315 1091 1379 et
1114 1310 1165 1378 eis
1187 1310 1248 1400 qui
1266 1330 1306 1379 se

96 1429 181 1495 Ἐς·
194 1432 219 1481 n.
256 1423 450 1495 clarificant
479 1425 592 1495 vicem
622 1430 786 1497 mutuam
814 1423 1015 1515 pollicente.
1065 1421 1148 1506 Em,
1178 1425 1305 1516 inquit,

256 1539 318 1633 qui
351 1536 542 1633 clcmstccut
575 1562 628 1609 mc
656 1536 874 1632 cbmflcahm
924 1546 957 1608 et
990 1538 1051 1633 qui
1089 1541 1222 1633 annuit
1251 1564 1306 1611 me
1319 1579 1356 1618 10

254 1666 444 1751 mancus
487 1656 548 1728 Ad
566 1678 671 1749 quam
692 1656 979 1728 clarificationem
1001 1657 1155 1728 formans
1177 1680 1241 1728 nos
1261 1682 1305 1730 ac

254 1796 451 1867 praeparans
468 1771 643 1845 Dominus
660 1783 698 1845 et
719 1772 830 1844 Filius
854 1772 923 1843 Dei
946 1774 1215 1844 similitudinem
1234 1773 1304 1844 Dei

256 1888 371 1962 Patris
400 1892 579 1961 insinuans
612 1892 649 1960 in
683 1888 867 1983 evangelio
900 1912 965 1960 suo
998 1890 1105 1960 dicit:
1141 1890 1306 1962 Aridistis

256 2006 339 2101 quia
372 2006 500 2078 dictum
534 2014 605 2076 cst.-
648 2003 786 2102 Diliyes
814 2005 1018 2099 monimum
1052 2005 1124 2090 tili,
1158 2016 1191 2078 et
1223 2008 1306 2079 odio

93 2139 199 2189 ιιιιιν.
254 2121 389 2195 habedic
415 2123 594 2194 inimicum
620 2121 692 2194 tibi.
742 2120 820 2219 Eoo
845 2130 957 2194 cutem
985 2122 1064 2193 dico
1089 2122 1192 2206 codic,
1221 2124 1353 2213 dili-15

249 2240 322 2337 yite
348 2240 508 2310 inimicos
531 2248 667 2322 cestros,
693 2248 726 2310 ct
747 2248 844 2310 orote
859 2261 929 2334 pro
954 2240 1084 2333 linqui
1108 2262 1167 2311 coa
1185 2264 1305 2335 perse-

253 2364 415 2451 quuntur,
441 2356 582 2427 atritis
597 2353 674 2449 filii
698 2353 823 2427 Patris
847 2356 953 2427 uestri
977 2357 1041 2450 qui
1064 2357 1103 2427 iu
1128 2357 1221 2428 coelia
1244 2369 1303 2442 ert,

253 2474 315 2567 qui
335 2471 439 2545 subm
460 2496 560 2544 suom
585 2471 677 2543 oriri
691 2470 790 2567 facit
813 2495 917 2567 super
941 2470 1044 2543 donor
1069 2480 1102 2543 ct
1125 2472 1243 2559 mdes,
1272 2484 1305 2546 et

247 2583 341 2679 plaic
365 2609 469 2681 uapor
483 2586 597 2678 jactos
622 2594 654 2656 ct
679 2584 833 2678 iujrastos.
884 2583 923 2656 Si
949 2585 1151 2656 hominibus
1176 2586 1303 2657 laetum

252 2709 308 2773 est
337 2710 375 2773 ct
404 2702 596 2795 gloriosum
626 2702 717 2772 filios
747 2701 878 2771 habers
907 2701 1116 2785 consimiles,
1146 2712 1186 2774 et
1214 2713 1356 2775 tunc20

252 2816 365 2909 magis
388 2836 575 2909 generasse
600 2814 765 2898 delectat,
791 2816 820 2885 si
845 2814 891 2884 ad
916 2823 1054 2907 patrem
1077 2816 1304 2890 lineamentis

252 2930 394 3023 pan'bus
419 2928 558 3001 soboles
587 2930 762 3001 subsiciva
786 2930 1006 3022 respondeat,
1032 2938 1166 3022 quanto
1190 2934 1305 3023 major

253 3046 290 3115 in
308 3044 388 3117 Deo
407 3044 513 3116 Patre
530 3044 657 3115 laetitia
673 3054 729 3116 est
745 3068 827 3115 cum
845 3047 924 3136 quis
940 3048 990 3116 sic
1003 3046 1209 3138 spiritaliter
1223 3071 1302 3121 uas

252 3164 346 3233 citur
361 3171 404 3232 nt
420 3163 458 3231 in
474 3162 612 3232 actibus
629 3162 704 3254 ejus
721 3171 759 3232 et
776 3161 938 3234 laudibus
956 3164 1075 3233 divina
1085 3168 1304 3257 generositas

253 3275 484 3370 praedicetur!
520 3277 609 3361 Quas
632 3278 785 3369 justitiae
814 3277 934 3370 palma
962 3289 1026 3362 est,
1054 3302 1136 3371 quae
1161 3304 1352 3374 corona25

90 3428 173 3479 M„
253 3412 330 3463 esse
351 3390 461 3462 talem
478 3392 524 3463 de
545 3413 614 3483 quo
638 3390 738 3463 Deus
762 3415 834 3462 non
859 3394 975 3465 dicat:
1006 3392 1122 3465 Filios
1138 3400 1304 3493 ommuni

253 3514 286 3578 et
310 3504 467 3589 scolteti,
495 3507 566 3601 ipsi
585 3515 697 3579 comm
722 3518 922 3602 coronentur
943 3514 1022 3582 mc!
1052 3510 1241 3583 collaudet
1263 3522 1302 3584 te

253 3624 372 3717 potius
405 3622 576 3707 Christus,
610 3632 648 3694 et
685 3624 814 3695 invitet
852 3626 896 3696 ad
935 3628 1123 3719 praemium
1156 3629 1301 3701 dicens:

89 3758 233 3809 mmm.
262 3738 381 3811 Venite
404 3736 570 3810 bendicti
593 3736 717 3809 Patris
746 3740 823 3823 mei,
842 3741 1013 3836 percipito
1039 3764 1181 3840 caynam
1210 3745 1305 3839 qaod

252 3852 344 3927 cobis
355 3863 520 3949 paratum
540 3863 588 3926 cst
605 3852 646 3926 ab
663 3855 798 3953 moine
813 3855 945 3927 mundi.
1311 3885 1354 3943 30

302 3972 413 4046 VIII.
432 3971 501 4042 His
526 3973 817 4043 meditationibus
843 3974 1121 4048 corroborandus
1149 3986 1205 4049 est
1227 3983 1302 4051 ani-

251 4110 340 4171 mus,
370 4086 495 4159 fratres
525 4087 755 4171 dilectissimi,
785 4088 958 4180 eiusmodi
989 4094 1302 4165 exercitationibus

251 4211 374 4275 contra
396 4204 515 4276 omnia
537 4203 666 4275 diaboli
688 4203 809 4295 jacula
830 4205 1033 4278 finnandus.
1085 4207 1142 4279 Sit
1163 4211 1201 4280 in
1225 4232 1301 4280 ma·
