2867 4817
288 341 354 403 354
545 339 781 403 FIRMIANI
808 339 1080 403 LACTANTII

285 524 358 583 tem
394 511 701 604 Occidentemque
735 513 904 605 porrexit,
939 511 1006 581 sub
1044 533 1129 603 quas
1169 511 1343 580 universe

285 630 445 698 nationes
462 628 508 698 ab
525 637 676 720 utraque
698 629 821 698 mundi
846 636 948 720 parte
965 629 1010 698 ad
1027 628 1188 718 requiem
1215 649 1344 695 conre-

287 743 414 813 uirent.
466 744 650 827 Quantum
666 751 788 813 autem
806 743 923 813 valeat
941 742 1010 812 hoc
1031 743 1181 834 siguum,
1201 750 1243 810 et
1261 741 1343 834 quid

246 917 250 924 .
286 859 418 930 habeat
440 861 636 952 potestatis,
654 861 692 928 in
714 868 857 950 promtu
881 867 947 942 est,
964 881 1048 928 cum
1072 859 1186 927 omnis
1214 859 1346 927 daemo-

288 998 375 1045 num
404 976 530 1045 cohors
558 974 626 1044 hoo
656 976 757 1067 signo
792 973 985 1066 expellitur
1014 997 1055 1044 ao
1085 974 1244 1067 fugatur.
1298 973 1344 1042 Et

289 1092 473 1184 sicutipse
489 1098 573 1160 ante
595 1091 792 1182 passionem
810 1090 987 1160 daemonas
1004 1089 1111 1159 verbo
1128 1099 1167 1158 et
1190 1090 1344 1182 imperio

287 1207 529 1300 proturbabat,
568 1207 619 1276 sic
653 1194 748 1275 nunc
783 1207 926 1275 nomine
959 1229 1001 1275 ac
1035 1207 1135 1298 signo
1170 1205 1344 1296 passionis

287 1323 446 1414 ejusdem
469 1322 613 1413 spiritus
635 1321 821 1404 immundi,
839 1321 980 1411 quaudo
997 1323 1031 1390 in
1062 1343 1210 1412 corpora
1227 1320 1344 1391 homi-

287 1462 373 1508 num
398 1439 620 1529 inrepserint,
646 1438 850 1530 exiguntur,
874 1459 956 1506 cum
982 1438 1113 1506 extorti
1143 1445 1183 1505 et
1213 1460 1344 1506 excru-

287 1555 370 1624 ciati
395 1577 437 1624 ac
462 1576 500 1624 se
525 1555 703 1624 daemonas
728 1553 937 1623 confitentes
963 1553 1163 1622 verberanti
1191 1573 1230 1620 se
1262 1551 1343 1620 Deo

287 1671 429 1741 cedunt.
481 1669 576 1752 Quid
599 1692 684 1762 ergo
707 1669 924 1760 speraverint
946 1669 991 1736 de
1014 1668 1086 1738 suis
1109 1665 1343 1759 religionibus

288 1808 439 1876 cumque
457 1781 548 1880 (sor.
579 1787 792 1876 cunctaque)
820 1805 884 1852 sua
909 1782 1081 1874 sapientia
1103 1781 1229 1862 Graeci,
1258 1806 1341 1851 cum

287 1902 439 1982 videant,
459 1899 556 1969 Deos
579 1922 671 1980 suos,
692 1919 780 1991 quos
803 1897 945 1968 eosdem
971 1899 1146 1967 daemonas
1163 1920 1243 1966 esse
1271 1919 1340 1966 non

287 2028 429 2109 negant,
446 2039 511 2109 per
528 2038 669 2085 crucem
687 2015 732 2084 ab
749 2014 950 2085 homiuibus
969 2013 1206 2106 triumphari?

700 2232 810 2304 CAP.
839 2233 921 2303 LII.

338 2369 421 2440 Una
445 2371 555 2462 igitur
579 2388 659 2460 spes
685 2365 886 2436 hominibus
910 2367 990 2434 vitae
1011 2373 1185 2448 asturius
1213 2375 1338 2456 portus

287 2482 419 2567 salutis,
437 2506 548 2553 unum
572 2483 747 2576 refugium
775 2480 959 2562 libertatis,
976 2481 1004 2550 si
1026 2481 1181 2571 abjectis,
1207 2481 1338 2573 quibus

286 2600 509 2680 tenebantur,
540 2599 726 2680 erroribus,
757 2597 915 2689 aperiant
949 2595 1069 2666 oculos
1103 2597 1234 2666 mentis
1265 2621 1337 2668 suae

288 2713 478 2806 Deumque
503 2721 729 2808 cognoscant,
747 2715 783 2782 in
809 2735 879 2805 quo
905 2711 979 2782 solo
1003 2711 1221 2782 domicilium
1247 2717 1338 2784 veri-

285 2832 371 2910 tatis
404 2840 481 2914 est3
519 2840 660 2903 terrena
693 2838 731 2899 et
764 2830 809 2899 de
843 2837 937 2898 terra
970 2828 1055 2898 ficta
1082 2835 1336 2912 contemnant;

285 2945 555 3039 philosophiam,
568 2969 646 3037 quae
658 2946 752 3038 apud
767 2945 885 3014 Deum
899 2943 1052 3013 stultitia
1064 2953 1128 3025 est,
1142 2966 1206 3035 pro
1223 2945 1336 3015 nihilo

285 3070 515 3154 computent:
533 3072 570 3133 ct
583 3060 677 3150 (MS
685 3059 839 3155 sedsor.
853 3061 914 3130 sed
931 3064 982 3154 et)
998 3083 1080 3129 vera
1096 3059 1281 3151 sapientia,
1301 3061 1336 3128 id

285 3189 350 3260 est,
377 3178 547 3273 religione
568 3187 742 3269 suscepta,
761 3177 848 3246 liant
866 3174 1143 3245 immortalitatis
1165 3175 1334 3245 haeredes.

286 3293 340 3365 At
356 3296 450 3364 enim
468 3300 666 3384 repugnant
686 3315 758 3362 non
781 3301 855 3362 tam
880 3291 1030 3374 veritati,
1054 3315 1160 3383 quam
1184 3295 1334 3386 propriae

285 3409 412 3491 saluti3
449 3429 602 3499 cumque
617 3407 693 3476 hac
713 3407 872 3488 audiunt,
890 3405 989 3475 velut
1014 3406 1158 3498 aliquod
1175 3408 1335 3500 inexpia-

285 3523 358 3595 bile
394 3522 492 3593 nefas
529 3522 762 3591 detestantur.
828 3519 899 3592 Sed
940 3544 985 3590 ne
1025 3523 1148 3593 audire
1186 3523 1332 3613 quidem

284 3641 490 3735 patiuntur3
521 3637 642 3708 violari
672 3659 774 3707 aures
804 3659 884 3707 suas
917 3635 1099 3731 sacrilegio
1133 3647 1272 3730 putant,
1303 3640 1331 3708 si

284 3755 469 3835 audierint,
489 3776 556 3822 nec
574 3754 650 3844 J'am
674 3752 871 3822 maledictis
892 3752 1082 3835 abstinent,
1100 3756 1171 3835 sed,
1190 3757 1334 3846 quantis

283 3881 440 3963 possunt,
454 3869 641 3941 verborum
655 3867 879 3939 contumeliis
895 3869 1134 3954 insectantur3
1151 3871 1332 3962 iidemque

283 3983 382 4072 (MS.
413 3986 587 4078 idemque,
609 3981 687 4079 sor.
722 3986 888 4078 ideoque)
919 3987 947 4056 si
985 3993 1197 4078 potestatem
1233 3989 1330 4058 nacti

283 4100 424 4180 fuerint,
460 4099 559 4170 velut
601 4100 721 4170 hostes
755 4100 915 4192 publicos
949 4109 1217 4195 persequuntur,
1258 4103 1331 4171 imo

281 4214 389 4283 ctiam
414 4213 622 4304 plusquam
647 4215 787 4298 hostes3
819 4239 978 4307 quorum,
1005 4238 1087 4285 cum
1118 4216 1213 4286 bello
1244 4219 1328 4288 vieti
