2867 4817
279 311 344 379 190
612 310 991 376 ΑΝΝΟΤΑΤῙΟΝΕΒ

277 481 403 545 luerem
430 501 527 545 omnes
555 481 593 545 de
617 484 782 547 testimonio
806 492 971 568 amporam
994 482 1203 567 modion
1218 484 1326 567 stem,

271 568 409 651 priorem
422 567 584 631 obeditores
596 568 734 653 reptilem
747 578 880 633 notram
895 568 977 631 omni
997 568 1140 632 heretice
1153 570 1326 653 pretim.

278 653 331 717 lib.
348 651 389 717 V.
405 676 433 718 o.
448 673 498 736 19.
543 652 654 737 Neque
674 654 771 719 aliter
790 654 831 719 de
849 656 910 718 hae
929 674 965 717 re
984 654 1102 718 sentire
1116 654 1208 719 video
1222 655 1327 719 virum

277 739 437 804 eruditum
450 738 474 803 J
476 760 610 803 oannem
622 738 714 825 Kaye
726 740 975 805 Linoolniensem
985 739 1167 825 episeopum
1181 741 1214 803 in
1228 761 1327 825 opere

144 873 150 879 .
278 824 415 910 Angliea
427 825 536 911 lingua
549 826 739 910 conscripto,
755 825 806 889 oui
823 826 936 890 titulus
949 826 1034 889 Hie.
1049 825 1134 889 Eeel.
1149 827 1226 890 See.
1240 826 1273 891 ii.
1288 835 1326 892 et

277 910 936 1083 llllllgtblrmrlllllliiqblllllllplarblpltllllllllllaurll
947 932 1042 1081 illilus
1064 996 1162 1081 ipsius
1180 997 1218 1061 de
1231 997 1325 1061 Proe-

276 1082 438 1167 eeriptiooe
460 1082 682 1146 Hoeretieoremt
703 1082 800 1147 libelli
824 1082 835 1146 i
858 1105 928 1147 sum
952 1082 1109 1165 ἀκέφαλον
1130 1090 1223 1167 putat
1242 1105 1323 1160 esse,

279 1168 369 1251 quasi
392 1167 467 1231 olim
492 1168 710 1253 praecesserint
734 1191 820 1233 nonn
864 1192 885 1233 a
907 1175 1020 1233 eontra
1042 1169 1179 1233 haereses
1200 1168 1325 1254 aliquot

277 1252 406 1338 scripto,
422 1253 495 1317 huie
516 1254 643 1338 quidem
666 1254 834 1340 suspioioni
856 1254 974 1339 opponi
989 1260 1099 1340 potest
1112 1254 1184 1319 linis
1197 1261 1231 1319 et
1245 1276 1324 1318 oon·

277 1339 375 1403 elusio
395 1340 480 1423 ejus:
510 1340 573 1404 Sed
584 1360 666 1403 emto
683 1341 813 1425 quidem,
829 1340 877 1404 ait
890 1346 1012 1417 anoton
1026 1340 1208 1425 penetraliter
1220 1349 1326 1403 admo

276 1424 441 1489 adolete
452 1424 934 1491 ammoto-eomedit
944 1426 1325 1511 etjeutieproeeoriptiooi·

277 1510 330 1575 tos
351 1510 538 1597 repellendae
561 1511 762 1577 (stellatione
787 1513 1031 1596 Soriptorerum.
1074 1513 1124 1576 De
1146 1512 1269 1597 reliquo,
1294 1513 1326 1575 ei

276 1596 1324 1683 Deiprotiooomoeritetiomspeoialiterqaiboedomretpoude-

277 1682 382 1747 dimon
428 1683 473 1747 Et
491 1682 650 1768 Oumleoos
663 1683 791 1768 quidem
805 1684 1027 1747 Horeteeoremi
1040 1683 1114 1747 huie
1125 1683 1209 1747 libro
1223 1706 1324 1767 quan·

276 1769 381 1853 doque
394 1775 549 1853 tanquam
571 1790 645 1854 pars
666 1770 735 1854 ejus
752 1770 900 1854 subjungi
919 1770 1009 1833 solet.
1055 1768 1145 1834 Idem
1160 1791 1234 1834 vero
1248 1790 1324 1834 enm

276 1856 310 1918 in
338 1854 408 1919 aliis
437 1854 677 1939 exemplaribus,
704 1861 775 1920 tum
799 1876 874 1919 vero
902 1856 936 1919 in
965 1854 1185 1941 Hirsangiensi
1213 1856 1324 1921 codiee

276 1940 306 2004 ei
321 1940 532 2026 praeeedebat.
566 1939 630 2005 Sed
644 1940 685 2004 de
698 1943 760 2005 hoo
774 1941 935 2026 opusetdo
950 1941 1036 2026 qnod
1046 1940 1129 2005 alifis
1143 1941 1287 2027 proiecto
1301 1964 1324 2007 a

276 2026 474 2091 Tertulliano
488 2024 651 2111 soriptoris
664 2027 791 2092 videtur
804 2049 883 2103 esse,
898 2026 970 2112 plus
982 2026 1077 2091 inira.

320 2112 359 2175 P.
374 2130 443 2177 122.
465 2112 488 2175 1.
508 2130 557 2179 12.
580 2112 665 2196 quod
690 2119 818 2177 tantum
842 2113 979 2177 hareses
1002 2113 1139 2188 valeant.
1166 2119 1323 2196 quantum

275 2197 356 2285 sint]
374 2196 466 2262 Istud
507 2207 634 2261 omem
653 2200 715 2263 etot
736 2198 884 2263 editionis
903 2198 1052 2284 prinoipis
1071 2198 1165 2262 leutio
1184 2205 1235 2263 est
1248 2220 1323 2283 pro

276 2283 375 2348 bante
386 2219 538 2360 Pamelo
550 2283 661 2349 itidem
671 2283 695 2348 J
696 2284 771 2349 nnio
785 2284 819 2348 in
832 2285 918 2348 notis
931 2284 1063 2349 editioni
1074 2284 1323 2350 Franelteriasus

274 2370 417 2447 adnexis,
432 2369 487 2433 ubi
501 2370 558 2445 ait,
572 2378 591 2406 “
603 2370 712 2447 Recte,
728 2392 804 2435 nam
816 2370 851 2433 τὸ
866 2370 944 2434 εἶναι
957 2370 1120 2435 haereseon
1133 2370 1238 2435 valere
1251 2378 1320 2446 est;

277 2463 297 2578 ἶῖ
312 2455 574 2606 extitit
591 2456 1321 2608 Vttllttttlztffittffltt

275 2628 362 2729 apud
377 2627 562 2708 Quintinum
583 2626 617 2691 in
640 2627 780 2692 editione
799 2629 894 2713 hujus
915 2634 1085 2707 tractatus,
1103 2593 1323 2712 Gallienmqud

276 2714 416 2797 ejusdem
438 2712 645 2798 interpretem
668 2714 854 2778 Maoerium.
902 2714 1055 2793 Quantam
1074 2723 1154 2791 mot,
1168 2714 1323 2779 exhibent

277 2799 462 2877 Delaoerda,
489 2799 542 2884 qui
567 2799 799 2864 Tertullianum
826 2799 928 2865 edidit
954 2800 1087 2865 Parisiis
1114 2822 1200 2864 anno
1227 2806 1320 2885 1630,

275 2884 536 2970 Christianusque
552 2886 661 2970 Lupus
681 2887 715 2949 in
736 2886 815 2949 edit.
831 2885 926 2970 hujus
946 2886 1043 2950 libelli
1057 2886 1215 2950 Bruxellis
1235 2908 1322 2951 anno

281 2973 360 3055 1675
386 2971 472 3055 typis
497 2972 660 3037 mandata.
706 2971 771 3036 Hie
793 2970 879 3035 enim
899 2971 1067 3037 lectionem
1092 2972 1320 3057 Rigaltianam,

276 3057 430 3136 &eoldum
443 3057 540 3121 aeon
545 3059 703 3140 fuetseoti
717 3058 916 3158 repudiavit3
932 3059 1022 3143 eujus
1036 3058 1163 3143 quidem
1176 3057 1322 3122 lectionis

273 3313 344 3391 siret,
362 3313 506 3397 foetenti.
551 3313 597 3378 Et
610 3315 654 3378 ad
674 3315 805 3379 tertiam
826 3315 998 3381 editionem
1018 3338 1110 3380 suam
1123 3316 1319 3399 anno1528.

274 3400 359 3463 idem
373 3398 545 3463 Rhenanus
559 3400 620 3463 hoe
634 3401 809 3479 annotavit,
826 3410 846 3437 ‘⁴
856 3401 1045 3486 Soripsimus
1059 3412 1206 3489 ptooteoo
1218 3403 1248 3465 εἰ
1261 3422 1321 3465 nox

275 3486 445 3569 “suimet
476 3485 745 3550 eonsentientibus
773 3486 1005 3571 exemplaribus
1033 3487 1205 3573 plurimis.”
1250 3487 1320 3553 Me-

273 3577 441 3656 metatque
455 3570 489 3634 in
502 3571 563 3636 hae
577 3578 670 3656 purte
686 3571 879 3637 Vaticanum
901 3573 1040 3637 oodioem
1060 3574 1131 3638 MS.
1148 3572 1319 3638 Pameliux

274 3658 357 3722 'lum
371 3678 446 3723 vero
460 3656 493 3720 in
507 3657 585 3721 edit.
599 3657 701 3723 Paris.
718 3662 797 3743 1556
812 3680 937 3735 excusa,
950 3680 1022 3744 quoe
1036 3660 1173 3743 quidem,
1188 3667 1227 3723 ut
1241 3659 1318 3736 dixi,

274 3743 455 3809 Gelenianae
476 3743 625 3829 repetitio
647 3750 705 3820 est,
722 3744 782 3808 hoo
803 3752 904 3822 extat,
922 3746 1077 3825 woden
1095 3766 1156 3809 noo
1173 3745 1318 3820 vaierent

271 3831 300 3894 si
313 3830 523 3913 ooosoieeeol.
567 3828 669 3894 Immo
684 3836 796 3895 extare
809 3830 891 3895 bane
904 3831 1073 3896 lectionem
1086 3853 1170 3895 nune
1179 3831 1273 3895 video
1286 3831 1319 3893 in

272 3916 412 3981 editione
428 3914 530 3981 Paris.
545 3938 630 3979 anno
646 3934 726 4001 1545
742 3938 764 3980 a
780 3917 954 4065 Ganpneio
971 3924 1009 3982 ut
1023 3918 1133 3994 lentur,
1148 3918 1317 3993 adornata,

294 4002 411 4087 uinque
440 4022 541 4066 annos
569 4008 646 4065 ante
673 4001 777 4087 ipsam
803 4004 1010 4067 Geenianam
1037 4004 1124 4089 typis
1152 4002 1318 4088 impressa.

273 4024 418 4172 benique
441 4109 501 4172 ope
524 4108 599 4151 ursus
623 4089 852 4174 exemplmium
873 4088 1040 4174 Agebat-di
1064 4098 1099 4153 et
1119 4089 1321 4155 Divionensis

274 4172 440 4260 Rigaltius,
457 4180 565 4257 spreto
583 4173 703 4258 jndioio
725 4174 867 4251 Pamelii
891 4182 925 4239 et
938 4174 1039 4254 Jnnii,
1062 4176 1149 4253 illud,

271 4259 382 4323 vineo
402 4258 545 4343 fem,
576 4280 647 4323 oum
673 4259 931 4346 interrogationis
959 4262 1060 4347 signo,
1084 4261 1118 4325 in
1188 4262 1320 4326 'tionem
