2867 4817
294 233 340 302 94
598 227 982 294 ANNOTATIONES

295 399 378 468 filins
401 398 491 466 Ἠ).
507 397 668 466 Henrieus
689 399 847 466 Justellus
868 399 973 486 ipsum
997 398 1076 464 illud
1101 399 1285 484 antiquum
1305 422 1351 463 ex·

296 486 418 639 {mplar
438 509 510 552 cum
532 485 602 552 eliis
623 487 768 574 pluribus
788 486 1014 552 humanissime
1035 487 1275 552 commodavit
1298 485 1351 550 Pr„

327 597 414 638 aser.

340 661 419 741 Qua
442 657 493 723 hic
516 657 671 724 collocata
694 666 745 724 est
769 658 889 744 Synodi
908 657 1138 723 Alexandrinae
1166 657 1320 744 Epistula
1333 681 1353 722 a

297 747 329 812 S.
342 744 459 831 (lyr-illo
481 745 668 831 conscripta,
692 745 779 810 illum
799 753 875 830 post
893 745 988 830 paulo
1010 766 1031 809 a
1051 744 1194 808 concilio
1262 745 1354 809 nessii

298 831 460 933 Ephesino
474 839 636 916 receptam
650 830 748 896 luisse
761 853 802 895 ex
815 831 911 916 hujus
930 830 1025 896 Actis
1038 830 1119 894 satis
1133 829 1171 892 in
1237 831 1352 916 'gimm
1432 863 1434 881 κ

298 919 382 983 Vide
402 918 478 983 Aet.
497 917 523 982 1.
566 919 682 1002 ³39⁶·
704 917 765 982 vol.
782 917 810 980 Ι.
832 917 947 982 Coacil.
966 917 1039 982 odit.
1057 915 1229 980 Eordaia.
1273 917 1354 981 Idas

296 1004 437 1070 offinuat
451 939 625 1070 Ooncdium
638 1003 787 1090 generale
805 1001 1203 1088 Constantinopolitanum
1223 1003 1276 1066 ΙΙ.
1292 1025 1355 1088 qm

297 1091 425 1178 quidem
440 1091 578 1176 synodus
588 1088 685 1174 jussit
699 1089 885 1175 opusculum
896 1089 990 1154 Actis
1004 1089 1070 1153 suis
1083 1087 1354 1165 interserendum,

297 1185 335 1242 ut
359 1183 451 1263 patet
466 1198 506 1240 ex
521 1175 635 1241 Oollat.
649 1175 709 1239 VI.
747 1196 779 1260 p.
792 1178 862 1261 156.
882 1177 953 1240 162.
972 1175 1033 1240 vol.
1046 1173 1112 1237 111.
1132 1175 1257 1240 Oeacil.
1277 1176 1357 1240 Har-

298 1263 385 1328 duin.
401 1270 435 1328 et
449 1283 481 1364 p.
493 1263 568 1347 528,
588 1261 648 1326 vol.
661 1260 704 1326 V.
774 1262 837 1328 bbe
855 1269 891 1326 et
910 1262 1051 1327 Oossart.
1094 1259 1175 1336 Ubi,
1204 1263 1357 1346 quemad

299 1350 428 1414 modum
454 1371 486 1412 m
511 1347 606 1412 Actis
636 1346 816 1433 Ephesinis,
843 1355 928 1432 part.
946 1349 974 1411 1.
999 1369 1068 1432 cap.
1082 1368 1114 1428 4
1141 1346 1227 1410 illud
1252 1348 1358 1434 ipsum

299 1435 408 1521 (lyr-illi
427 1456 516 1520 opus,
533 1435 589 1498 sed
610 1433 726 1498 Latine
739 1440 877 1511 tantum,
896 1455 969 1498 cum
987 1433 1156 1498 duodecim
1174 1433 1244 1497 illis
1265 1436 1359 1520 Capi-

299 1521 376 1586 tulis
401 1521 431 1586 ei
455 1521 599 1621 adjectis,
626 1520 810 1585 collocetur.
853 1521 950 1584 Adde
978 1519 1065 1604 qnod
1093 1519 1126 1582 in
1155 1519 1360 1609 Definitionc

301 1608 393 1672 Fidei
413 1605 536 1672 concilii
556 1606 830 1683 Chalcedonensis,
847 1629 919 1692 quae
939 1606 1024 1670 infra
1043 1628 1065 1670 a
1085 1626 1136 1670 me
1157 1607 1275 1690 posita
1299 1615 1359 1682 est,

299 1693 384 1758 idem
409 1693 450 1759 de
479 1692 602 1758 concilii
629 1692 783 1778 Ephesini
809 1692 1043 1778 approbatione
1070 1713 1142 1756 cum
1172 1691 1275 1758 leude
1312 1716 1360 1758 re

300 1779 410 1844 fertur.
457 1778 618 1845 Conferet
633 1777 805 1844 Actionem
821 1779 1000 1843 Secundam
1015 1777 1145 1844 Ooncilii
1156 1777 1360 1846 Oheloedm

300 1865 395 1930 finem
424 1887 542 1930 versus.
598 1865 701 1929 Porro
727 1864 774 1929 fre
797 1865 983 1930 uentissima
1009 1864 1072 1929 fuit
1104 1864 1177 1949 ipsu
1209 1868 1361 1950 synodm

300 1951 522 2016 Alexandrina
544 1972 584 2015 ex
610 1951 756 2016 omnibus
821 1951 912 2036 gypti
931 1951 1077 2037 partibus
1097 1949 1245 2028 collecta,
1271 1961 1361 2016 teste

302 2036 507 2102 Conciliololl
531 2036 681 2137 Ephesum
699 2037 900 2122 Paraplroal
923 2035 1063 2102 Arabico
1085 2059 1117 2123 p.
1132 2038 1228 2120 1638,
1248 2039 1313 2102 vol.
1328 2040 1360 2102 Ι.

302 2124 419 2190 Coascil.
436 2122 595 2188 Hardum.
640 2123 724 2188 Sunt
738 2145 864 2208 quoque
883 2122 1142 2196 celebratissima,
1162 2123 1266 2187 immo
1281 2147 1360 2189 nus-

302 2231 398 2296 quam
420 2231 484 2274 non
505 2231 526 2273 a
547 2209 812 2274 contendentibus
832 2209 917 2273 inter
937 2208 979 2274 se'
993 2209 1148 2294 partibus,
1162 2209 1215 2274 vel
1231 2233 1360 2298 oppug-

301 2303 389 2374 nata,
405 2295 453 2360 vel
469 2294 638 2373 vindicata
651 2295 830 2360 Duodecim
844 2293 900 2360 illa
914 2295 1071 2380 Capitule,
1083 2317 1140 2360 seu
1151 2294 1359 2362 Anathema·

300 2382 423 2448 tismati
432 2381 582 2447 adversus
593 2380 733 2447 Nestorii
743 2380 976 2467 haeresimque
987 2381 1060 2446 huic
1069 2381 1212 2530 epistolae
1221 2384 1360 2468 subjun-

301 2475 441 2618 ppntun
463 2467 636 2532 venerenda
651 2468 789 2554 capitulo
808 2467 969 2618 appellata
988 2468 1022 2532 in
1040 2467 1080 2532 Fi
1102 2469 1132 2531 ei
1145 2467 1358 2534 Oousessione

302 2552 820 2707 censualibus
835 2555 1240 2726 uufin
1254 2555 1358 2707 dd

301 2727 497 2814 pretationes
511 2734 634 2792 veteres
646 2725 772 2792 Letinae
781 2727 934 2804 existunt,
946 2726 1002 2791 sed
1013 2726 1068 2791 illu
1078 2725 1223 2811 Dionysii
1233 2727 1355 2816 Exigui

301 2836 324 2878 a
349 2835 399 2878 me
427 2813 540 2878 addita
564 2820 623 2890 est,
655 2813 746 2898 cujus
775 2813 937 2898 exemplar
962 2813 1063 2877 codex
1084 2811 1185 2878 habet
1214 2813 1289 2879 MS.
1320 2817 1356 2879 in

304 2899 436 2964 Labbaei
459 2897 698 2999 praemonitione
716 2905 990 2977 commemoratus,
1005 2900 1194 2964 venerandae
1212 2901 1354 2986 antiqui·

303 2986 391 3063 tatis,
403 2993 436 3050 et
444 2984 643 3050 bibliothecae
655 2985 837 3050 Bodleianae
848 2985 890 3050 ab
902 2984 1044 3050 Henrico
1051 2984 1076 3050 J
1077 2985 1191 3050 ustello
1202 2986 1352 3064 donatus,

303 3072 357 3157 qui
380 3071 508 3157 quidem
530 3070 578 3135 vir
601 3071 639 3136 cl.
659 3071 880 3156 Obsistophori
900 3071 983 3136 iilius
1001 3071 1094 3150 filius,
1109 3071 1197 3156 prius
1218 3073 1354 3139 Parisiis

303 3179 389 3224 anno
418 3159 495 3222 1661
525 3157 607 3222 hane
634 3157 742 3243 Gyrilli
767 3157 935 3243 epistolam
964 3180 1004 3223 ex
1029 3158 1141 3223 eodem
1166 3159 1275 3224 codice
1298 3183 1352 3224 ac-

303 3252 430 3331 ceptam
445 3242 589 3308 ediderat
603 3243 637 3308 in
650 3242 807 3309 volumine
821 3243 924 3330 primo
938 3242 1131 3309 Bibliotheca
1144 3266 1211 3309 suae
1234 3247 1353 3310 (ἔναιε

306 3331 479 3409 Cauloniae,
495 3351 568 3429 pag.
584 3347 654 3413 175.
691 3329 851 3396 (laetorum
863 3351 903 3393 ex
914 3329 1031 3394 Libello
1042 3329 1192 3414 synodico
1201 3331 1352 3396 notitiam

304 3417 399 3503 hujus
416 3415 547 3482 (lencilir
563 3415 715 3501 praemisi;
739 3438 835 3502 quam
846 3416 973 3500 quidem
988 3416 1200 3483 Oonciliorum
1211 3419 1352 3482 omnium

304 3503 347 3567 ed
362 3524 479 3568 nonum
494 3524 593 3589 prope
609 3501 758 3566 seeeulum
774 3502 802 3566 Ε
825 3503 943 3567 itomen
958 3504 1079 3589 primus
1093 3502 1194 3568 edidit
1207 3503 1233 3568 J
1233 3527 1351 3569 oannes

305 3591 355 3654 Po
377 3612 437 3676 pus
451 3589 661 3674 Argentorati
677 3587 802 3652 annoO
843 3588 895 3652 'sti
914 3592 1006 3653 1601.

350 3611 388 3742 i.
405 3677 454 3740 18.
469 3675 489 3740 l.
498 3695 530 3760 3.
547 3674 662 3753 σιωπὴν
676 3677 751 3740 οὕτω
766 3673 943 3754 τιμήσαντες
956 3675 1011 3754 τὴν
1024 3675 1154 3760 μακρὰν]
1175 3677 1242 3740 Pro
1256 3677 1350 3741 verbo

305 3761 482 3842 replicantes
496 3761 713 3846 reponendum
726 3761 853 3826 videtur
866 3761 1057 3842 τηρήσαντες,
1073 3770 1217 3828 vertente
1228 3771 1291 3828 vet.
1306 3763 1349 3827 in-

305 3855 447 3934 terprete
462 3847 616 3932 Dionysio
631 3847 766 3934 Exiguo,
778 3847 959 3912 dicturam
971 3848 1348 3914 decima-ominare.

346 3933 429 3999 Ibid.
454 3933 475 3998 l.
492 3935 521 3997 8.
551 3939 613 4000 reis
635 3934 734 3998 ἐκεῖσε
754 3934 863 4018 μόνον]
899 3936 1014 4001 Μόνοις
1038 3935 1081 3999 ad
1109 3955 1212 4021 marg.
1242 3935 1348 4000 Conci·

304 4021 419 4086 liorum
441 4019 483 4084 ed
506 4017 623 4083 ositum
646 4025 715 4094 est;
740 4020 852 4085 itidem
870 4019 913 4084 ad
932 4041 1021 4084 orem
1043 4021 1193 4085 editionis
1212 4022 1349 4107 Operum

307 4041 795 4192 S.0yn111dlex.Aubertinae,
819 4105 874 4170 ubi
897 4105 1026 4191 reliquae
1051 4106 1117 4172 fere
1142 4128 1252 4172 omnes
1273 4109 1348 4174 Gon

306 4194 448 4262 ciliorum
461 4189 613 4256 lectiones
626 4191 803 4257 afferuntur
812 4192 1012 4280 marginales,
1024 4215 1095 4278 quae
1106 4193 1139 4258 in
1149 4194 1348 4284 sequentibus
