2867 4817
275 287 339 353 1s6
665 286 935 353 PRAEFATIO.

276 460 325 537 lis,
337 458 391 543 qui
399 456 583 543 anticipatis
593 456 794 543 opinionibus
804 458 960 523 tenaciter
969 456 1099 537 addet,
1111 478 1168 522 neo
1179 458 1336 543 perieulis

275 559 513 625 imminentibus
534 559 761 645 seeeobjieene
782 559 946 639 audentes,
969 558 1131 645 praeiriota
1149 559 1334 626 frontone-

273 671 354 751 gant
375 684 446 747 quae
468 660 630 726 verissima
650 668 736 740 sunt,
758 668 792 727 et
819 668 905 726 metu
933 660 1068 746 persulsi
1090 682 1199 747 regem
1221 662 1333 747 ipsum

275 768 405 844 adeunt,
435 786 475 829 ne
500 764 629 831 veritati
654 763 710 827 lux
734 764 842 848 aliqua
867 763 968 848 possit
996 762 1329 851 affulgeretffdeinds,
1432 778 1433 783 ’

276 867 331 932 nbi
345 867 544 932 subeundum
557 873 608 931 est
621 864 804 951 perieulum,
821 865 1012 930 sententiam
1026 872 1164 945 mutant,
1179 872 1214 930 et
1229 866 1330 930 inter·

275 968 509 1055 pretationibus
533 967 644 1033 alienis
666 968 835 1033 verborum
854 988 947 1031 usum
967 967 1136 1031 immutare
1158 974 1328 1045 sonantur,

276 1077 314 1136 ut
328 1071 424 1137 fidem
440 1070 543 1155 patris
556 1070 599 1135 ab
617 1068 657 1133 iis
675 1068 859 1133 alienissimi
877 1068 1036 1133 declinare
1054 1068 1186 1154 possint.
1233 1068 1329 1134 Nune

276 1173 459 1238 indubitata
472 1180 523 1237 est
537 1172 684 1257 Epistola
698 1171 924 1256 Chrysostomi,
937 1171 1161 1237 confitentibus
1171 1172 1260 1257 ipsis,
1273 1172 1328 1257 qui

276 1274 390 1359 majori
405 1274 545 1359 partium
565 1273 671 1338 studio
690 1273 892 1337 tenebantur.
929 1272 1053 1336 Deinde
1067 1272 1128 1357 'qui
1146 1272 1253 1357 prima
1266 1272 1328 1337 ele·

276 1385 387 1442 menta
399 1376 577 1461 linguarum
591 1383 718 1453 norunt,
735 1374 878 1439 eonfiteri
898 1375 1025 1450 debent,
1041 1382 1075 1439 et
1094 1375 1181 1460 apud
1195 1376 1328 1440 Grseoos

196 1507 198 1510 ·
277 1481 381 1557 φύσιν,
396 1486 588 1544 etesiarum
602 1479 688 1565 apud
702 1479 892 1563 interpretes
908 1476 1041 1541 Latinos
1058 1477 1246 1563 significare,
1261 1500 1330 1542 non

276 1580 462 1654 assidentia,
480 1582 537 1645 sed
550 1579 750 1645 salamiam
768 1580 879 1666 ipsam,
895 1580 960 1644 sive
979 1586 1129 1645 naturam
1146 1580 1240 1664 panis
1254 1602 1328 1665 quas

276 1693 417 1748 maaria.
454 1682 608 1768 Denique,
632 1683 660 1747 si
683 1682 927 1768 chrysostomus
951 1682 1109 1759 audiatur,
1134 1681 1329 1746 elementum

276 1784 432 1850 liberatur
452 1784 648 1849 solummodo
673 1784 874 1869 appellatione
892 1785 1010 1870 passa·
1041 1790 1185 1849 mutatur
1209 1806 1329 1849 nomen

277 1894 312 1952 et
325 1888 506 1952 substantia
521 1894 675 1952 remanet.
712 1887 766 1952 Sie
785 1886 982 1961 Bssssorus3
1007 1908 1142 1973 pergens
1162 1894 1236 1973 post
1256 1888 1328 1953 haeo

277 2002 443 2077 exponere,
474 2012 545 2075 quas
579 1989 675 2055 suerit
708 1989 901 2075 Apollinaris
932 1990 1102 2055 Laodieeni
1131 1992 1171 2055 de
1199 1991 1329 2055 duabus

277 2093 401 2159 naturis
424 2092 545 2157 Christi
567 2092 735 2171 sententia,
759 2113 856 2177 quam
877 2092 1022 2158 aoniutat
1045 2092 1078 2156 in
1103 2092 1164 2157 hae
1189 2092 1329 2177 epistola

276 2196 541 2280 chrysostomum
563 2194 679 2259 deinde
693 2195 884 2280 respondere
897 2194 1093 2281 argumentis
1111 2194 1149 2259 ol.
1169 2194 1328 2279 Scipionis

279 2296 399 2374 Maffei,
430 2298 486 2381 qui
514 2296 548 2360 in
578 2296 714 2381 epistola
742 2296 785 2360 ad
815 2296 1008 2382 Basuagium
1038 2296 1214 2361 rationibus
1248 2320 1328 2364 usus

277 2398 434 2483 aliquibus
453 2399 637 2483 opuseulum
658 2421 680 2462 a
697 2398 924 2483 cinysostomo
943 2398 1126 2485 abjudioare
1146 2400 1326 2465 studuerat.

279 2501 520 2566 Montiauoonio
547 2523 622 2565 vero
650 2502 868 2585 chrysostomi
897 2522 995 2587 opera
1022 2502 1129 2567 edenti
1157 2502 1327 2568 verisimile

276 2603 454 2681 videbatur,
469 2611 633 2668 auctorem
647 2603 790 2689 epistola
805 2604 919 2668 monio
934 2603 1048 2669 vixisse
1063 2604 1273 2689 Eutychiana,
1290 2614 1327 2670 et

277 2704 405 2771 linxisse
434 2727 468 2770 se
493 2713 606 2770 eontra
632 2705 749 2770 librum
772 2706 974 2791 Apollinaris,
1001 2707 1034 2769 in
1062 2706 1171 2771 multis
1196 2708 1326 2791 quidem

277 2830 351 2874 eum
370 2808 516 2893 Eutyche
530 2807 705 2884 sentientis,
725 2808 871 2887 seribere,
887 2816 925 2873 ut
944 2816 1135 2894 supponeret
1157 2810 1326 2895 epistolam

277 2910 503 2998 Ohrysostomo
511 2910 566 2973 diu
576 2916 652 2973 ante
661 2909 806 2974 haeresim
815 2910 971 2995 Eutychis
978 2918 1083 2975 ortam
1091 2918 1194 2976 morte
1203 2912 1324 2977 innato.

279 3012 353 3077 Hoo
375 3013 473 3077 reiert
495 3011 623 3075 Harles.
647 3011 690 3074 ad
717 3012 858 3076 Fabrioii
883 3010 1027 3077 Bittiott.
1054 3014 1110 3077 Gr.
1136 3014 1197 3077 vol.
1221 3016 1324 3080 VIII.

278 3137 308 3199 p.
323 3128 398 3199 541.
423 3114 473 3177 de'
487 3114 740 3191 Montiaueonio‚
765 3115 854 3199 eujus
880 3114 1006 3200 quidem
1030 3116 1128 3179 editio
1154 3116 1186 3179 S.
1208 3116 1325 3202 Chrys-

277 3215 393 3280 ostomi
414 3214 491 3279 mihi
517 3235 600 3278 nune
623 3213 750 3280 demum
772 3216 815 3279 ad
839 3238 968 3280 manum
993 3224 1051 3281 est.
1097 3217 1218 3281 Tamen
1240 3220 1325 3283 anti·

278 3318 461 3403 quissimam
483 3316 649 3401 epistolam
674 3338 743 3381 esse
767 3318 969 3383 consentiunt
994 3340 1111 3397 omnes,
1136 3341 1207 3404 quae
1230 3327 1265 3385 et
1289 3320 1324 3385 S.

276 3420 301 3484 J
302 3420 397 3486 oanni
416 3420 642 3504 chrysostomo
665 3420 865 3495 attribuitur,
881 3442 944 3484 non
961 3426 1089 3485 tantum
1104 3422 1138 3485 in
1161 3421 1324 3487 codicibus

277 3522 415 3608 seriptis,
436 3522 489 3606 qui
508 3542 622 3585 nomen
641 3522 709 3606 ejus
728 3521 761 3585 in
780 3521 875 3585 titulo
894 3522 1076 3606 praeierunt,
1095 3544 1203 3587 verum
1224 3525 1325 3589 etiam

277 3624 494 3710 Ohrysostomi
512 3646 581 3688 esse
600 3624 718 3689 dieitur
736 3646 756 3689 a
774 3646 830 3689 sex
849 3626 1007 3690 veteribus
1031 3627 1224 3705 auctoribus,
1245 3650 1324 3713 quo-

276 3750 348 3791 rum
371 3727 521 3804 nonnulli,
541 3734 579 3792 ut
595 3726 738 3791 Joannes
757 3727 984 3805 Damascenus,
1004 3729 1100 3793 verba
1118 3730 1264 3814 quadarn
1283 3754 1324 3797 ex

276 3827 331 3891 illo
353 3835 587 3913 exoerpserunt.
626 3830 744 3893 Verum
774 3828 925 3914 quidquid
951 3829 991 3893 de
1019 3836 1150 3895 austere
1179 3832 1324 3915 epistolas

277 3930 345 4007 fiat,
361 3931 508 4016 opinatos
521 3954 591 3996 esse
604 3938 727 3996 veteres
746 3953 875 3996 manere
893 3932 984 4016 panis
1005 3942 1154 3997 naturam
1174 3956 1229 3998 seu
1249 3936 1324 4001 sub-

277 4033 430 4097 stantiam
438 4034 472 4097 in
480 4034 680 4111 eucharistia,
690 4035 807 4120 probat
816 4034 978 4119 scriptoris
987 4034 1081 4119 hujus
1089 4042 1323 4122 argumentum,

277 4134 342 4198 sive
353 4134 531 4215 illustratio,
544 4159 603 4221 pro
616 4136 789 4202 existentia
800 4137 935 4201 duarum
946 4144 1132 4203 naturarum
1147 4140 1180 4203 in
1194 4138 1324 4205 Christo

277 4259 317 4301 ex
327 4237 551 4323 'permansione
566 4240 657 4324 panis
671 4240 703 4304 in
718 4248 918 4306 sacramento
932 4242 1077 4326 petitum.
