2867 4817
287 322 353 385 224
626 316 1005 382 ANNOTATIONES

331 490 369 553 P.
386 508 454 573 170.
471 489 491 552 l.
512 509 536 552 1.
553 489 664 553 eadem
679 487 799 572 disere]
815 486 924 565 Forte,
939 488 1044 553 eudem
1058 488 1174 566 dioens,
1191 487 1251 552 nisi
1266 489 1337 573 quis

288 576 371 640 forte
385 575 471 653 velit,
487 596 521 639 eu
668 574 780 638 dicere.
804 572 828 637 J
830 596 933 637 uruus.
980 573 1033 638 Ita
1048 573 1220 638 Rhenanus
1233 574 1338 639 eadem

287 661 387 726 deero
402 661 538 726 retinere
552 684 592 725 vo
604 668 705 737 uerat,
722 660 819 723 verbo
833 670 956 724 mamas
968 668 1012 724 est
1030 680 1070 724 ex
1085 660 1338 745 praeeedentibus

288 747 466 811 subaudito.
501 747 568 831 Sup
590 746 655 811 lere
670 755 697 811 et
711 751 788 810 ante
802 746 906 810 endem
920 745 988 811 vult
1003 747 1189 811 Annetater
1202 747 1244 810 ed
1258 746 1336 811 edit.

288 832 475 897 Romanam.
520 769 590 896 sed
598 832 735 896 fortasse
748 831 854 896 eodem
867 832 974 895 dioens
988 832 1218 917 praeferendum
1233 839 1293 897 est.

333 918 415 982 Ibid.
428 918 447 981 l.
464 938 510 997 ¹4·
522 918 556 982 in
570 939 697 982 eamem
712 938 802 981 suam
817 917 925 1003 lapsus
939 920 1002 1003 est]
1019 917 1170 1005 Superius
1180 925 1338 984 annotata

289 1004 359 1069 vide
374 1004 416 1067 ad
431 1002 617 1068 Tertulliani
632 1004 681 1067 De
696 1005 829 1068 Proeser.
845 1026 914 1088 eap.
929 1024 983 1088 30.

334 1090 414 1154 Ibid.
438 1090 458 1153 l.
479 1091 525 1153 16.
548 1089 679 1154 infinitis
705 1089 919 1175 superioribus
943 1089 1102 1176 portibus]
1127 1090 1248 1176 Legere
1268 1090 1338 1156 vult

288 1174 404 1239 Junins
427 1175 551 1259 definiti.
606 1175 720 1239 Malim
744 1196 898 1262 reponere
923 1176 957 1239 in
981 1175 1111 1258 iafim'th
1133 1176 1339 1263 asperioribus

281 1260 435 1361 partitas.
481 1261 592 1325 Habes
613 1282 718 1346 supra,
735 1260 770 1325 ia
782 1262 906 1326 mania
919 1270 948 1326 et
961 1261 1025 1327 itte
1038 1262 1167 1345 terete
1181 1262 1338 1348 pandas.

290 1370 454 1498 ωῗῦἰιὲμῗ
466 1350 605 1516 idgiloe
618 1431 687 1497 vult
701 1432 816 1521 videri]
842 1432 1025 1519 Legendum
1045 1433 1124 1512 dhre,
1143 1434 1192 1499 vel
1212 1433 1251 1498 ed
1272 1434 1336 1498 hee.

288 1518 413 1583 Junius.
459 1520 514 1583 An
542 1519 621 1596 huie,
645 1518 664 1582 i.
690 1541 719 1583 e.
745 1518 784 1583 ed
812 1519 885 1584 teet
915 1519 1053 1584 Susura.
1098 1520 1338 1585 Praeferendum

289 1605 422 1685 videtur,
437 1604 552 1670 abhoc.
1226 1652 1232 1662 .

332 1691 371 1756 P.
389 1708 456 1775 ¹7¹·
472 1691 492 1755 l.
509 1712 536 1755 1.
551 1690 729 1756 animarum
750 1690 890 1756 solamm
911 1689 989 1756 dieit
1010 1692 1160 1777 salutem]
1178 1692 1234 1756 An
1254 1692 1341 1756 decet

289 1799 348 1863 pro
361 1777 439 1842 da‘ort
451 1777 639 1864 legendum!

333 1862 414 1928 Ibid.
439 1863 460 1926 l.
487 1882 516 1927 a.
540 1858 697 1949 privatas]
728 1861 920 1928 Eseterieas.
965 1861 1119 1929 Fortasse
1147 1862 1181 1925 in
1208 1864 1339 1927 vooihus

288 1972 322 2014 se
344 1949 501 2028 uentibus,
516 1949 570 2013 sed
582 1948 855 2027 terminante,
892 1970 930 2013 ro
942 1949 997 2013 aad
1008 1947 1208 2013 seribendum
1221 1958 1259 2013 et.

323 1971 415 2098 ibid.
435 2035 456 2097 l.
480 2038 526 2099 16.
548 2035 631 2100 Sunt
654 2034 739 2099 enim
763 2034 816 2119 qui
883 2034 1338 2123 'tantun-pronuntientur]

289 2120 324 2185 Si
356 2120 432 2205 quid
464 2121 563 2186 refert
591 2142 642 2185 me
668 2120 729 2184 hoe
754 2120 873 2197 feeisse,
902 2120 1045 2185 revoeavi
1074 2143 1114 2185 ex
1143 2120 1340 2185 editionibus

289 2206 435 2271 Rhenani
457 2213 491 2271 et
507 2206 653 2270 Parisina
672 2212 809 2291 utraque
827 2206 973 2271 dicam
993 2228 1051 2292 pro
1072 2207 1227 2285 deam,
1243 2213 1278 2272 et
1296 2229 1339 2272 ex

289 2293 338 2356 ed.
356 2292 502 2357 Rhenani
518 2293 630 2357 ultima
645 2298 678 2357 et
693 2292 842 2391 i'arisina
855 2300 991 2377 utraque
1003 2292 1126 2378 (defieit
1139 2292 1224 2356 enim
1237 2292 1272 2356 in
1286 2295 1337 2358 ed.

288 2378 1339 2549 idldiddhivoahtdddrhhtihrdthlhmPhidrnddrffieffldithdnSdeti?

289 2572 369 2615 eane
383 2549 529 2615 diruatur
542 2549 717 2615 substituit.
799 2576 804 2585 ·

334 2636 415 2701 lbid.
432 2636 453 2702 l.
470 2656 521 2703 20.
536 2644 570 2701 et
584 2656 782 2701 oommunem
804 2636 931 2721 quidem
951 2636 1050 2722 illam]
1070 2636 1187 2701 Melius
1207 2638 1340 2703 abesset

286 2722 443 2871 particula
457 2732 507 2797 ατς
531 2723 666 2788 fortasse
681 2742 722 2785 ex
757 2722 933 2787 meedente
947 2732 975 2787 et
989 2732 1071 2800 orta,
1087 2744 1157 2807 quae
1172 2722 1303 2807 quidem
1317 2746 1341 2789 a

318 2810 415 2874 riorio
435 2809 469 2874 in
490 2808 629 2874 editione
655 2830 713 2873 sua
770 2808 923 2895 igsltiana
945 2816 979 2874 et
1000 2832 1021 2873 a
1043 2808 1189 2873 Romano
1211 2810 1340 2875 editore

287 2895 370 2959 male
386 2896 503 2960 omissa
517 2903 576 2961 est.

331 2980 412 3046 Ibid.
428 2981 449 3046 l.
466 3000 517 3066 29.
535 2980 665 3046 Blastus
679 2980 832 3045 eoeedens
848 2979 922 3067 tte]
938 2979 988 3045 Ut
1002 3004 1043 3046 ex
1058 2980 1181 3045 Irenaeo
1194 2989 1337 3060 mmet,

287 3066 433 3132 Blastum
448 3090 612 3153 separasse
627 3089 661 3131 se
675 3067 716 3131 ab
733 3066 873 3144 eeclesia,
889 3067 1007 3153 quippe
1020 3089 1092 3131 eum
1105 3067 1189 3131 idem
1204 3076 1339 3133 sanetus

286 3160 380 3237 pater
400 3153 566 3238 epistolam
588 3154 631 3217 ad
652 3174 725 3217 eum
742 3152 864 3217 miserit
876 3154 926 3216 De
948 3154 1111 3218 Scthnmte
1126 3154 1336 3239 inseriptam3

287 3240 334 3303 itu
354 3238 490 3303 vieissim
513 3262 552 3304 ex
578 3239 638 3303 hoo
662 3239 732 3303 loeo
758 3260 854 3303 eausa
878 3240 1009 3316 eruitur,
1031 3262 1088 3303 eur
1108 3240 1160 3303 hie
1181 3240 1279 3304 homo
1301 3264 1338 3305 se

286 3325 490 3409 separaverit.
534 3324 683 3389 Nondum
713 3346 789 3389 vero
817 3324 953 3389 Asiatiei
983 3325 1263 3406 Quartodecimani
1293 3329 1338 3391 ob

286 3416 413 3497 tempus
434 3411 494 3475 sibi
516 3411 581 3475 fere
602 3410 767 3497 proprium
787 3412 932 3475 servandi
952 3412 1114 3497 pasehatis
1138 3412 1180 3475 ab
1197 3413 1336 3478 eoelesia

286 3495 478 3562 sohismatioi
489 3496 624 3582 judieati
639 3503 742 3561 erant.
786 3497 836 3562 De
851 3496 962 3562 Blasto
979 3498 1088 3563 eonfer
1102 3498 1232 3562 Eusehii
1246 3500 1335 3565 His

285 3582 370 3647 aec.
387 3583 430 3648 V.
451 3604 501 3668 ¹5·
526 3602 586 3660 203
610 3591 644 3648 et
658 3589 769 3647 notam
788 3605 885 3669 supra
903 3584 945 3647 ad
961 3585 1080 3649 laruas
1095 3584 1334 3664 Faustianos,

285 3691 317 3754 p.
329 3690 454 3837 &⁹172
470 3754 491 3819 l.
509 3774 537 3821 2.
553 3754 715 3821 Christum
730 3716 791 3840 pro
810 3756 936 3819 nornine
956 3755 1172 3840 adprehensus
1186 3758 1333 3843 negavit]

286 3840 445 3906 Editionis
473 3841 623 3927 prineipis
650 3841 819 3905 leotionem
840 3842 991 3919 revocavi,
1017 3842 1061 3906 ad
1086 3864 1183 3926 quam
1206 3844 1336 3909 notavit

285 3926 466 4005 Rhenanus,
484 3936 502 3963 ‘⁴
513 3950 572 4013 pro
587 3927 721 4004 nomine,
737 3927 797 3991 hoe
812 3934 870 4004 est,
887 3928 928 3991 ob
950 3927 1177 4013 professionem
1195 3929 1336 3993 nominis

285 4020 305 4049 “
320 4012 521 4078 Christiani?
565 4012 648 4077 Nam
663 4014 749 4078 istud
763 4016 837 4095 ὑπὲρ
852 4018 905 4078 τοῦ
923 4015 1070 4094 ὀνόματος
1090 4014 1265 4079 subaudite
1281 4020 1337 4079 τοῦ

283 4104 426 4180 Χριστοῦ,
451 4099 576 4184 phrasis
599 4107 649 4163 est
674 4100 882 4185 seripturihus
902 4100 1061 4164 veteribus
1086 4099 1234 4178 solennis,
1262 4123 1335 4186 quae

283 4192 411 4268 sumpta
436 4206 476 4249 ex
499 4185 663 4269 Scriptura
686 4186 718 4250 S.
736 4185 870 4250 videtur.
916 4185 1044 4250 Videsis
1061 4186 1222 4271 Reliquias
1244 4190 1334 4253 Sea.
