2867 4817
514 304 745 368 EPITOME.
1092 311 1157 375 337

460 476 568 547 cAP.
597 478 807 553 XXXVII.
851 502 855 506 ’

158 590 245 662 Post
279 591 374 661 hunc
408 591 571 663 Socrates
604 593 837 687 philosophiae
872 598 988 667 tenuit
1029 599 1157 690 princi-

102 716 242 799 patum,
260 710 535 800 sapientissimus
561 710 668 781 etiam
693 711 836 782 oraculo
859 712 986 797 dictus,
1009 715 1091 806 quia
1118 737 1156 785 se

102 824 286 895 fatebatur
301 848 413 894 unum
436 826 536 909 scire,
553 827 647 917 qnod
670 826 759 896 nihil
782 828 898 898 sciret.
951 828 1061 921 Cujus
1079 853 1155 901 ora-

103 939 179 1011 culi
204 942 415 1011 anctoritate
440 942 616 1013 abstinere
642 966 679 1013 se
704 943 867 1036 physicos
894 945 1091 1035 oportebat,
1108 969 1154 1016 ne

103 1068 170 1128 ant
192 1066 389 1150 quaererent
412 1080 463 1140 ea,
482 1082 562 1150 quae
586 1060 674 1129 scire
697 1081 769 1128 non
786 1068 961 1152 poterant,
978 1072 1042 1131 aut
1065 1063 1154 1133 scire

103 1196 145 1243 se
171 1183 348 1266 putarent,
366 1197 443 1267 quae
470 1174 688 1268 ignorabant.
743 1175 939 1247 Videamus
962 1186 1083 1247 tamen
1109 1200 1155 1248 an

104 1291 384 1380 sapientissimus
414 1289 586 1373 Socrates,
622 1292 713 1361 sicut
750 1291 899 1385 Pythius
939 1295 1154 1385 praedicavit.

106 1404 312 1498 Usurpabat
339 1404 406 1475 hoc
436 1427 526 1497 saepe
559 1407 793 1497 proverbium,
824 1406 917 1501 qood
946 1432 1054 1503 sopra
1083 1433 1154 1493 nos,

104 1519 200 1591 nihil
213 1521 261 1591 ad
276 1521 534 1615 coopertione.
578 1520 601 1590 J
603 1544 661 1590 am
679 1523 832 1593 excessit
855 1526 1043 1594 sententiae
1061 1524 1154 1619 (for.

105 1638 262 1709 scientiae
287 1636 426 1727 Davo.)
455 1661 526 1707 suae
551 1639 743 1708 terminos:
773 1660 867 1720 nam,
891 1641 953 1730 qui
977 1663 1088 1709 unum
1116 1663 1155 1711 se

104 1755 196 1825 scire
213 1755 365 1839 dicebat,
383 1751 478 1848 (sor.
496 1751 672 1847 supplead.
691 1754 785 1844 qnod
802 1753 891 1823 nihil
912 1755 1028 1838 sciret,
1046 1752 1155 1851 Ucas-

93 1870 187 1966 flat)
216 1872 313 1942 aliud
343 1872 487 1951 invenit,
524 1872 616 1962 qnod
652 1880 822 1960 tanquam
856 1871 968 1941 sciens
998 1872 1154 1956 diceret;

104 1988 169 2059 sed
198 1988 234 2058 id
267 1986 408 2057 frustra.
462 1986 559 2057 Nam
594 1994 630 2057 et
662 1985 770 2067 Deus,
801 1987 861 2077 qni
892 1989 1017 2079 utique
1051 2012 1156 2082 supra

105 2128 171 2175 nos
194 2114 257 2186 est,
284 2103 491 2194 quarendus
519 2112 583 2186 est,
607 2113 644 2173 et
670 2102 794 2195 religio
819 2105 1049 2196 suscipienda,
1078 2128 1155 2197 quae

105 2220 183 2291 sola
204 2242 267 2290 nos
291 2219 458 2289 discernit
480 2242 502 2289 a
523 2218 672 2303 belluis;
699 2242 805 2311 qoam
823 2220 967 2310 quidem
992 2220 1154 2292 Socrates

105 2358 179 2406 non
204 2337 310 2406 modo
336 2335 543 2426 repudiavit,
562 2357 685 2405 verum
711 2336 820 2404 etiam
846 2334 977 2417 derisit,
1004 2359 1067 2429 per
1094 2361 1155 2407 an-

105 2476 221 2525 serem
252 2474 447 2544 canemque
471 2452 645 2543 jurand03
685 2452 783 2543 quasi
814 2474 898 2521 vero
931 2475 996 2544 per
1031 2453 1155 2524 AEscu-

107 2571 240 2662 lapium
275 2592 346 2637 non
379 2577 510 2661 posset,
540 2569 596 2638 cui
629 2575 774 2637 voverat
806 2567 965 2661 gallum?
1013 2568 1068 2639 En
1102 2594 1155 2641 sa-

105 2688 237 2779 pientis
272 2687 335 2754 viri
370 2684 599 2755 sacrificium!
639 2684 687 2752 Et
720 2686 805 2774 quia
837 2708 920 2754 eum
954 2708 1155 2777 prosecrare

106 2804 183 2896 ipse
207 2824 278 2872 non
304 2802 432 2894 potuit,
450 2802 581 2871 amicos
604 2801 795 2870 moriturus
813 2801 935 2882 oravit,
953 2810 995 2870 ut
1012 2812 1093 2894 post
1116 2826 1154 2875 se

106 2916 202 3015 (sor.
233 2942 296 3011 pro
327 2940 364 2987 sc
398 2916 537 3011 Doris.)
568 2916 745 2987 solverent
773 2925 907 3000 votnm,
938 2917 1074 2988 scilicet
1108 2942 1154 2989 ne

107 3037 202 3129 apud
226 3036 356 3105 inferos
374 3033 471 3103 velut
495 3032 634 3103 debitor
656 3041 848 3103 teneretur.
901 3031 973 3103 Hic
996 3034 1154 3125 profecto

107 3161 146 3223 et
163 3151 418 3245 pronunciavit,
436 3148 529 3241 quod
547 3148 634 3218 nihil
653 3150 783 3232 scierit,
801 3157 838 3219 et
855 3149 1026 3241 probavit.

446 3364 556 3435 CAP.
585 3363 815 3437 XXXVIII.

159 3502 279 3595 Hujus
307 3500 447 3571 auditor
477 3496 591 3582 Plato,
620 3520 726 3590 quem
752 3496 851 3568 deum
871 3495 1154 3592 philosophaster

108 3616 245 3689 Ibllius
264 3617 432 3698 nominat,
450 3614 511 3706 qui
532 3613 626 3685 solus
643 3614 802 3683 omnium
819 3614 868 3684 sic
888 3613 1154 3707 philosophatus

110 3744 172 3819 est
191 3744 233 3805 ut
257 3735 304 3805 ad
321 3733 507 3803 veritatem
530 3732 673 3823 propius
695 3731 901 3813 accederet;
931 3739 1051 3801 tamen
1072 3732 1155 3823 quia

111 3852 228 3933 Deum
254 3849 440 3944 ignoravit,
465 3849 501 3918 in
526 3844 648 3917 multis
673 3847 725 3915 ita
750 3845 868 3938 lapsus
890 3855 954 3928 est,
982 3856 1024 3917 ut
1048 3870 1154 3919 nemo

111 3968 264 4039 deterius
290 3965 466 4045 erraverit,
497 3962 655 4055 inprimis
680 3960 774 4051 quod
802 3962 838 4029 in
868 3960 966 4031 libris
993 3962 1154 4037 civilibus

110 4086 227 4157 omnia
256 4082 420 4153 omnibus
448 4079 561 4150 voluit
592 4100 667 4148 esse
697 4078 909 4149 communia.
961 4078 1028 4149 De·
1047 4084 1155 4172 patri.

111 4201 235 4271 moniis
261 4196 445 4269 tolerabile
471 4204 535 4275 est,
564 4192 649 4263 licet
674 4194 720 4263 sit
746 4194 936 4284 injustum:
967 4218 1033 4265 nec
1058 4198 1154 4266 enim
