2867 4817
278 294 343 359 sto
454 294 654 360 assoon
673 258 924 360 'Anvnssus
947 296 1136 361 cunnus

277 470 344 540 bus
366 470 631 541 contentionum
657 471 791 552 studiis,
816 471 943 563 quibus
965 472 1142 543 obscurari
1170 482 1212 543 et
1241 496 1334 543 con·

278 586 351 680 tegi
378 584 630 679 contemplatio
659 609 778 657 rerum
807 586 917 671 solet3
950 611 995 659 an
1025 590 1072 659 sit
1100 589 1199 659 istud
1226 591 1335 681 quod

278 701 407 771 dicitur
439 724 572 785 verum,
601 710 863 774 momentorum
891 706 1028 797 parium
1058 706 1335 776 examinatione

277 818 480 913 pendamus.
533 818 715 889 Efficietur
740 820 836 889 enim
857 820 1017 913 profecto
1038 822 1219 893 rationum
1242 846 1336 891 con-

279 935 500 1026 sequentium
530 933 706 1027 copulatu,
731 943 774 1004 ut
798 957 869 1005 nen
893 937 993 1030 impii
1018 960 1084 1007 nos
1106 940 1234 1032 magis,
1262 940 1332 1007 sed

280 1046 370 1145 (sor.
400 1058 441 1121 ut
470 1072 541 1119 non
567 1049 666 1142 impii
692 1071 767 1133 nos,
797 1052 859 1121 sed
887 1054 1013 1145 magis)
1043 1050 1095 1121 illi
1124 1054 1193 1145 ipsi
1225 1076 1332 1147 repe-

278 1169 412 1244 riantur
429 1166 583 1237 criminis
595 1166 696 1237 istius
709 1166 771 1250 rei,
782 1168 843 1258 qui
859 1190 897 1237 se
909 1170 1094 1238 numinum
1111 1168 1330 1262 profitentur

280 1306 355 1355 csse
380 1281 542 1365 cultores,
566 1290 672 1374 atque
693 1282 897 1354 inveteratis
920 1283 1146 1379 religionibus
1172 1286 1326 1355 deditos

279 1400 337 1469 Ac
352 1400 505 1492 primum
523 1398 568 1467 ab
584 1398 639 1468 his
662 1396 750 1469 illud
774 1398 935 1469 familiari
952 1408 990 1469 et
1010 1400 1148 1493 placide
1163 1404 1326 1472 oratione

279 1516 530 1613 perquirimus:
561 1512 754 1607 Postquam
776 1537 852 1586 esse
874 1538 1004 1587 nomen
1026 1518 1064 1586 in
1084 1518 1188 1589 terris
1204 1518 1325 1589 Cirris-

280 1634 384 1703 tienae
408 1630 584 1726 religionis
608 1632 768 1723 occoepit,
795 1631 962 1724 quidnam
988 1633 1208 1717 inusitatum,
1241 1635 1323 1727 quid

280 1750 509 1843 incognitum,
527 1748 611 1839 quid
628 1736 751 1819 contra
765 1748 863 1842 leges
878 1748 1117 1842 principaliter
1131 1750 1325 1833 institutus,

280 1874 344 1937 aut
372 1865 480 1936 sensit
508 1874 572 1935 aut
603 1886 705 1957 possa
736 1873 793 1937 est
823 1888 942 1937 rerum
973 1867 1059 1959 ipsa,
1088 1888 1166 1958 qme
1195 1866 1327 1939 dicitur

281 1981 546 2076 appelleturque
566 1983 715 2053 natura?
755 1981 929 2076 Nunquid
955 1984 993 2052 in
1021 1985 1213 2055 contrarius
1240 2008 1327 2077 qua·

282 2098 400 2170 litotes
426 2098 539 2191 prima
562 2096 623 2168 illa
645 2097 824 2170 clemente
846 2107 985 2171 mutata
1009 2108 1103 2183 snut,
1121 2122 1169 2170 ex
1195 2102 1327 2192 quibus

282 2238 338 2287 ras
363 2237 484 2287 omnes
510 2236 719 2287 consensum
739 2231 795 2287 est
817 2238 894 2288 esse
917 2216 1123 2288 concretes?
1148 2216 1327 2311 Nunquid

283 2330 453 2403 machinae
479 2330 594 2424 hujus,
621 2338 660 2402 et
683 2332 798 2415 molis,
823 2356 895 2425 qua
916 2334 1069 2404 universi
1096 2332 1263 2428 tegimur,
1288 2342 1329 2403 et

226 2490 229 2493 -
284 2449 505 2519 continemur
540 2447 690 2541 inclusi,
708 2458 810 2541 porte
844 2457 900 2520 em
935 2450 975 2519 in
1007 2448 1124 2542 aliqua
1155 2448 1327 2533 relaxata,

283 2574 347 2637 sut
379 2564 550 2637 dissoluta
582 2564 819 2636 constructio?
872 2564 1045 2659 Nmrquid
1077 2568 1214 2661 vertigo
1248 2566 1327 2637 hm

283 2681 416 2765 mundi,
440 2682 649 2777 primogenii
670 2689 790 2753 motus
810 2682 1037 2754 moderamen
1059 2684 1245 2766 exedens,
1260 2691 1328 2754 aut

284 2799 417 2871 tardius
441 2820 573 2891 rupere,
589 2806 652 2871 aut
676 2799 847 2893 praecipiti
871 2800 978 2891 coepit
1002 2798 1223 2871 volubilitate
1246 2822 1327 2893 rop-

284 2914 374 2987 tarii
422 2913 595 3007 Nunquid
628 2914 675 2987 ab
709 2913 863 2987 occiduis
896 2915 1054 3008 partibus
1088 2915 1256 2987 attollere
1286 2938 1329 2987 se

284 3036 388 3115 sura,
411 3037 519 3123 atque
538 3031 577 3101 in
600 3038 698 3103 ortus
717 3031 794 3103 fieri
816 3032 996 3126 signonmr
1015 3043 1133 3126 coepta
1147 3040 1204 3104 est
1223 3032 1329 3103 incli-

284 3144 407 3219 actio?
446 3145 619 3239 Nunquid
646 3149 723 3241 ipse
751 3148 914 3241 syderum
938 3148 992 3219 sol
1020 3150 1190 3242 princeps,
1223 3150 1329 3241 cujus

286 3263 405 3335 omnia
428 3262 509 3335 luce
532 3264 731 3335 vcstiuntur
753 3272 861 3356 atque
888 3265 1098 3349 anirnantrn,
1122 3264 1240 3336 calore
1263 3288 1329 3335 ex-

286 3379 381 3462 arsit,
410 3380 573 3473 intepuit,
607 3386 715 3473 atque
743 3381 781 3451 in
812 3382 1003 3453 contrarios
1033 3380 1176 3452 habitus
1203 3382 1329 3451 mode-

286 3496 430 3567 raminis
464 3496 558 3569 soliti
596 3504 878 3589 temperamenta
914 3497 1096 3591 corrupit?
1151 3496 1328 3589 Nunquid

288 3609 373 3682 lune
395 3612 522 3684 desivit
540 3614 778 3707 redintegrare
800 3635 838 3683 se
859 3615 980 3707 ipsam,
1001 3622 1109 3706 atque
1128 3615 1171 3683 in·
1187 3621 1328 3684 veteres

289 3727 418 3800 formas
436 3716 663 3801 ¹novellorum
691 3752 832 3825 semper
861 3731 1086 3803 restitutione
1115 3730 1326 3801 traducere?

290 3842 463 3940 Nunquid
487 3846 626 3942 frigora,
650 3849 810 3941 nunquid
834 3847 976 3931 colores,
1000 3849 1160 3942 nunquid
1186 3856 1329 3943 tepores

289 3961 406 4045 medii,
442 3962 664 4061 inaequslium
701 3973 902 4059 temporum
937 3966 1200 4038 confusionibus
1237 3968 1330 4037 occi-

289 4074 441 4151 derrmti
488 4080 661 4175 Nnnquid
695 4078 818 4179 longos
851 4082 982 4155 habere
1014 4082 1089 4155 dies
1122 4083 1258 4167 liu-uma,
1291 4094 1330 4153 et

289 4212 453 4269 rovocare
472 4196 687 4271 tardissimas
706 4197 804 4272 luces
824 4222 899 4272 nox
922 4201 1031 4293 coepit
1051 4200 1199 4273 enethi
1225 4200 1331 4273 Nun·
