2867 4817
287 320 363 387 ΒΜ
542 320 775 385 FIRllllANl
800 319 1071 385 LACTANTII

287 497 459 591 superatis
486 495 677 566 tortoribus
709 498 863 567 enimam
892 519 957 590 pro
990 498 1060 567 lide
1088 518 1130 567 ec
1156 496 1324 590 religione

287 636 468 708 ponemus,
485 622 522 682 et
539 612 605 704 ipsi
617 613 810 696 enituntur,
823 624 865 685 ut
879 615 1033 685 vincent.
1069 613 1155 683 Non
1170 613 1326 685 efficiunt

286 740 412 813 morte,
428 729 490 801 sed
513 731 718 822 excogitent
741 752 850 801 noros
874 732 1120 822 inauditosque
1142 733 1327 811 cruciatus,

208 892 220 925 .
287 856 332 919 ut
357 847 528 941 fragilitas
555 847 729 916 viscerum
763 847 940 918 doloribus
970 849 1084 930 cedet,
1117 856 1165 931 et,
1193 848 1223 917 si
1258 868 1328 915 nou

288 965 441 1047 cesserit,
475 962 651 1045 differunt,
688 964 929 1056 adhibentque
967 963 1172 1034 vulneribus
1208 986 1329 1035 curem

288 1080 506 1174 diligentem,
539 1088 582 1149 ut
614 1080 732 1150 crudis
771 1080 887 1151 sdhuc
920 1081 1139 1152 cicatricibus
1177 1082 1335 1173 repetite.

286 1204 465 1267 tormenta
479 1193 559 1288 plus
576 1194 705 1265 doloris
727 1196 933 1267 immittant.
984 1197 1033 1267 Et
1050 1196 1141 1267 hanc
1163 1197 1331 1267 adversus

287 1314 493 1384 innocentes
516 1312 753 1382 cumilicinem
778 1322 994 1395 exercentes,
1022 1312 1122 1402 (MS.
1149 1320 1331 1383 exercent.

277 1429 357 1526 for.
373 1428 424 1499 Et
445 1428 531 1499 dum
555 1428 916 1499 huuc-*exercent
937 1427 1075 1521 Dacis.)
1104 1430 1180 1521 pios
1205 1430 1333 1520 utique

288 1570 327 1617 se
347 1554 386 1617 et
400 1547 518 1638 justos
533 1555 572 1616 ct
593 1544 774 1640 religiosos
796 1554 934 1637 putent,
952 1546 1096 1634 (tahbus
1112 1548 1208 1616 euim
1226 1546 1335 1615 sacris

289 1664 435 1735 deornm
462 1659 555 1756 (sor.
586 1662 635 1733 dii
664 1684 787 1733 eorum
812 1660 951 1756 Dacis.)
980 1661 1217 1751 delectentur)
1254 1660 1336 1731 illos

289 1802 372 1850 vero
389 1780 515 1870 impios
531 1788 571 1849 et
591 1779 794 1872 desperatos
817 1788 1033 1873 nuncupant.
1083 1779 1171 1862 Quae
1190 1780 1265 1849 ista
1280 1784 1336 1848 est

289 1895 508 1990 perversitas,
537 1904 579 1966 ut
608 1896 669 1987 qui
699 1902 884 1987 torquetur
909 1896 1088 1977 innocens,
1114 1895 1337 1985 desperatus,

289 2020 397 2105 atque
413 2013 541 2105 impius
562 2013 775 2097 nominetur,
793 2013 950 2085 carnifex
966 2022 1086 2083 eutem
1102 2012 1222 2103 justus
1241 2012 1341 2104 pius-

291 2152 361 2223 que
377 2130 536 2200 dicatur?

701 2245 812 2317 CAP.
839 2246 921 2319 LV.

342 2363 414 2434 Sed
430 2371 528 2434 recte
542 2386 585 2434 cc
607 2364 736 2433 merito
760 2364 875 2456 puniri
892 2386 953 2433 eos
969 2364 1078 2445 aiunt,
1095 2364 1155 2453 qui
1172 2360 1340 2454 publicas

291 2480 477 2575 religiones
500 2504 523 2550 c
546 2480 737 2572 majoribus
762 2480 908 2553 traditas
937 2487 1156 2549 execrentur.
1208 2477 1339 2562 Quid?

291 2600 322 2670 si
340 2598 491 2690 majores
514 2596 567 2667 illi
591 2596 693 2668 stulti
713 2596 857 2667 fuenmt
881 2598 918 2666 iu
943 2596 1171 2689 suscipiendis
1195 2594 1345 2690 religio-

291 2715 397 2786 nibus
410 2713 518 2797 sanis,
534 2715 628 2784 sicut
637 2715 715 2806 jam
732 2736 838 2806 supro
849 2713 1076 2795 ostendimus
1089 2712 1344 2804 praescribetur

291 2831 404 2912 nobis,
432 2851 503 2922 quo
528 2831 648 2899 minus
677 2852 761 2899 vere
785 2840 824 2898 et
853 2828 999 2899 meliore
1027 2828 1229 2898 sectemur?
1266 2828 1344 2899 Cur

292 2947 393 3017 nobis
414 2947 607 3017 auferimus
627 2944 841 3029 libertatem,
858 2946 919 3017 sed
942 2946 1039 3038 qussi
1055 2944 1188 3015 addicti
1213 2944 1347 3017 ahenis

292 3065 463 3135 servimus
487 3063 684 3134 erroribus?
720 3062 844 3133 [dcent
870 3085 1001 3156 sapere,
1029 3062 1135 3132 liceat
1158 3062 1345 3153 inquirere

293 3180 490 3252 veritatem.
542 3180 613 3252 Sed
636 3189 768 3262 tamen,
791 3181 820 3250 si
843 3178 933 3249 libet
951 3180 1125 3271 majorum
1145 3178 1347 3249 defendere

294 3298 491 3380 stultitiam,
518 3296 617 3378 (MS.
643 3320 713 3367 con
737 3294 833 3367 dubet
858 3295 1056 3379 stultitiam,
1082 3291 1242 3389 supplere
1270 3292 1347 3365 uult

293 3416 480 3511 religiones
503 3412 641 3508 Dacis.)
667 3438 730 3485 cur
755 3416 899 3506 impune
924 3412 1059 3483 habeut
1082 3411 1254 3505 AEgyptii,
1279 3414 1346 3504 qui

293 3534 457 3628 pecudes,
481 3540 520 3601 et
544 3532 659 3601 omnis
680 3532 820 3625 generis
846 3531 976 3601 bestias
1003 3552 1067 3622 pro
1093 3530 1161 3599 diis
1185 3527 1344 3601 colunt?

296 3652 370 3722 Our
393 3652 439 3721 de
463 3649 530 3719 diis
553 3648 637 3741 ipsis
662 3646 759 3737 (Div.
778 3648 866 3718 lnst.
885 3647 932 3720 V.
946 3652 1021 3741 20.)
1046 3646 1147 3716 mimi
1166 3656 1347 3739 agimtur,

296 3776 344 3850 ct,
364 3768 425 3858 qui
443 3788 504 3836 eos
528 3765 677 3835 facetius
701 3765 871 3845 deriserit,
887 3762 1105 3835 honoretur?
1140 3761 1216 3832 Cur
1238 3762 1349 3832 audi-

297 3892 406 3954 untur
420 3882 629 3975 philosophi,
646 3882 707 3974 qui
724 3892 786 3953 sut
802 3880 917 3952 nullos
935 3880 1032 3952 Deos
1048 3901 1125 3950 esse
1146 3880 1258 3960 aiunt,
1279 3890 1348 3948 aut

297 3999 325 4069 si
343 3998 541 4080 suntnihil
564 4020 696 4080 curare,
712 4020 778 4068 uec
800 3996 956 4067 humane
975 3996 1163 4089 respicere,
1178 4003 1242 4065 aut
1259 3988 1349 4065 nul-

296 4113 367 4183 lam
385 4136 462 4184 esse
484 4115 637 4197 omnino,
654 4137 732 4206 quae
753 4124 851 4208 reget
873 4114 1047 4184 mundum
1069 4110 1349 4205 providentiam,

296 4228 488 4299 disserunt:
522 4230 585 4300 sed
617 4229 684 4301 soli
721 4252 768 4299 ex
803 4230 965 4301 omnibus
994 4231 1093 4323 impii
1121 4226 1347 4321 jndicuntur,
