2867 4817
264 334 327 399 148
615 330 957 398 TERTULLIANI

263 514 300 581 in
327 510 569 603 epIscopatum
598 509 821 591 constitutos
851 507 1036 602 apostolici
1067 507 1210 578 seminis
1244 514 1318 576 tra

263 628 372 698 duces
396 627 552 699 habeant
576 622 669 721 (for.
694 626 838 709 habent,
855 622 1046 717 Euboica).
1099 623 1316 718 Confingant

265 742 338 814 tale
360 742 493 835 aliquid
517 743 688 813 haeretici.
740 741 837 825 Quid
854 742 951 813 enim
968 741 1038 813 iilis
1054 750 1135 835 post
1152 738 1317 835 blasphe-

263 860 373 930 miam
402 860 579 931 inlicitum
613 859 693 931 esti
730 858 813 941 Sed,
848 859 916 930 etsi
949 858 1196 941 confinxerint,
1224 857 1316 928 nihil

263 977 533 1068 promovebunt.
610 975 693 1069 Ipsa
733 976 829 1045 enim
868 977 1030 1047 doctrina
1065 996 1189 1047 eorum
1231 996 1346 1055 cums

264 1093 457 1186 apostolica
476 1101 688 1187 comparata,
706 1116 753 1164 ex
779 1094 982 1165 diversitate
1008 1102 1047 1163 at
1063 1092 1318 1165 contrarietate

263 1232 326 1282 sua
359 1210 612 1302 pronuntiabit,
645 1231 762 1301 neque
795 1208 945 1302 apostoli
979 1209 1127 1303 alicujus
1161 1210 1318 1281 auctoris

262 1348 349 1410 esse,
378 1350 495 1419 neque
521 1325 725 1419 apostolicis
752 1327 836 1418 quia
864 1326 956 1397 sicut
981 1326 1132 1422 apostoli
1162 1350 1235 1397 non
1264 1327 1319 1397 di-

263 1465 363 1514 versa
396 1445 489 1514 inter
522 1464 561 1513 se
593 1442 830 1525 docuissent3
868 1442 921 1513 ita
953 1452 991 1514 et
1024 1442 1209 1537 apostolici
1243 1464 1318 1513 non

262 1562 438 1632 contraria
454 1558 622 1653 apostolis
639 1558 842 1642 edidissent
855 1560 922 1631 nisi
939 1558 992 1630 illi
1009 1560 1070 1652 qui
1088 1561 1134 1631 ab
1146 1561 1317 1653 apostolis
1327 1589 1364 1628 οι

262 1678 496 1760 desciverunt,
514 1685 552 1746 et
568 1675 674 1746 ahter
689 1676 982 1767 praedicaverunt.
1008 1674 1070 1747 Ad
1086 1677 1178 1749 hanc
1194 1680 1318 1769 itaque

262 1794 412 1864 formam
442 1791 729 1886 provocabuntur
757 1792 803 1863 ab
833 1791 903 1863 illis
927 1792 1095 1879 ecclesiis,
1118 1818 1200 1888 quae
1230 1795 1318 1867 licet

262 1909 401 1981 nullum
427 1934 474 1981 ex
496 1908 664 2003 apostolis
691 1909 749 1979 vel
770 1907 972 2001 apostolicis
996 1919 1182 1983 auctorem
1210 1934 1317 1985 suum

262 2028 452 2121 proferant,
469 2034 512 2097 ut
528 2025 643 2097 multo
656 2026 878 2119 posteriores,
890 2048 971 2119 quae
985 2026 1139 2121 denique
1156 2031 1318 2122 quotidie

262 2146 520 2215 instituuntur:
546 2151 668 2213 tamen
684 2143 722 2211 in
744 2142 870 2213 eadem
887 2141 957 2214 fide
974 2146 1226 2239 conspirantes,
1243 2171 1317 2219 non
1332 2172 1342 2211 ι
1351 2172 1368 2231 5

262 2264 379 2331 miuus
412 2259 617 2354 apostolicae
651 2258 869 2352 deputantur
900 2282 965 2352 pro
1008 2263 1318 2357 consanguinitate

263 2379 444 2449 doctriuae.
497 2377 556 2448 Ita
576 2398 701 2446 omnes
722 2374 875 2446 haereses
897 2377 942 2447 ad
960 2384 1149 2471 utramque
1166 2378 1318 2450 formam

262 2519 284 2566 a
317 2494 444 2565 nostris
478 2492 636 2564 ecclesiis
669 2501 882 2585 provocatae,
917 2494 1070 2586 probant
1104 2517 1143 2567 se
1176 2519 1320 2590 quaqua

261 2619 390 2704 putant
407 2608 626 2704 apostolicas.
679 2608 751 2679 Sed
775 2606 865 2680 adeo
888 2632 955 2681 nec
973 2620 1066 2695 sunt,
1083 2635 1150 2683 nec
1166 2614 1318 2707 probare

262 2734 430 2821 possunt;
455 2725 550 2818 quod
575 2748 647 2795 non
672 2733 766 2807 sunt,
792 2748 858 2797 nec
883 2726 1104 2820 recipiuntur
1127 2729 1165 2800 in
1189 2752 1317 2823 pacem
1330 2762 1371 2801 20

262 2854 301 2917 et
317 2843 676 2916 communicationem
699 2841 746 2911 ab
771 2841 929 2914 ecclesiis
948 2866 1090 2936 quoquo
1107 2846 1215 2918 modo
1231 2870 1319 2941 apo-

263 2962 418 3033 stolicis:
451 2959 587 3031 scilicet
614 2958 660 3030 ob
695 2958 938 3031 diversitatem
972 2964 1183 3035 sacramenti
1214 2964 1317 3036 nullo

262 3080 370 3149 modo
395 3076 610 3172 apostolica.

134 3217 220 3267 car.
315 3193 482 3264 Adhibeo
507 3215 614 3285 super
639 3191 718 3261 haee
749 3193 904 3285 ipsarum
928 3192 1168 3267 doctrinarum
1193 3221 1319 3294 recog-

110 3282 241 3333 ΜΠ·
264 3310 446 3391 nitionem,
464 3331 545 3401 quae
563 3316 649 3377 tunc
666 3307 733 3378 sub
754 3308 922 3401 apostolis
945 3308 1100 3395 fuerumt,
1116 3313 1163 3383 ab
1187 3314 1316 3385 iisdem
1331 3352 1346 3390 2
1350 3346 1368 3409 5

224 3464 229 3473 ·
262 3424 432 3519 apostolis
457 3432 495 3495 et
517 3426 771 3495 demonstratae
799 3432 836 3495 et
860 3425 1040 3518 dejeratae.
1093 3428 1191 3501 Nam
1208 3440 1247 3501 et
1264 3434 1317 3504 sic

262 3544 401 3620 facilius
423 3544 674 3614 traducentur:
700 3543 788 3612 dum
815 3551 879 3613 aut
899 3544 977 3636 jam
1006 3552 1092 3615 tunc
1122 3546 1230 3619 fuisse
1254 3550 1319 3620 de-

262 3662 549 3757 prehendentur;
575 3669 638 3730 aut
663 3682 710 3730 ex
738 3658 818 3743 illis,
845 3683 926 3752 quae
947 3662 1025 3753 jam
1048 3669 1135 3733 tunc
1158 3663 1316 3749 fuerunt,

170 3812 230 3847 ,ιι
262 3780 398 3851 semina
424 3778 623 3871 sumpsisse.
676 3775 809 3848 Paulus
838 3776 876 3846 in
902 3778 1017 3869 prima
1039 3779 1084 3850 ad
1110 3779 1318 3853 Corinthios

260 3906 364 3970 notat
381 3904 568 3991 negatores
592 3903 631 3965 et
648 3894 867 3965 dubitatores
893 3898 1168 3969 resurrectionis.
1221 3898 1316 3970 Haec
1327 3938 1372 3994 30

262 4016 382 4107 opinio
406 4014 547 4107 propria
574 4011 875 4084 sadducaeorum:
902 4020 1040 4105 partem
1065 4014 1141 4106 ejus
1167 4028 1317 4108 usurpat

263 4131 437 4213 Marcion,
470 4140 508 4201 et
534 4127 691 4221 Apelles,
721 4135 759 4198 et
783 4126 1008 4212 Valentinus,
1034 4142 1073 4201 et
1102 4132 1131 4201 si
1165 4133 1226 4224 qui
1254 4130 1316 4202 aiii

100 4274 187 4325 sua.
262 4248 555 4318 resurrectionem
589 4247 703 4316 carnis
737 4244 945 4340 iniringrmt.
1011 4246 1060 4319 Et
1087 4248 1132 4319 ad
1167 4247 1317 4321 Galatas
