2867 4817
239 340 291 404 IN
315 339 535 406 CANONES
558 340 741 406 NICAENI
766 342 994 408 CONCILII.
1092 344 1157 410 4⁰5

104 511 235 578 olesiem
256 511 436 578 Romanam
459 534 584 599 semper
607 512 757 579 babuisse
779 513 951 599 primatum
977 513 1011 579 in
1035 515 1158 582 dit-ione

104 620 174 676 sus,
191 599 281 683 cujus
299 599 342 663 ed
356 599 544 684 exemplum,
561 621 626 678 seu,
640 599 785 664 similiter
797 610 899 666 ανταπν
911 610 940 665 αθ
955 601 1067 685 (verbs
1081 610 1157 669 sunt

102 684 306 770 interpretis)
329 685 365 749 irs
383 685 488 750 octob
503 685 673 771 procinctos
689 687 847 771 primatus
871 687 1076 772 (pernotum)
1102 688 1156 753 lao-

103 767 194 834 θαααθ
208 771 337 835 cocheio
350 771 509 836 emnem
523 771 715 856 ampliorum.
735 794 767 856 p.
777 773 853 855 568.

151 856 191 920 P.
195 873 269 942 374.
285 857 304 920 l.
311 877 342 957 3.
353 857 407 922 τὸν
417 861 469 937 τῆς
478 856 706 939 Ἀλεξανδρείας
717 859 896 943 ἐπίσκοπον]
910 857 1044 924 Habent
1053 860 1156 926 Geno-

103 964 183 1006 num
198 943 406 1008 Oolleotrones
419 943 485 1008 fere
500 965 609 1007 omnes
623 949 716 1008 extro
731 944 880 1023 Concilio,
895 945 950 1007 τὸν
965 947 999 1010 ἐν
1012 944 1157 1025 'Atrinu-

103 1031 189 1114 δρείρ
204 1031 377 1104 ἐπίσκοπον,
393 1029 476 1094 sicut
490 1029 573 1093 infre
586 1033 626 1115 τῷ
642 1031 677 1094 ἐν
691 1034 727 1116 πῇ
739 1027 837 1116 ‘Pupp
852 1033 1015 1116 ἐπισκθπερ.
1053 1031 1107 1097 Ita
1121 1039 1156 1098 eb

101 1121 615 1267 πενία
637 1114 1156 1283 „1‘22

108 1288 209 1370 ὀρείας
223 1287 351 1373 reposui
365 1310 405 1352 ex
420 1287 560 1352 editione
572 1286 713 1372 principe
729 1287 947 1352 Oouciliorum„

151 1372 234 1437 Ibid.
250 1373 269 1436 l.
281 1395 312 1454 4.
329 1375 430 1453 ἐπειδὴ
445 1375 494 1438 καὶ
508 1375 548 1459 τῷ
564 1375 598 1436 ἐν
612 1377 647 1460 τῇ
661 1371 758 1453 Ῥώμῃ
771 1375 921 1459 ἐπισκθπῳ
932 1379 1018 1439 τοῦτο
1029 1374 1157 1454 σύνηθές

106 1458 208 1546 ἔστιν]
231 1459 509 1545 Interpretetionis
523 1458 623 1523 vicem
633 1459 716 1545 gerit
728 1458 844 1523 Versio
855 1460 1034 1538 Rufinisns,
1045 1460 1155 1525 Oenon

106 1544 170 1610 VI.
206 1546 252 1609 Et
274 1555 309 1610 αθ
332 1545 420 1632 apud
440 1544 677 1622 Αίαααπθνθανν,
701 1554 730 1608 os
758 1545 792 1609 io
816 1545 889 1611 orbe
916 1547 1017 1610 Ιίανια
1040 1556 1156 1612 moos

103 1631 283 1696 mecedo
306 1641 447 1710 νανυνίνν,
471 1641 515 1700 πί.
528 1631 577 1696 cel
598 1631 650 1696 de
671 1632 816 1716 AEoppti,
840 1632 889 1696 cel
910 1632 961 1696 dic
981 1631 1155 1698 ννθανίίαα-

103 1718 229 1782 νίανννα
249 1718 441 1782 secesionem
464 1716 697 1784 sollicitudines
718 1727 815 1802 ρνναί.
844 1717 950 1782 Rufini
972 1719 1056 1784 Hic.
1070 1719 1155 1785 Ιίααί.

104 1803 126 1868 1.
135 1818 168 1889 5.
184 1825 215 1888 p.
232 1823 279 1884 14.
296 1805 345 1868 ed.
358 1803 509 1870 Occeicri.

151 1889 232 1954 Ibid.
248 1889 268 1954 l.
282 1892 311 1954 6.
331 1891 380 1954 καὶ
396 1893 430 1954 ἐν
444 1897 507 1958 παῖς
521 1889 632 1957 ἄλλαις
647 1889 816 1977 ἐπαρχίαις]
833 1891 969 1957 Constet
979 1913 1020 1956 ex
1034 1911 1155 1956 oenone

103 1976 244 2040 secundo
260 1975 436 2042 OPoliteno
450 1975 534 2041 infre
547 1976 661 2062 posito,
677 1975 711 2038 in
726 1977 857 2042 Oriente
871 1977 998 2063 proprie
1011 1977 1057 2042 sio
1068 1977 1155 2042 dicto

104 2061 281 2126 obtinuisse
304 2061 467 2148 privilegio
489 2062 627 2128 eoolesiae
643 2062 864 2140 Antiochense,
883 2064 916 2128 in
939 2063 1063 2128 coeteris
1077 2063 1154 2128 dios·

105 2147 229 2212 ossibus
240 2147 403 2234 privilegio
411 2148 614 2214 eeclesiarum
622 2148 767 2213 eliorum.
800 2148 928 2214 Iuteree
943 2149 1154 2231 αθτοκεφέλαι,

104 2234 155 2298 vel
177 2234 225 2298 sui
244 2234 335 2318 juris,
352 2235 467 2320 sliquae
489 2234 657 2320 provinciae
679 2235 827 2299 videntur
848 2257 914 2300 sem
955 2235 1153 2315 mansisse,

104 2341 209 2405 neque
231 2320 394 2398 Romame,
411 2342 513 2406 neque
535 2319 771 2398 Alexandrinus,
786 2343 889 2406 neque
911 2258 1076 2400 diienteli
1096 2343 1155 2387 neo

105 2405 236 2470 demum
254 2406 308 2471 elii
323 2406 422 2470 cuivis
436 2407 573 2484 dioecesi,
589 2406 622 2470 in
637 2407 733 2470 rebus
747 2407 967 2472 ecclesiasticis
981 2408 1152 2493 subjectae3

105 2492 282 2578 cujusmodi
297 2494 420 2578 Cyprus
434 2493 537 2558 insule
550 2493 655 2570 fuisse,
667 2500 754 2557 corte
768 2493 811 2557 cd
822 2493 1037 2558 ordinationes
1047 2515 1156 2559 socrus

105 2579 192 2663 quod
215 2579 343 2656 attinet,
367 2578 464 2644 etium
485 2579 518 2643 in
542 2579 711 2664 Excerptis
733 2580 891 2644 Actorum
912 2579 1065 2664 Ephesini
1083 2599 1155 2644 cou-

105 2663 169 2729 cilii
182 2663 266 2729 infra
281 2665 471 2730 declaretur.
517 2664 652 2730 Postero
671 2671 815 2749 tempore
833 2665 1069 2750 archiepiscopi,
1084 2672 1156 2731 tum

105 2749 243 2836 denique
268 2751 468 2836 patriarches,
500 2751 650 2836 appellati
680 2757 756 2816 sunt
789 2751 903 2816 herum
931 2752 1030 2816 trium
1059 2752 1155 2816 ecole-

104 2837 226 2902 siarum
248 2837 411 2915 Romenae,
430 2837 666 2914 Alexandrinae,
690 2837 911 2915 Antiochense,
931 2838 1089 2924 episcopi;
1116 2860 1156 2903 sc

104 2929 264 3008 praetereo
288 2923 440 2988 AEliuuus
464 2923 629 3010 episcopus
653 2923 686 2987 iu
709 2945 830 2988 canone
853 2924 989 3010 septimo
1011 2925 1155 3010 proxime

104 3017 182 3094 post
205 3015 478 3074 commemoratus.
522 3009 669 3094 Denique
690 3009 739 3074 ite
759 3009 875 3074 extulit
896 3032 1048 3075 cononem
1071 3010 1157 3075 hunc

107 3102 235 3160 eentum
258 3095 518 3181 Harmenopulus
539 3095 573 3159 in
597 3096 738 3180 Epitome
762 3097 922 3160 caenon
946 3097 1033 3183 opud
1051 3096 1154 3161 Leun-

106 3181 199 3247 clavii
213 3181 274 3246 Jcc
286 3183 521 3246 Graeco-Rom.
533 3190 612 3247 tom.
622 3183 643 3246 i.
658 3205 689 3268 p.
703 3201 732 3244 1.
757 3185 908 3263 Κραπείπω
922 3185 959 3246 τὰ
976 3185 1087 3266 ἀρχαῖα
1101 3184 1154 3265 ἔθη

105 3275 166 3333 τῶν
180 3269 430 3351 ἀρχιεπισκόπων·
447 3268 568 3332 καὶτῶν
583 3270 699 3332 οἰκείων
713 3269 864 3350 ἐπαρχιῶν
879 3269 1003 3336 ἕκαστος
1019 3273 1153 3349 ἐξουσια-

105 3353 178 3431 ζέπω
203 3357 229 3417 εί
252 3353 285 3418 δέ
307 3378 350 3421 τις
374 3355 534 3422 ἐπίσκοπος
556 3358 607 3434 τῆς
630 3359 682 3419 τοῦ
702 3356 920 3436 μητροπολίτοῦ
938 3356 1009 3438 δίχα
1032 3354 1156 3439 γίνηται

105 3441 233 3524 γνώμης,
251 3441 456 3522 καθαιρείσθω.

150 3525 233 3590 Ibid.
248 3525 269 3588 l.
283 3541 312 3608 7.
328 3527 487 3611 σώζεσθαι]
507 3525 619 3592 Habet
633 3527 761 3612 quidem
775 3528 799 3590 J
801 3549 919 3592 oounes
934 3526 1155 3593 Antiochenus

104 3612 139 3676 iu
154 3611 289 3696 Digesto
304 3633 361 3675 suo
376 3611 542 3677 Ocnonum
556 3612 705 3692 σωζέσθω,
721 3612 831 3677 itidem
845 3623 999 3678 menter
1011 3613 1156 3698 Dionysii

105 3697 225 3783 Exigui
240 3697 366 3771 Versio,
381 3697 548 3783 priscoque
562 3697 728 3763 Osuouum
743 3698 858 3763 Versio
872 3699 958 3784 opud
972 3699 996 3762 J
997 3699 1154 3764 ustellum.

105 3785 228 3848 Verum
241 3783 388 3868 frequens
398 3791 449 3848 est
462 3784 496 3848 in
509 3784 560 3848 his
570 3783 850 3849 constitutionibus
859 3785 973 3848 modus
983 3784 1156 3849 infinitivus

105 3868 279 3936 subaudito
297 3874 351 3947 δεῖ,
367 3891 469 3954 neque
488 3877 665 3956 agnoscunt
685 3870 825 3947 σαζέσθα
842 3871 965 3935 codices
979 3870 1154 3950 Bodleian,

106 3978 188 4042 quos
203 3955 322 4020 contuli
337 3977 409 4020 cum
423 3955 557 4021 exeneis.

152 4040 235 4106 Ibid.
256 4041 277 4105 Ι.
296 4043 325 4106 8.
354 4043 444 4126 χωρὶς
468 4044 586 4124 γνώμης
611 4049 662 4107 τοῦ
687 4043 920 4130 μητραπολίτον]
952 4042 1036 4107 Fere
1061 4043 1156 4108 silent

106 4128 193 4194 circa
207 4127 357 4214 suffiegie
371 4127 479 4212 populi
498 4128 532 4192 in
550 4127 600 4194 bis
620 4128 825 4193 electionibus
843 4129 1048 4194 vetustissimi
1063 4151 1156 4194 ceno·

105 4235 173 4292 nes,
190 4213 243 4314 qui
259 4215 299 4279 de
312 4213 468 4300 episcopis
484 4214 714 4280 constituendis
732 4221 844 4300 egunt.
889 4213 959 4280 Imo
973 4223 1036 4284 τοῖς
1052 4218 1157 4299 θχλοῖς

106 4299 252 4388 permitti
265 4300 468 4368 secerdotum
481 4299 650 4367 electiones
664 4301 813 4388 probibet
826 4323 929 4368 conon
943 4302 1083 4368 decimus
1092 4311 1156 4368 ter·
