2867 4817
192 342 244 405 IN
268 342 487 406 CANONES
510 342 726 406 CONCILII
752 342 1056 407 CHALCEDON.
1099 344 1163 411 107

113 512 248 597 supplex
261 511 373 591 oravit,
389 519 427 577 nt
440 513 639 615 pragmatica
653 534 712 577 aue
726 512 829 577 lorma
842 514 885 578 ed
899 512 1066 597 preeleetos
1078 537 1160 592 suos,

114 606 149 662 et
167 599 211 663 od
231 618 372 684 pmeene
394 597 560 662 oonoihum
577 598 833 663 chalcedonense
851 598 957 676 missa,
979 608 1106 665 curaret
1125 607 1163 665 ut

114 682 252 768 pristine
264 682 433 768 metropoli
446 704 513 747 enae
524 684 599 768 jura
609 684 705 769 juxte
719 684 946 749 eoeleeiaotieoe
961 706 1097 749 canones
1111 708 1160 750 re·

114 770 347 834 stituerentur.
382 768 567 834 Marcianus
590 791 719 835 causam
743 771 786 835 od
810 770 976 835 concilium
997 772 1105 849 refert,
1128 779 1162 836 et-

114 875 173 939 per
194 854 326 939 jndices,
352 854 419 919 eive
442 855 650 940 magistratus
674 877 758 933 euos,
783 856 837 941 qui
860 862 1034 955 praeeentee
1058 868 1160 935 erant,

114 946 225 1026 petree
245 940 290 1004 ibi
308 946 518 1026 congregatos
535 942 687 1005 certiores
706 942 793 1018 lecit,
816 942 876 1005 eibi
895 962 959 1005 non
979 942 1103 1027 ploeere
1126 950 1163 1008 ut

114 1026 334 1111 epiecopomm
359 1024 489 1111 negotia
509 1026 605 1111 juxte
627 1027 841 1113 pragmaticos
863 1032 966 1113 typos,
990 1029 1047 1092 sed
1067 1030 1164 1112 juxte

113 1111 201 1197 legee
219 1111 447 1176 ecclesiastieae
464 1112 848 1178 administrentur—J
849 1114 956 1177 udices
974 1114 1069 1199 paulo
1090 1121 1164 1200 poet

113 1204 279 1281 rogemnt,
302 1203 341 1261 nt
362 1218 498 1261 canones
520 1197 560 1261 de
581 1198 642 1263 hoe
666 1221 702 1263 re
723 1198 911 1285 legerentur,
937 1205 971 1263 et
992 1198 1092 1265 lectus
1114 1209 1163 1266 eet

114 1290 249 1369 quartus
278 1282 399 1347 eoncilii
430 1282 561 1347 Niooeni.
617 1286 672 1348 Ex
701 1285 790 1369 cujus
822 1284 1010 1369 praeeoripto
1040 1286 1163 1369 judices

114 1368 273 1446 dixerunt,
288 1369 375 1454 quod
390 1368 527 1433 Photine
542 1369 618 1455 Tyri
632 1370 837 1455 metropolite
858 1392 982 1434 omnem
996 1371 1163 1435 ordinandi

115 1462 310 1540 potestatem
335 1455 369 1517 in
394 1455 539 1519 omnibus
562 1456 673 1541 primae
703 1456 872 1520 Phoenices
897 1456 1065 1541 provinciee
1091 1458 1163 1521 civi-

114 1540 239 1605 tetibne
264 1541 406 1618 haberet,
431 1547 465 1605 et
490 1541 681 1606 Eustathius
706 1542 817 1627 Beryti
841 1542 1006 1627 episeopus
1029 1566 1047 1607 e
1073 1564 1163 1608 sacro

115 1627 313 1711 pragnntioo
327 1633 415 1711 typo,
430 1648 525 1711 quern
539 1626 733 1705 obtinuerat,
748 1627 826 1690 nihil
841 1628 976 1713 emplius
991 1628 1050 1693 sibi
1065 1630 1163 1693 vindi-

115 1718 214 1787 caret,
230 1734 326 1812 quem
340 1712 453 1797 reliqni
470 1712 607 1798 episcopi
622 1714 765 1798 ejusdem
781 1713 1091 1797 provincia—Huic
1111 1716 1163 1780 dc-

113 1798 251 1862 linitiom
274 1804 346 1862 tota
368 1799 507 1882 eynodue
526 1799 694 1863 eoneeneit.
732 1800 936 1863 aneeeorne.
981 1799 1066 1864 Vide
1082 1800 1165 1865 infre

115 1906 187 1968 qnae
206 1906 248 1947 ex
266 1882 432 1949 (lenonum
446 1884 521 1949 edit.
537 1885 679 1971 principe
696 1886 866 1970 desumpto
885 1884 1006 1950 Oanoni
1023 1886 1162 1949 XXIX.

114 1970 364 2053 praemittuntur.

161 2054 246 2119 Ibid.
272 2055 293 2118 l.
309 2072 340 2139 5.
366 2059 416 2119 did
437 2057 660 2138 πραγματικὸν]
700 2056 783 2121 Voei
809 2062 1018 2139 πραγματικῶν
1040 2056 1163 2120 addunt

113 2147 293 2220 βασιλικῶν,
318 2141 402 2225 quod
426 2142 495 2225 ejue
517 2142 836 2226 interpretementum
862 2148 920 2221 eet,
943 2142 1101 2216 Concilie;
1130 2142 1163 2205 id

115 2248 190 2292 vero
215 2226 360 2290 nesciunt
388 2226 553 2291 (lenonum
582 2226 782 2293 collectiones
810 2235 845 2292 et
874 2234 1013 2312 quatuor
1040 2227 1163 2292 codices

114 2312 226 2397 scripti
244 2311 428 2386 Bodleiani;
452 2312 516 2376 imo
530 2312 605 2376 olim
619 2312 732 2378 aberat
747 2314 831 2378 idem
845 2336 866 2377 e
881 2314 988 2377 codiee
1004 2331 1045 2377 20
1045 2330 1076 2413 5,
1089 2334 1162 2376 nem

114 2398 240 2462 diverse
254 2419 350 2461 monn
364 2397 409 2461 ibi
424 2399 638 2483 superscripto
652 2408 701 2464 eet
715 2422 777 2463 vox
791 2406 969 2479 βασιλικῶν.
1016 2400 1076 2463 Art
1091 2398 1162 2463 Bel-

114 2504 205 2547 eamo
219 2484 252 2547 in
269 2486 382 2548 Comm.
398 2486 435 2547 τὰ
453 2489 601 2563 βασιλικὰ
620 2484 844 2568 προστάγματα,
863 2486 1058 2567 πραγματικαὶ
1078 2486 1163 2549 τάποι

113 2569 268 2652 λέγονται.
314 2568 395 2633 (lum
419 2569 480 2635 hoo
505 2592 625 2635 oenone
650 2571 817 2636 undecimo
846 2569 985 2635 decimus
1011 2569 1163 2655 septimus

115 2655 250 2719 conferri
264 2661 414 2719 meretur.
1130 2674 1133 2679 ·

502 2791 656 2858 OANON
678 2791 777 2857 XlV.

160 2915 197 2977 Ρ.
211 2916 263 2977 61.
287 2913 307 2976 l.
324 2934 354 2996 9.
376 2910 558 2997 προσάγειν]
587 2912 660 2977 Ηοα
683 2914 774 2998 posui
798 2936 857 3000 pro
882 2913 1029 2995 προσάγει
1054 2914 1163 2978 00οοὶ-

114 2999 229 3063 liorum
249 2998 393 3075 lectione,
409 3005 543 3063 coeterae
559 2998 759 3063 collectiones
778 3007 926 3075 secutum
951 2999 1010 3063 nisi
1031 3000 1115 3084 quod
1132 3000 1163 3062 in

114 3084 240 3148 dnobus
254 3084 346 3148 codd.
367 3083 557 3160 Bodleienie,
573 3100 635 3168 715
651 3091 686 3149 et
700 3086 763 3169 625
784 3084 858 3149 olim
878 3084 1069 3161 Rowlineon,
1089 3088 1162 3148 otro

114 3168 343 3253 προσαχθέντας
365 3191 423 3254 pro
445 3167 612 3252 προσάγειν
625 3170 709 3246 αι’πᾶ,
725 3171 780 3234 eed
803 3168 906 3234 minue
928 3172 1017 3246 bene,
1038 3171 1161 3255 legitur.

116 3256 218 3320 Nimio
229 3264 337 3321 antem
351 3254 394 3319 od
408 3256 534 3320 literam
546 3256 644 3319 verba
654 3257 768 3320 Graeca
778 3255 875 3320 vertit
887 3254 1057 3340 Dionysius
1067 3256 1162 3320 inter-

137 3343 236 3419 reaei
250 3342 621 3427 porilemproeoeatieent
635 3350 670 3404 at
686 3362 722 3405 οπ
739 3364 768 3405 ee
782 3343 894 3427 penites
911 3341 1165 3427 oporteretne

114 3366 324 3527 baptizarent5
348 3448 420 3491 oum
435 3427 630 3491 eontrarium
649 3427 725 3513 qnid
745 3427 948 3511 significetur,
963 3426 1121 3501 nimirum,
1138 3428 1163 3491 ei

114 3534 203 3599 pnne
218 3513 449 3599 baptizaverint
462 3512 578 3576 liberos
588 3534 663 3576 euoe
671 3514 760 3600 epod
774 3514 949 3591 hereticos,
961 3512 1163 3577 eddueendos

114 3622 171 3664 coe
183 3600 226 3664 ad
245 3598 384 3664 eooleeioe
403 3598 665 3677 communionem,
685 3620 781 3663 menn
803 3598 842 3662 iis
862 3598 1019 3685 imponito,
1038 3606 1075 3663 ut
1095 3622 1163 3662 mos

115 3694 186 3750 turn
199 3684 271 3763 fuit,
286 3684 435 3771 epiceopi.

161 3771 246 3835 Ibid.
261 3770 282 3833 l.
299 3790 346 3835 12.
370 3770 443 3850 μήτε
461 3771 520 3851 μὴν
543 3770 706 3835 συνάπτειν
725 3772 798 3853 πρὸς
821 3768 918 3853 γάμον
940 3772 1011 3854 διο]
1041 3769 1163 3835 Eodem

115 3857 421 3928 omnibusvetantnr
435 3856 469 3920 in
483 3856 665 3920 (lenonibus
681 3858 758 3919 XV.
770 3866 803 3921 et
818 3856 916 3920 XVI.
936 3856 1153 3921 Eliberitanie.

161 3943 243 4007 Ibid.
268 3941 290 4006 l.
309 3962 358 4027 13.
385 3945 412 4007 εἶ
434 3942 475 4022 μὴ
496 3943 556 4023 άρο
578 3941 797 4024 ἐπαγγέλλοιτο
825 3942 1048 4029 μετατίθεσθαι]
1077 3942 1161 4006 Dum

114 4029 237 4093 hebent
250 4028 392 4094 concite
409 4035 537 4093 tentum
558 4030 585 4093 εί
600 4028 640 4108 μὴ
659 4029 845 4112 ἐπαγγέλλοι
862 4054 893 4107 μ.
913 4035 1046 4092 oaeteroe
1065 4028 1162 4093 libros

114 4121 244 4180 eeoutue
257 4136 336 4179 euin.
367 4113 460 4179 Nune
474 4134 548 4179 vero
562 4114 624 4178 hoc
637 4114 757 4179 lactum
769 4136 837 4179 esee
848 4114 939 4179 video
950 4114 982 4177 in
994 4112 1163 4179 novissime

115 4201 256 4265 editione
270 4200 489 4267 Oenciliomm.

161 4286 245 4351 Ibid.
263 4286 346 4369 l.17.
369 4290 514 4371 κανονικῷ
535 4288 703 4351 ὑποκείσθω
728 4288 873 4372 ίπιτιμίῳ]
902 4286 966 4350 Pro
988 4285 1038 4349 hie
1060 4285 1163 4349 verbis

615 4394 633 4434 r
649 4391 667 4437 2
