2867 4817
230 224 662 292 CHALCEDONENSIS
686 226 903 293 CONCILII
928 227 1057 293 UNIV.
1128 227 1172 297 67

118 407 243 501 θημεν,
270 403 448 500 ἀμελοῦσι
475 406 548 479 τῶν
575 400 889 505 ἐγκεχειρισμένων
916 401 1033 485 αι’ποΐς
1059 436 1169 500 ποιμ-

118 531 214 628 νίων,
232 533 291 609 καὶ
309 525 580 623 ἀναβάλλονται
603 524 669 611 τὰς
692 528 909 632 χειροτονίας
930 534 1003 608 τῶν
1020 527 1168 610 ἐπισκό-

116 683 210 735 πων·
244 654 345 763 ἔδοξε
363 660 409 761 τῇ
427 656 513 762 ἁγίᾳ
530 653 674 762 συνόδιρ
693 651 792 738 ἐντὸς
810 660 919 759 τριῶν
936 662 1059 756 μηνῶν
1073 656 1167 759 γίνε-

117 789 208 864 σθαι
225 783 290 868 τὰς
307 782 523 888 χειροτονίας
541 788 614 862 τῶν
632 781 851 880 ἐπισκόπων,
869 786 899 861 εἰ
915 780 966 881 μή
991 816 1079 863 ποτε
1102 785 1172 889 ἄρα

90 909 358 1014 ςάπαραίτητος
393 908 533 1011 ἀνάγκη
570 908 833 1015 παρασκευάσῃ
869 911 1075 1009 ἐπιταθῆναι
1107 910 1172 992 τὸν

117 1042 183 1138 τῆς
207 1040 390 1137 ἀναβολῆς
413 1035 557 1143 χρόνον.
588 1042 618 1115 εἰ
642 1035 681 1117 δὲ
705 1035 757 1137 μὴ
781 1046 888 1117 τοῦτο
911 1036 1059 1145 ποιήσῃ,
1078 1040 1166 1119 ὑπο·

117 1170 259 1246 κεῖσθαι
285 1162 394 1245 αι’πδν
421 1166 709 1273 ἐκκλησιαστικῷ
737 1166 912 1273 ἐπιτιμίρ·
954 1163 1020 1265 τὴν
1048 1167 1170 1267 μέντοι

116 1291 303 1396 πρόσοδον
320 1295 383 1391 τῆς
407 1290 629 1397 χηρευοίσης
653 1292 847 1391 ἐκκλησίας
871 1290 974 1371 σώαν
997 1292 1096 1398 παρὰ
1119 1300 1170 1401 τῷ

117 1415 293 1526 οἰκονόμῳ
310 1421 373 1518 τῆς
390 1418 499 1517 αὐτῆς
516 1417 710 1519 ἐκκλησίας
728 1417 993 1525 φυλάττεσθαι.

65 1668 107 1707 ¹0
485 1660 691 1736 ΚΑΝΩΝ
728 1662 799 1741 Κς.

173 1799 389 1906 Ἐ’πτειδὴπερ
406 1801 444 1880 ἐν
471 1833 568 1881 τισιν
585 1801 801 1900 ἐκκλησίαις,
820 1803 868 1884 ὡς
892 1800 1166 1907 περιηχήθημεν,

116 1932 202 2034 δίχα
220 1925 415 2028 οἰκονόμων
432 1932 466 2007 οἱ
482 1927 673 2008 ἐπισκοποι
689 1925 737 2007 τὰ
753 1928 1039 2028 ἐκκλησιαστικδ
1054 1931 1148 2036 χειρί
1150 1976 1166 1991 -

116 2056 219 2162 ζουσι
236 2054 446 2160 πράγματα·
479 2053 579 2162 ἔδοξε
604 2060 732 2134 πᾶσαν
755 2056 952 2156 ἐκκλησίαν
972 2057 1169 2138 ἐπίσκοπον

115 2184 274 2289 ἔχουσαν
292 2184 350 2263 καὶ
369 2179 555 2281 οἰκονόμον
571 2181 664 2287 ἔχειν
682 2183 722 2262 ἐκ
746 2190 811 2262 τοῦ
829 2182 917 2263 ἰδίου
935 2181 1082 2289 κλήρου·
1113 2190 1164 2264 oi·

65 2318 336 2410 15κονομοῦντα
353 2306 400 2388 τὰ
416 2305 700 2408 ἐκκλησιαστικδι
717 2306 810 2388 κατὰ
827 2308 975 2410 γνώμην
997 2319 1061 2391 τοῦ
1080 2312 1169 2391 ἰδίου

113 2435 324 2519 ἐπισκόπου·
350 2432 447 2514 ὥστε
463 2432 513 2535 μὴ
535 2431 740 2539 ἀμάριυρον
764 2431 851 2515 εἶναι
876 2434 942 2536 τὴν
967 2438 1169 2537 οἰκονομίαν

113 2570 180 2666 τῆς
201 2562 405 2663 ἐκκλησίας,
426 2564 483 2642 καὶ
508 2564 547 2643 ἐκ
573 2559 701 2641 τούτου
728 2560 775 2640 roi
802 2566 865 2661 τῆς
894 2564 1003 2663 αι’πῆς
1032 2565 1164 2665 ἐκκλη-

114 2692 201 2778 σίαις
217 2688 474 2794 σκορπίζεσθαι
491 2686 700 2792 πράγματα,
718 2692 776 2769 καὶ
803 2692 986 2795 λοιδορίαν
1003 2697 1049 2797 τῇ
1068 2698 1166 2797 ἱερω-

115 3008 265 3062 tonorum,
299 3005 441 3073 quantum
476 2995 619 3074 comperi·
766 2994 918 3054 cANON
941 2994 1061 3056 XXVI.

114 3097 191 3143 mus,
205 3075 361 3154 negligunt
381 3075 548 3134 commissos
564 3074 619 3133 sibi
701 3075 849 3147 Quoniam
873 3076 1047 3154 quibusdam
1071 3077 1166 3138 eccle.

114 3176 228 3236 greges,
243 3167 274 3215 et
292 3154 490 3214 ordinationes
508 3155 620 3233 episeo-
660 3155 719 3223 siis,
749 3165 783 3214 ut
811 3176 927 3216 rumore
960 3158 1165 3237 comperimus,

115 3256 220 3317 porum
248 3236 344 3295 iaoera
366 3233 524 3294 differunt:
557 3234 619 3313 pla.
660 3246 765 3315 prater
785 3255 951 3295 oeoonomos
970 3235 1099 3316 episoopi
1119 3238 1164 3297 fu·

115 3317 178 3377 cuit
201 3327 308 3376 sanetae
331 3314 443 3394 synodo
463 3314 541 3373 intra
559 3324 620 3373 tres
660 3316 785 3377 cultates
799 3313 1004 3376 ecclesiastieae
1017 3326 1163 3379 tractam:

114 3418 230 3457 manses
253 3396 451 3455 ordinationes
471 3395 619 3473 episcopo·
660 3394 771 3475 plaeuit
799 3416 914 3454 omnem
937 3395 1085 3456 eeclesiam
1113 3398 1165 3457 ha·

114 3498 181 3537 rum
190 3474 620 3545 celebrarinisiforteneeessi-
660 3476 777 3535 bentem
800 3475 897 3555 epiaeo
919 3496 969 3535 um
993 3476 1098 3536 habere
1122 3500 1166 3537 oe·

114 3556 375 3617 tosinexousabilis
388 3576 448 3636 prae
469 3567 531 3615 aret
544 3566 619 3614 tem.
660 3576 815 3615 oonomum
830 3556 866 3615 de
908 3576 957 3615 ero
972 3558 1099 3637 proprio,
1114 3560 1165 3637 qui

114 3658 173 3715 pus
185 3636 335 3697 dilationis
353 3577 484 3704 extendi,
499 3634 619 3714 quodsi
660 3635 809 3715 dispenset
829 3655 876 3695 res
894 3636 1100 3699 ecclesiastieae
1119 3660 1163 3699 se-

115 3720 172 3777 hoe
205 3717 325 3775 minime
358 3715 471 3785 feeerit,
505 3735 619 3795 oorrep·
660 3716 790 3775 eundum
824 3718 997 3776 sententiam
1036 3720 1164 3799 episcopi

115 3798 191 3858 tioni
215 3796 415 3857 ecclesiastiea
439 3795 599 3873 subjacebit
607 3819 617 3867 ;
659 3796 770 3876 proprii
784 3798 835 3868 ita,
850 3808 884 3855 ut
898 3796 1027 3857 eoelesiae
1039 3797 1157 3879 dispen.

115 3888 307 3939 veruntamen
333 3875 467 3936 redditus
491 3875 619 3936 eeclesia
659 3877 733 3935 satio
755 3888 859 3954 praeter
880 3878 1081 3938 testimonium
1103 3901 1161 3939 non

114 3958 242 4018 viduatos
251 3978 341 4036 penes
351 3956 618 4033 oeoonomumejua·
659 3956 706 4023 sit.
723 3966 753 4016 et
766 3976 804 4015 ex
824 3958 880 4016 hoc
898 3956 1101 4037 dispergantur
1114 3982 1161 4020 ee-

115 4037 182 4099 dem
220 4037 348 4098 eeolesia
385 4037 492 4117 integri
526 4056 618 4095 reser-
659 4036 826 4096 clesiasticao
841 4037 1004 4107 facultates,
1020 4049 1050 4098 et
1068 4060 1161 4100 sacer.

114 4131 232 4195 yeutur.
660 4116 741 4175 dotio
771 4118 982 4179 maledictionis
1013 4121 1161 4199 derogatio

690 4218 762 4285 112
