2867 4817
300 311 350 374 ³2
368 312 402 376 S.
426 312 535 377 CYR.
560 313 707 378 ALEX.
731 314 799 378 AD
822 315 959 380 NEST.
983 316 1153 380 SYNOD.
1177 317 1327 382 EPIST.

301 485 360 562 καὶ
387 482 430 563 τὸ
456 493 621 589 πληροῦν
650 491 698 569 είς
726 486 936 590 ἀνθρώπους
958 487 1024 573 τάο
1051 491 1273 590 θεοσημείατ,
1296 493 1355 569 καὶ

301 613 381 716 οὐχὶ
407 610 450 713 δὴ
472 619 617 714 μᾶλλον
638 612 728 693 ἴδιον
752 616 863 694 αῦτοῦ
884 613 927 695 τῦ
953 615 1095 716 πνεῦμά
1119 622 1225 723 φησι,
1248 620 1292 697 δι’
1311 618 1356 697 οῦ

301 743 360 820 καὶ
378 738 548 843 ἐνήργηκε
565 739 629 826 τὰς
648 741 873 842 θεοσημείαο·
904 743 1065 844 ἀνάθεμα
1083 744 1190 825 ἔστω.

356 865 389 948 ί.
414 868 599 972 Ἀρχιερέα
621 870 679 947 καὶ
706 865 919 949 ἀπόστολον
941 874 1006 970 τῆς
1030 870 1225 973 ὁμολογίας
1250 871 1356 970 ἡμῶν

297 998 514 1096 γεγενῆσθαι
536 993 701 1100 Χριστὸν
728 996 751 1094 ἡ
775 996 852 1076 θεία
876 995 974 1099 λέγει
999 995 1158 1104 γραφὴ“,
1188 1031 1350 1102 προσκε·
1362 1033 1378 1092 5

299 1121 477 1220 κομικέναι
505 1155 544 1202 τε
573 1120 659 1225 ῦπέρ
687 1123 788 1222 ἡμῶν
815 1120 942 1203 ἑαυτὸν
974 1131 1022 1207 εὶς
1051 1123 1173 1224 ὀσμὴν
1204 1126 1352 1211 εὐωδίας

297 1255 349 1356 τῷ
368 1253 451 1357 θεῷ
475 1251 533 1329 καὶ
556 1250 669 1352 πατρί
677 1246 705 1328 b.
731 1249 765 1328 εί
781 1283 835 1334 τις
852 1252 972 1330 τοίνυν
989 1251 1153 1356 ἀρχιερέα
1178 1255 1237 1331 καὶ
1253 1250 1349 1332 ἀπό·

297 1387 436 1458 στολου
462 1377 563 1476 ἡμῶν
594 1378 815 1480 γεγενῆσθαί
844 1384 959 1485 φησιν
990 1380 1055 1459 οῦκ
1083 1378 1193 1460 αῦτῦν
1217 1378 1282 1460 τὸν
1309 1383 1352 1460 ἐκ

298 1509 395 1585 Θεοῦ
412 1502 536 1606 λόγον,
551 1503 609 1586 ὅτε
627 1503 753 1606 γέγονε
769 1502 871 1612 σὰρξ
883 1509 941 1584 καὶ
955 1507 1032 1585 καθ
1045 1508 1140 1607 ἡμᾶς
1151 1505 1350 1611 ἅνθρωπος,

298 1634 382 1710 ἀλλ’
408 1635 456 1716 ὡς
478 1632 597 1736 ἕτερον
619 1633 704 1734 παρ’
730 1631 840 1712 αὐτὸν
864 1638 980 1718 ίδικῶς
1003 1633 1194 1736 ἀνθρωπον
1216 1636 1257 1714 ἐκ
1277 1669 1347 1738 γυ·
1363 1673 1401 1712 ιο

298 1756 428 1844 ναικόα·
460 1757 536 1859 ἢεῖ
550 1793 603 1844 τις
625 1758 734 1861 λέγει,
753 1761 811 1839 καὶ
839 1758 927 1863 ῦπέρ
950 1761 1076 1840 ἑαυτοῦ
1095 1769 1350 1863 προσενεγκεῖν

297 1885 407 1967 αὐτὸν
443 1884 509 1986 τὴν
539 1884 768 1993 προσφορὰν,
798 1889 857 1966 καὶ
894 1888 975 1992 οὐχὶ
1006 1887 1050 1987 δὴ
1081 1892 1229 1987 μᾶλλον
1259 1887 1350 1990 ὑπὲρ

296 2014 416 2116 μου
443 2016 558 2116 ιω·
594 2015 636 2094 ου·
664 2012 737 2118 γυ
769 2012 814 2094 υ
844 2013 970 2116 ενοι
998 2021 1215 2123 πωπω
1248 2014 1349 2116 ιιι

297 2142 396 2227 εἰδὼς
414 2145 602 2247 ἁμαρτίαν·
631 2141 793 2237 ἀνάθεμα
810 2141 917 2223 έστω.

354 2268 412 2351 ια’.
445 2270 495 2351 Εί
520 2303 573 2355 τις
602 2271 670 2374 οῦχ
699 2271 873 2372 ὁμολογεῖ
895 2269 961 2369 τὴν
987 2278 1052 2350 τοῦ
1079 2272 1199 2376 κυρίου
1226 2269 1349 2374 σάρκα
1362 2320 1398 2379 1⁵

297 2397 469 2503 ζωοποιὸν
493 2394 591 2496 εἶναι,
609 2400 668 2478 καὶ
693 2398 785 2477 ἰδίαν
810 2398 919 2478 αὐτοῦ
943 2405 1007 2478 τοῦ
1030 2400 1070 2478 έκ
1094 2403 1189 2479 θεοῦ
1210 2396 1348 2501 πατρὸς

297 2526 426 2629 λόγου,
459 2526 544 2605 ἀλλ’
578 2527 625 2609 ὥς
657 2525 777 2628 ἑτέρου
807 2523 903 2608 τινὸς
933 2526 1018 2628 παρ’
1051 2522 1170 2624 αι’πῦν,
1200 2558 1342 2627 συνημ·

295 2655 402 2754 μένου
429 2652 495 2753 μὲν
521 2653 619 2760 αῦτῷ
645 2650 737 2732 κατὰ
769 2650 834 2753 τὴν
866 2651 983 2759 ἀξίαν,
1015 2651 1128 2754 ἤγουν
1153 2653 1203 2736 ὣς
1230 2652 1346 2754 μόνην

296 2781 394 2861 θείαν
410 2780 588 2879 ἐνοίκησιν
610 2775 815 2884 ἐσχηκότος·
843 2781 903 2858 καὶ
920 2779 1000 2883 οὐχὶ
1023 2776 1068 2878 δὴ
1094 2785 1241 2878 μᾶλλον
1258 2777 1345 2881 ζωο-

293 2904 408 3005 ποιῦν,
427 2907 475 2990 ὥς
492 2905 637 3013 ἔφημεν,
656 2908 712 2985 ὅτι
734 2904 882 3008 γέγονεν
903 2905 974 2985 ίδία
996 2913 1060 2984 τοῦ
1082 2902 1199 3008 λόγου
1215 2913 1279 2985 τοῦ
1296 2904 1397 2996 τάαο

293 3034 412 3117 πάντα
430 3034 614 3138 ζωογονεῖν
633 3033 830 3138 ίσχιίοντυο·
859 3029 1019 3132 ἀνάθεμα
1037 3032 1144 3112 έστω.

349 3163 413 3260 ιβ’.
433 3162 482 3244 Εί
496 3195 550 3246 τις
568 3161 637 3265 οὐχ
659 3163 833 3263 ὁμολογεῖ
850 3157 915 3240 τὸν
931 3169 996 3239 τοῦ
1015 3164 1111 3240 θεοῦ
1135 3158 1250 3262 λόγον
1265 3193 1340 3242 πα·

292 3290 403 3371 θόυτα
429 3290 548 3394 σαρκὶ,
578 3291 636 3368 καὶ
663 3286 932 3390 ἐσταυρωμένον
960 3290 1079 3390 σαρκὶ,
1104 3290 1164 3366 καὶ
1186 3283 1344 3367 θανάτου

291 3416 513 3521 γευσάμενον
537 3418 657 3521 σαρκὶ,
681 3411 856 3518 γεγονότα
883 3449 922 3494 τε
948 3410 1178 3515 πρωτότοκον
1204 3415 1244 3493 ἐκ
1267 3420 1344 3494 τιῦν

292 3553 424 3650 νεκρῶν
434 3556 459 3644 ⁰,
483 3541 573 3625 καθὸ
602 3539 672 3645 ζωή
699 3542 744 3623 τέ
768 3545 847 3623 ἐστι
872 3543 931 3621 καὶ
955 3537 1123 3643 ζωοπυιῦο
1153 3541 1203 3624 ὧν
1232 3539 1339 3624 θεός·
1353 3586 1393 3647 ²5

290 3672 450 3774 ἀνάθεμα
466 3673 574 3754 έστω.

370 3859 531 3922 λΗοὶ).ἰίἰ.
551 3879 576 3920 ι.
684 3857 822 3937 ιἘρίιοο.
837 3877 864 3914 v.
882 3875 909 3914 2.
1021 3854 1157 3914 ‘colom
1172 3854 1193 3914 i.
1214 3855 1258 3913 ιθ.

290 4038 381 4118 Apud
398 4038 536 4105 Concilio,
551 4047 621 4095 tom.
636 4033 696 4128 m·
711 4055 740 4114 p.
754 4051 823 4110 395.
837 4033 908 4092 edit.
922 4033 1022 4091 Labbe
1035 4041 1066 4091 et
1080 4033 1208 4092 Cossart.
1223 4044 1294 4092 tom.
1309 4034 1335 4092 1.

624 4155 652 4212 p.
669 4134 756 4192 1282.
771 4131 842 4191 edit.
857 4129 1002 4189 Harduin.
