2867 4817
282 318 346 385 26ss
458 316 657 383 ARNOBII
681 316 930 380 ADVERSUS
953 314 1144 380 GENTES

281 497 358 579 iste,
376 518 482 587 quem
503 493 602 565 vitali
625 494 849 586 reciprocatis
868 516 890 563 a
906 492 1064 585 spiritui,
1080 491 1183 583 cujus
1200 489 1334 560 abuta-

281 611 570 684 minifontibusl
595 610 705 703 cujus.
720 610 879 701 liquore?
904 610 982 701 quis
999 616 1188 679 ventomm
1209 607 1335 699 dispo-

282 728 390 800 suerit
419 726 584 799 flamina?
624 727 701 819 quis
722 727 874 796 undosas
899 726 1155 820 excogitaverit
1184 724 1334 795 nubes?

282 846 360 938 quis
393 844 565 915 seminum
600 842 784 936 frugiferas
816 851 1012 935 potestates
1037 844 1219 913 rationum
1249 864 1335 934 pro-

282 964 433 1057 prietate
450 961 673 1032 distinxerit?
703 957 834 1051 Apollo
851 960 950 1030 vobis
966 959 1088 1051 pluit?
1121 958 1334 1029 Mercurius

282 1080 382 1150 vobis
404 1077 519 1171 pluit?
553 1076 783 1169 AEsoulapius,
815 1074 1000 1159 Hercules,
1030 1085 1093 1146 aut
1124 1075 1248 1146 Diana
1276 1097 1334 1145 ra-

282 1196 416 1266 tionem
451 1195 628 1277 imbrium,
664 1201 987 1286 tempestatumque
1018 1193 1230 1263 linxerunt?
1279 1190 1333 1262 Et

283 1312 352 1382 hoc
373 1311 449 1381 fieri
459 1355 461 1363 ι
472 1311 532 1403 qui
553 1318 680 1403 potest,
697 1332 779 1379 cum
802 1310 840 1378 in
856 1310 989 1379 mundo
1010 1309 1250 1402 profiteamini
1267 1332 1331 1379 eos

284 1436 397 1510 natos,
415 1435 581 1519 certoque
606 1434 765 1519 tempore
787 1448 928 1496 sensum
945 1428 1131 1519 arripuisse
1153 1426 1330 1496 vitalem?

286 1544 326 1615 Si
344 1545 439 1616 enim
457 1544 625 1635 temporis
641 1544 852 1635 antiquitate
873 1544 1027 1613 mundus
1048 1566 1108 1614 eos
1130 1546 1330 1625 antevenit,

285 1671 322 1735 et
347 1662 547 1755 priusquam
574 1660 647 1729 nati
678 1668 771 1743 sunt,
790 1662 867 1753 jam
895 1670 1042 1731 noverat
1069 1660 1210 1753 pluvias
1236 1672 1332 1732 tem-

284 1784 509 1871 pestatesque
532 1784 667 1859 natura,
693 1775 831 1846 nullum
856 1778 966 1846 serius
991 1778 1066 1846 nati
1094 1775 1244 1869 pluendi
1267 1779 1332 1870 jus

285 1894 428 1978 habent,
463 1914 580 1985 neque
609 1894 659 1963 eis
691 1894 843 1963 inserere
872 1893 1066 1964 rationibus
1094 1917 1133 1963 se
1167 1906 1331 1986 possunt,

286 2012 604 2105 quas‘invenemnt
627 2010 687 2079 hic
708 2011 776 2104 agi,
803 2017 842 2080 et
863 2010 994 2102 majore
1018 2011 1064 2081 ab
1085 2022 1211 2083 autore
1236 2022 1333 2083 trac·

286 2130 363 2199 tari.

338 2241 486 2314 XXXI.
504 2241 537 2314 Ο
560 2244 726 2327 maxime,
750 2241 774 2312 ὂ
795 2266 932 2314 summe
954 2266 1071 2314 rerum
1097 2246 1332 2317 invisibilium

287 2368 496 2456 procreator.
547 2357 581 2430 Ο
606 2360 681 2452 ipse
705 2360 827 2443 invise,
853 2369 892 2430 et
919 2359 1025 2431 nullis
1050 2384 1207 2453 unquam
1231 2386 1334 2433 com-

287 2477 459 2571 prehense
471 2477 625 2559 naturis,
643 2477 779 2570 dignus,
796 2478 923 2571 dignm
939 2501 978 2548 es
1000 2502 1082 2549 vere
1099 2480 1143 2565 (si
1164 2481 1274 2551 modo
1288 2490 1334 2552 te

288 2597 434 2689 dignum
459 2593 599 2665 mortali
625 2594 814 2665 dicendum
838 2603 893 2665 est
917 2597 992 2687 ore)
1013 2597 1070 2667 cui
1096 2597 1229 2688 spiram
1253 2620 1335 2667 om-

288 2714 348 2785 nis'
367 2711 635 2805 intelligensque
661 2720 796 2794 natura,
820 2718 858 2782 et
882 2711 1012 2783 babere
1041 2721 1079 2783 et
1108 2736 1214 2806 agere
1237 2737 1335 2783 nun·

288 2850 400 2923 quam.
412 2829 550 2899 desinat
574 2828 724 2920 gratias:
749 2828 807 2897 cui
830 2835 908 2898 tota
928 2830 1115 2899 conveniat
1137 2830 1212 2899 vita
1232 2852 1333 2922 genu

288 2948 374 3017 nixo
408 2946 648 3040 procumbere,
682 2955 722 3015 et
754 2948 968 3017 continuatis
1001 2946 1164 3041 precibus
1196 2948 1334 3042 suppli-

289 3086 379 3135 care.
431 3062 549 3133 Prima
566 3063 660 3132 enim
677 3070 841 3134 tucausa
857 3086 907 3148 es,
927 3063 1024 3135 locus
1049 3086 1175 3146 rerum,
1191 3086 1236 3134 ac
1251 3088 1334 3157 spa-

290 3179 395 3264 cium,
429 3179 698 3249 limdamentum
736 3188 944 3249 cunctorum
982 3201 1198 3271 quecunque
1234 3189 1329 3263 sunt,

290 3296 456 3379 infinitus,
500 3296 687 3390 ingenitus,
727 3296 944 3379 immortalis,
983 3306 1183 3390 perpetuus,
1223 3296 1330 3381 solus,

290 3438 396 3508 quem
422 3414 519 3485 nulla
549 3414 696 3485 deliniat
724 3414 837 3484 forma
865 3414 1061 3507 corporalis,
1089 3413 1188 3485 nulla
1212 3414 1332 3485 deter-

291 3534 403 3602 minat
430 3531 713 3623 circumscriptio,
744 3529 923 3621 qualitatis
948 3554 1083 3623 expers,
1113 3530 1330 3623 quantitatis,

292 3651 368 3721 sine
392 3651 472 3731 situ,
494 3657 606 3733 motu,
623 3657 662 3719 et
686 3649 975 3740 habitudoque
1000 3647 1089 3717 nihil
1113 3648 1181 3718 dici
1205 3655 1244 3717 et
1268 3669 1333 3715 ex-

292 3768 396 3861 primi
421 3766 622 3837 mortalium
647 3768 740 3859 potis
765 3775 819 3836 est
844 3766 1098 3859 significatione
1123 3765 1330 3835 verborum:

294 3884 363 3975 qui,
380 3894 422 3953 ut
443 3882 658 3977 intelligaris,
675 3884 865 3953 tacendum
889 3892 955 3967 est,
972 3891 1089 3975 atque,
1106 3892 1147 3952 ut
1169 3905 1232 3975 per
1252 3902 1333 3950 um-

293 4002 392 4074 bram
409 4009 446 4070 te
471 4001 581 4093 possit
605 4020 723 4069 errans
747 4000 959 4093 investigare
981 4000 1142 4092 suspicio,
1165 3997 1255 4068 nihil
1277 4006 1332 4068 est

294 4117 436 4189 omnino
461 4116 693 4187 mutiendum.
745 4114 803 4186 Da
828 4118 966 4187 veniam
980 4138 1057 4186 rex
1088 4138 1225 4186 summe
1251 4124 1333 4185 tuos

293 4231 581 4325 persequentibus
606 4230 775 4302 famulos:
806 4241 844 4303 et
869 4232 979 4325 (quod
1005 4240 1078 4303 tore
1103 4232 1332 4326 benignitatis
