2867 4817
291 304 365 389 aas
541 322 773 387 srsrrmur
797 323 1068 387 racnannrr

291 498 472 580 omentias,
489 498 555 591 ipsi
572 505 683 568 sortes
699 505 737 567 et
758 497 907 582 oracula,
926 506 967 567 ιιι
986 506 1124 569 mentes
1143 497 1334 569 hominnm

289 636 353 707 per
378 614 561 709 ambiguos
588 616 705 685 exitus
734 615 884 686 mentita
913 616 1129 686 divinatione
1157 615 1335 687 deludant

291 729 383 826 (for.
400 730 607 803 deluderent
623 729 774 825 Dacis).
830 732 874 802 In
890 732 1032 824 templis
1055 755 1139 803 vero
1163 744 1204 803 et
1227 736 1336 805 saeri-

289 847 377 918 ficiis
406 847 567 917 omnibns
594 856 783 940 praesentes
812 850 949 934 adsunt,
975 858 1023 932 et,
1053 850 1222 943 prodigiis
1256 852 1336 943 qui-

291 965 439 1035 busdem
460 964 641 1035 fallacibus
662 965 766 1035 editis
788 965 832 1034 ad
857 964 1066 1036 miraculum
1093 967 1335 1058 praesentium,

291 1082 341 1149 sio
362 1079 522 1151 homines
542 1081 830 1163 circumveniunt,
850 1090 893 1153 ιιι
918 1081 1033 1151 inesse
1061 1105 1195 1152 numen
1225 1084 1336 1154 simu·

290 1195 392 1267 lucris
418 1205 455 1268 et
480 1196 690 1291 imaginibus
716 1195 872 1267 credant.
923 1196 1089 1289 Irreprmt
1118 1198 1230 1268 etiarn
1257 1222 1335 1269 cor-

288 1310 431 1403 poribus
444 1319 485 1381 ut
498 1313 639 1404 spiritus
652 1321 785 1395 tenues,
796 1313 997 1403 vitiatisque
1010 1311 1177 1383 membris
1188 1313 1335 1383 morbos

290 1428 465 1510 conciunt,
483 1451 570 1520 quos
587 1427 761 1498 sacrifieiis
781 1428 941 1520 votisque
957 1428 1086 1521 placati
1103 1428 1334 1522 postmodum

290 1541 469 1627 relexent3
495 1544 629 1615 somnia
646 1544 854 1626 immittunt,
868 1553 931 1615 aut
946 1543 1051 1636 plane
1068 1553 1220 1613 terrores
1238 1542 1334 1638 (sor.

289 1658 395 1752 plena
419 1662 560 1731 terroris
584 1658 723 1753 Ducis.)
741 1669 782 1730 ut
806 1660 872 1753 ipsi
896 1670 1074 1755 rogentur,
1099 1671 1163 1731 aut
1180 1683 1334 1753 quorum

290 1776 407 1847 exitus
443 1776 677 1870 respondeant
713 1776 863 1859 veritati,
897 1785 940 1847 ut
976 1777 1240 1847 venerationem
1277 1780 1333 1847 sui

289 1900 453 1986 augeant.
516 1892 783 1985 Nonnunquam
808 1894 916 1963 etiam
945 1893 983 1962 in
1007 1892 1194 1985 sacrilegos
1218 1893 1334 1963 edunt

290 2008 423 2102 aliquid
446 2008 599 2094 ultionis,
616 2019 658 2080 ιιι
681 2011 836 2102 quisquis
860 2010 997 2092 viderit,
1014 2009 1171 2080 timidior
1186 2032 1230 2079 ao
1251 2008 1334 2080 reli-

290 2126 420 2220 giosior
435 2124 507 2195 fiet.
559 2125 618 2196 Sic
639 2125 820 2196 fraudibus
842 2127 913 2195 suis
935 2126 1158 2195 obduxerunt
1174 2124 1335 2196 humano

291 2242 411 2335 generi
446 2241 628 2327 tenebram
666 2250 707 2312 ut
740 2264 904 2335 oppressa
936 2241 1094 2324 veritate,
1126 2244 1257 2312 summi
1289 2265 1336 2311 ac

292 2356 563 2453 singularisDei
580 2381 709 2430 nomen
725 2359 763 2427 in
780 2358 992 2430 oblivionem
1009 2360 1155 2430 reniret

669 2574 778 2646 OAP.
804 2572 954 2645 XXIX.

342 2706 413 2778 Sed
431 2708 517 2779 dicit
539 2709 732 2802 quispiam:
756 2708 830 2779 Cur
845 2731 929 2803 ergo
947 2730 1050 2780 verus
1073 2708 1133 2779 ille
1151 2708 1251 2780 Deus
1272 2733 1337 2802 pa-

292 2826 380 2895 titur
414 2823 489 2896 haec
523 2826 619 2909 fieri3
660 2849 705 2896 an
736 2824 830 2921 (for.
864 2849 906 2897 ao
938 2849 1010 2897 non
1042 2824 1181 2921 Durrlr.)
1214 2829 1337 2919 potius

292 2940 402 3011 malos
427 2942 485 3013 vel
511 2952 710 3013 summovet
735 2942 792 3013 vel
817 2943 1019 3038 extinguit?
1061 2943 1134 3013 Cur
1158 2966 1242 3013 vero
1266 2946 1335 3036 ipsi

292 3058 441 3127 daemoni
467 3059 596 3128 archon
623 3056 717 3153 (sor.
743 3060 817 3152 ipse
843 3058 1122 3131 damoniarohen
1145 3057 1287 3151 Duris.)
1313 3082 1337 3128 a

292 3174 462 3267 principio
497 3174 591 3257 fecit,
627 3184 669 3244 ut
698 3184 800 3270 esset,
831 3178 890 3268 qui
920 3184 1048 3246 cuncta
1082 3187 1336 3267 corrumperet,

293 3298 421 3361 cuncta
438 3291 675 3384 disperderet?
706 3290 833 3362 Dicam
849 3293 1012 3376 breviter,
1030 3314 1093 3361 cur
1111 3290 1206 3360 hunc
1222 3289 1336 3360 talem

294 3428 369 3477 esse
399 3406 560 3477 voluerit.
612 3406 751 3491 Quaero,
780 3416 945 3478 utrumne
973 3406 1084 3477 virtus
1113 3407 1246 3477 bonurn
1275 3407 1335 3488 sit,

293 3524 351 3607 sit,
380 3546 426 3593 an
459 3522 616 3595 malum?
655 3526 775 3618 negari
808 3548 880 3595 non
912 3534 1039 3618 potest,
1069 3524 1154 3616 quin
1187 3523 1334 3593 bonum.

295 3636 334 3709 si
359 3638 492 3709 bonum
517 3649 572 3710 est
596 3640 716 3723 virtus,
742 3639 875 3710 malum
900 3649 954 3711 est
982 3640 1091 3734 igitur
1111 3662 1133 3711 e
1157 3640 1334 3709 contrario

294 3756 431 3826 vitium.
482 3755 522 3827 Si
539 3756 665 3826 vitium
687 3779 734 3826 ex
757 3779 800 3827 eo
823 3756 955 3827 malum
979 3767 1042 3838 est,
1061 3757 1144 3848 quia
1163 3756 1335 3825 virtutem

294 3874 498 3967 impugnat3
524 3880 561 3942 et
585 3874 696 3943 virtus
723 3896 770 3944 ex
795 3897 838 3944 eo
862 3873 994 3945 bonurn
1017 3874 1183 3965 estquis
1205 3873 1334 3944 vitium

294 3987 440 4081 affligit;
471 4012 555 4082 ergo
571 4005 642 4058 non
659 3998 778 4081 potest
795 3990 905 4060 virtus
927 3990 1002 4059 sine
1027 3990 1114 4060 vitio
1130 3989 1334 4071 consistere,

294 4112 340 4186 et,
358 4104 387 4175 si
405 4105 530 4173 vitium
547 4104 739 4187 sustuleris,
757 4106 898 4175 virtutis
913 4107 1039 4176 merita
1054 4104 1246 4188 tollentur3
1268 4128 1335 4175 nec

293 4220 387 4287 enim
411 4226 529 4310 potest
554 4219 627 4291 ulla
651 4221 728 4291 lieri
759 4222 835 4293 sine
863 4221 965 4293 hoste
991 4222 1147 4293 victoria
1199 4220 1259 4293 Ita
1283 4222 1335 4305 fit,
