2867 4817
602 664 662 723 EX

354 841 907 941 ADMONITIONE

157 1056 494 1135 EDITORUM
525 1052 1108 1135 BENEDICTINORUM

248 1256 300 1321 IN
324 1256 457 1321 HANC
481 1255 617 1321 mom
641 1255 1022 1322 EXPOSITIONEM.

520 1469 746 1507 *—

110 1624 264 1780 CUM
289 1630 464 1703 incertum
490 1630 537 1700 sit
561 1638 703 1722 tempus
736 1652 807 1720 quo
836 1638 1043 1721 sequentem
1073 1626 1156 1697 fidei

196 1746 455 1839 expositionem
473 1744 624 1815 ediderit
641 1743 911 1827 S.Athanesius‚
925 1766 1005 1814 eam
1020 1743 1155 1835 aptiore

108 1858 188 1929 loco
212 1882 285 1931 non
310 1870 476 1953 putamus
504 1882 607 1952 posse
637 1858 812 1942 collocari,
840 1882 946 1951 quem
976 1860 1012 1927 in
1039 1858 1156 1929 fronte

107 1997 255 2066 operum
272 1998 351 2068 quoe
368 1975 405 2046 S.
418 1974 554 2045 Ductor
575 1976 742 2045 adversus
764 1974 916 2045 Arianos
939 1974 1154 2066 conscripsit.

109 2087 199 2160 Hac
231 2098 352 2160 autem
387 2089 537 2181 duplicis
570 2100 652 2159 sunt
685 2091 845 2183 generis:
885 2090 922 2158 in
952 2088 1030 2159 aliis
1059 2087 1155 2158 enim

107 2204 215 2275 fidem
255 2203 466 2276 catholicam
508 2205 675 2276 adversus
720 2205 891 2275 Arienam
932 2204 1154 2295 impietatem

108 2329 251 2393 strenue
274 2330 472 2415 propugnat
495 2322 647 2391 invictus
671 2320 785 2393 Verbi
809 2318 991 2390 defensor:
1016 2319 1053 2388 iu
1077 2318 1154 2388 aliis

108 2459 193 2507 vero
210 2438 323 2507 varios
344 2436 638 2530 gravissimosque
660 2444 821 2507 recenset
844 2456 954 2517 cesus,
971 2458 1059 2527 quos
1079 2435 1154 2528 ipse

106 2575 171 2645 pro
188 2552 346 2645 ejusdem
363 2551 445 2621 fidei
471 2550 684 2634 defensione,
703 2550 846 2622 Arianis
862 2551 1053 2634 autoribus,
1071 2572 1155 2621 con-

107 2676 244 2738 stanter
260 2665 428 2759 pertulit;
453 2690 495 2737 ac
512 2667 660 2760 proinde
677 2665 780 2737 valde
803 2676 1079 2738 consentaneum
1102 2665 1155 2735 vi-

107 2784 213 2853 detur
236 2780 334 2852 illam
358 2781 465 2852 fidem
490 2782 644 2874 primum
670 2783 811 2873 exponi,
827 2806 891 2876 pro
918 2782 1018 2875 cujus
1048 2804 1153 2852 causa

107 2898 162 2969 his
185 2896 393 2991 perfunctus
421 2905 477 2966 est
509 2895 687 2966 laboribus
715 2919 804 2988 quos
832 2897 907 2990 ipse
936 2906 1085 2980 enarrat,
1114 2906 1152 2967 et

106 3012 274 3107 pleraque
313 3034 392 3103 quoe
431 3011 597 3104 deinceps
631 3021 827 3103 sequuntur
866 3035 972 3105 opera
1010 3035 1153 3105 compo-

106 3130 189 3200 suit.
251 3127 346 3211 Quid
385 3126 461 3197 hoec
494 3127 669 3220 expositio
708 3128 898 3210 contineat,
933 3129 1008 3221 ipse
1048 3128 1153 3198 docet

106 3244 252 3316 titulus:
278 3264 407 3335 nempe
432 3243 549 3313 brevis
574 3252 630 3313 est
654 3242 845 3336 explicatio
867 3244 950 3314 fidei
971 3243 1152 3314 catholicae

106 3362 272 3432 adversus
297 3356 458 3441 Arianos,
477 3381 583 3450 quam
605 3359 750 3450 quidem
774 3358 961 3430 Facundus
989 3358 1153 3429 Hermis-

106 3477 223 3547 ueusis
239 3475 303 3545 lib.
317 3474 388 3545 XI.
411 3497 476 3567 pro
499 3474 703 3545 defensioue
726 3476 835 3545 trium
857 3474 1000 3567 capitul.
1026 3497 1101 3567 cap.
1115 3481 1152 3545 2.

107 3590 266 3683 Symboli
292 3591 550 3684 expositionem
573 3589 739 3684 appellat,
757 3614 835 3683 quoe
857 3591 949 3661 forte
972 3599 1058 3661 tune
1082 3590 1151 3661 tuit

106 3705 211 3798 hujus
236 3706 350 3799 operis
375 3706 566 3797 inscriptio.
618 3705 715 3790 Quin
738 3710 768 3779 is
791 3730 893 3779 verus
915 3708 962 3779 sit
984 3708 1021 3779 S.
1035 3706 1151 3777 Atha-

106 3822 192 3891 nasii
219 3822 312 3892 fetus
337 3820 436 3892 nulls
464 3844 547 3893 sane
578 3831 633 3893 est
662 3823 847 3894 dubitandi
881 3824 991 3907 ratio;
1033 3846 1149 3915 neque

105 3960 208 4029 porro
233 3938 269 4007 id
294 3938 442 4031 probare
466 3936 540 4007 ullo
564 3938 672 4008 modo
696 3962 785 4033 opus
814 3940 940 4010 luerit:
974 3940 1148 4031 siquidem

105 4052 181 4145 ipse
197 4051 319 4145 stylus,
335 4053 412 4147 ipsa
433 4052 593 4124 doctrina
614 4076 784 4149 magnum
807 4054 1043 4127 Athanasium
1064 4055 1151 4127 sutis

105 4190 169 4259 per
185 4191 223 4238 se
239 4168 382 4243 indicat.

620 4282 698 4344 ria
