2867 4817
264 314 327 383 292
434 307 635 374 ARNOBII
660 308 909 373 ADVERSUS
931 308 1121 373 GENTES

263 484 464 557 inflectatur
479 484 573 578 quod
596 484 684 567 acui,
701 507 748 555 en
763 492 912 556 acuatur
929 484 1025 577 quod
1041 482 1232 577 oportebat
1255 484 1318 553 in·

263 602 382 673 flecti?
411 610 475 671 aut
491 600 552 693 qui
574 601 689 671 minus
712 601 759 683 id,
776 602 870 693 quod
887 601 1027 683 dicitnr,
1043 624 1168 673 verum
1190 610 1260 683 est,
1279 602 1316 671 si

263 719 301 788 in
326 740 474 789 numero
503 724 679 809 peccetur,
704 726 767 787 aut
792 740 885 800 casu,
915 718 1171 811 praepositione,
1198 716 1316 809 parti-

264 836 365 930 cipio,
389 832 659 928 conjunctione?
686 832 822 927 Pompa
842 834 911 905 ista
933 835 1112 917 sermonis,
1129 844 1170 904 et
1194 834 1314 903 oratio

263 952 370 1023 misso
392 974 456 1044 per
479 948 617 1044 regulas
642 950 878 1034 concionibus,
894 949 1027 1033 litibus,
1050 949 1128 1020 foro
1146 950 1315 1041 judiciis-

264 1092 334 1161 que
354 1075 522 1151 servetur,
539 1067 731 1159 deturque:
756 1066 826 1139 illis
851 1068 970 1150 immo,
994 1066 1055 1160 qni
1080 1063 1312 1159 voluptatum

264 1184 494 1257 delinimenta
518 1192 723 1275 quaerentes,
747 1206 853 1254 omne
875 1206 979 1254 sunm
1002 1183 1161 1254 studium
1186 1182 1312 1253 verbo-

264 1324 343 1373 rum
366 1299 559 1371 inlumina
583 1298 819 1370 contulerunt.
870 1298 964 1371 Cum
988 1299 1164 1370 derebus
1191 1298 1312 1393 agitur

265 1418 310 1489 ab
333 1418 568 1488 ostentatione
590 1416 773 1499 submotis,
796 1415 881 1509 quid
905 1416 1053 1499 dicotur,
1075 1417 1312 1508 spectandum

265 1545 329 1619 est,
358 1556 430 1604 non
458 1531 553 1624 quali
583 1554 666 1603 oum
694 1534 901 1605 omoenitate
927 1532 1086 1604 dicatur:
1125 1554 1194 1603 nee
1224 1530 1312 1625 qnid

266 1674 367 1723 aures
404 1649 649 1733 commulceat
687 1649 749 1720 sed
790 1672 878 1743 quas
918 1648 1042 1722 offerat
1082 1650 1313 1722 audientibus

265 1767 460 1839 utilitates:
502 1765 657 1837 maxime
689 1790 773 1837 oum
811 1768 963 1839 sciamus
995 1769 1105 1839 etiam
1138 1768 1313 1860 quosdam

267 1884 445 1979 sapientiae
479 1882 626 1966 deditos,
656 1906 728 1954 non
762 1892 904 1954 tantum
936 1883 1106 1977 abjecisse
1138 1886 1314 1955 sermonis

267 2000 415 2083 cultum,
442 2021 564 2069 verum
595 2000 714 2082 etiam,
740 2021 823 2070 cum
847 2008 992 2093 possent
1020 1999 1178 2070 ornatius
1201 2007 1315 2092 atque

267 2113 409 2185 uberius
426 2111 552 2205 eloqui,
570 2112 745 2183 trivialem
768 2113 885 2184 studio
901 2111 1141 2184 humilitatem
1158 2122 1316 2196 soentos,

268 2254 315 2301 ne
343 2238 607 2323 corrumperent
633 2229 768 2301 scilicet
792 2230 975 2324 gravitatis
1001 2231 1163 2324 rigorem,
1188 2239 1229 2301 et
1258 2252 1317 2301 so·

269 2346 418 2441 phistica
434 2370 472 2417 se
494 2347 612 2440 potius
628 2347 864 2418 ostentatione
879 2346 1068 2439 jactarent.
1119 2346 1316 2417 Enimvero

270 2463 429 2537 dissoluti
452 2473 506 2535 est
530 2466 682 2556 pectoris
706 2464 744 2533 in
768 2465 873 2535 rebus
890 2463 988 2535 seriis
1009 2486 1164 2558 quaerere
1189 2463 1317 2557 volup-

269 2590 402 2654 tatemz
428 2589 466 2652 et
482 2604 564 2653 cum
582 2581 647 2651 tibi
665 2581 711 2651 sit
729 2582 819 2652 ratio
835 2604 918 2652 oum
934 2580 1028 2653 male
1043 2604 1082 2652 se
1097 2581 1317 2653 habentibus

269 2704 376 2789 atque
399 2696 509 2790 aengs,
535 2717 639 2767 sonos
661 2697 804 2768 auribus
824 2696 1009 2767 infimdere
1031 2695 1214 2779 dulciores,
1240 2718 1317 2767 non

269 2810 480 2883 medicinam
519 2811 723 2884 vulneribus
760 2814 958 2883 admovere.
1021 2812 1233 2905 Quanquam
1268 2810 1316 2903 (si

271 2950 392 3000 venum
432 2930 582 3021 spectes)
617 2928 737 2999 nullus
770 2952 885 2999 sermo
918 2938 1045 3000 natura
1077 2938 1132 3001 est
1164 2930 1317 3024 integer,

271 3046 416 3116 vitiosus
444 3045 606 3115 similiter
634 3045 765 3117 nullus:
814 3044 989 3130 Quaenam
1014 3056 1069 3117 ost
1097 3046 1193 3116 enirn
1224 3047 1318 3117 ratio

271 3160 448 3243 naturalis,
465 3170 528 3232 out
554 3162 591 3231 in
612 3162 737 3233 mnndi
759 3163 1070 3235 constitutionibus
1091 3161 1151 3233 lex
1173 3164 1317 3255 scripta,

271 3287 314 3352 ut
329 3277 388 3348 hic
404 3277 517 3369 paries
534 3278 672 3347 dicatur
688 3287 726 3347 et
742 3275 817 3347 haec
840 3275 950 3347 sellai
977 3299 1060 3346 cum
1076 3298 1193 3367 neque
1208 3296 1318 3347 sexus

273 3394 427 3464 habeant
442 3391 632 3463 foemininis
648 3392 836 3487 generibus
851 3390 1121 3483 masculinisque
1134 3390 1317 3472 discretos,

273 3532 388 3602 neque
405 3510 589 3601 quisquam
607 3510 733 3581 dooere
754 3508 976 3581 doctissimus
992 3531 1052 3578 me
1072 3508 1182 3600 possit
1199 3508 1318 3601 ipsum

274 3626 342 3709 hic,
368 3632 405 3696 et
430 3624 514 3708 haec,
533 3626 616 3718 quid
642 3628 725 3709 sint,
748 3634 811 3696 aut
834 3648 897 3695 cur
919 3648 965 3695 ex
990 3625 1041 3696 eis
1065 3648 1189 3707 unum,
1215 3648 1319 3697 secus

275 3742 374 3813 virile
405 3743 576 3836 designet,
612 3743 801 3814 foemininis
835 3743 1023 3837 generibus
1058 3742 1094 3812 id
1129 3742 1223 3836 quod
1263 3764 1321 3813 se·

276 3858 396 3949 quitur
424 3856 629 3950 applicetur.
693 3858 861 3929 Humana
895 3860 1075 3929 istasunt
1104 3858 1245 3951 placita
1280 3866 1320 3930 et

276 3978 320 4047 ad
345 3998 449 4046 usum
475 3977 644 4047 sermonis
672 3976 824 4047 faciendi
854 3999 924 4047 non
953 3999 1037 4047 sane
1064 3977 1228 4048 omnibus
1257 4000 1321 4045 ne-

276 4092 442 4163 cessaria:
477 4102 622 4165 namet
650 4094 726 4164 haec
750 4095 864 4186 paries
892 4093 1050 4177 forsitan,
1078 4102 1117 4163 et
1147 4090 1206 4163 hic
1231 4092 1323 4163 sella

277 4208 347 4277 dici
373 4209 448 4279 sine
473 4208 546 4279 ulla
570 4209 840 4302 reprehensione
869 4212 1052 4303 potuisset,
1082 4210 1112 4279 si
1141 4210 1187 4281 ab
1217 4208 1323 4279 initio
