2867 4817
262 277 330 343 872
524 277 552 338 F
556 276 758 340 IRMIANI
783 275 1057 340 LACTANTII

261 452 306 522 ab
335 449 407 522 uno
438 450 528 533 Deo,
557 455 603 520 e't·
624 452 694 520 orti
727 449 782 521 ab¹
806 473 889 521 unov
912 450 1066 534 homine,
1100 452 1319 544 'consangniss
1431 533 1432 536 Ἴ

261 569 384 639 nitatis
397 570 479 660 jure
505 569 699 651 sociamur3
725 589 867 637 omnem
892 569 1002 662 igitur
1026 567 1211 638 hominem
1234 567 1317 636 dili-

261 708 345 780 gere
379 685 560 756 debemus.
612 684 739 776 Itaque
773 708 846 755 non
879 693 1021 756 tantum
1055 683 1185 754 inferre
1219 685 1316 776 inju-

261 803 350 872 riam
375 825 447 871 non
472 809 622 894 oportet,
639 801 702 870 sed
726 823 773 870 ne
794 799 929 871 illatam
953 800 1098 892 quidem
1119 800 1314 880 vindicare,

263 930 310 988 ut·
325 921 371 988 sit
392 919 431 987 in
454 917 556 987 nobis
580 918 747 1010 perfecta*
762 917 974 988 innocentia.
1028 916 1077 986 Et
1102 917 1184 987 ideo
1203 916 1313 1007 jubet

263 1058 328 1106 nos
353 1035 578 1105 Deus‘etiam
602 1058 667 1127 pro
682 1034 834 1104 inimicis
858 1055 1000 1125 precem
1023 1033 1141 1103 facere
1161 1056 1313 1125 semper.
1431 1029 1432 1040 ’

263 1151 358 1246 Ergo
380 1151 510 1222 animal
534 1173 723 1220 commune
745 1159 853 1242 etque
870 1171 1012 1221 consors
1028 1171 1105 1219 esse
1128 1148 1313 1230 debemus,-

262 1277 304 1339 ut
336 1291 401 1338 nos
430 1268 584 1337 invicem
616 1267 822 1360 praestandis
856 1277 894 1336 et
923 1265 1136 1357 accipiendis
1169 1263 1313 1334 auxiliis

262 1386 472 1455 muniamus.
525 1382 656 1452 Multis
693 1384 788 1452 enim
824 1380 964 1451 essibus
1000 1391 1038 1450 et
1074 1379 1312 1451 incommodis

263 1500 433 1594 fragilitas
449 1507 570 1570 nostra
585 1499 744 1590 subjecta
760 1504 826 1568 est.
877 1497 988 1589 Spera
1007 1513 1045 1566 et
1062 1496 1128 1566 tibi
1149 1498 1314 1567 accidere

190 1697 208 1727 ο
263 1639 374 1710 posse,
408 1616 503 1707 quod
535 1613 637 1684 alteri
671 1614 791 1684 videas
816 1613 1007 1683 accidisse.
1071 1612 1129 1683 Ita
1162 1614 1313 1683 demum

263 1733 473 1804 excitaberis
507 1731 551 1800 ad
587 1752 692 1823 opem
723 1730 913 1812 ferendam,
948 1731 977 1800 si
1010 1731 1200 1822 sumpseris
1235 1731 1315 1822 ejus

264 1851 432 1931 animum,
458 1847 519 1939 qui
544 1869 649 1939 opem
676 1854 777 1916 tuam
806 1848 843 1916 in
872 1845 975 1916 malis
1000 1847 1216 1917 constitutus
1245 1849 1314 1916 im·

263 1959 388 2057 plorat.
439 1963 478 2033 si
502 1965 580 2054 quis
602 1964 700 2032 victu
720 1963 865 2056 indiget,
890 1963 1155 2054 impertiamns3
1185 1964 1315 2054 siquis

263 2079 379 2150 nudus
409 2087 570 2150 occurret
591 2076 692 2173 ·(sor.
724 2079 876 2149 occurrit
905 2075 1058 2165 Dacia),
1093 2079 1314 2162 retianum

264 2197 294 2264 si
329 2196 408 2286 quis
444 2219 465 2265 a
498 2196 700 2286 potentiore
736 2195 900 2287 injuriam
938 2196 1100 2276 sustinet,
1133 2218 1313 2266 eruamus.

266 2311 394 2381 Pateat
429 2310 647 2381 domicilium
689 2319 850 2382 nostrum
889 2313 1082 2405 peregrinis
1122 2311 1180 2382 vel
1221 2314 1314 2383 indi·
1431 2401 1432 2410 ἒ

264 2429 431 2524 gentibus
472 2436 582 2498 tecto.
650 2427 800 2520 Pupillis
837 2427 1005 2510 defensio,
1043 2429 1159 2512 viduis
1195 2429 1314 2499 tutela

264 2553 385 2616 nostra
399 2566 471 2614 non
488 2545 591 2614 desit.
642 2544 832 2613 Redimens
848 2544 894 2613 ab
916 2542 1019 2613 hoste
1034 2545 1192 2636 captivos
1212 2567 1315 2639 mag·

265 2683 351 2730 num
375 2661 622 2730 misericordie
650 2681 739 2753 opus
768 2667 846 2741 est;
884 2683 1003 2753 aegros‘
1021 2661 1109 2730 item
1138 2683 1316 2753 pauperes

264 2777 388 2846 visere
407 2784 515 2867 atque
543 2775 712 2845 refovere.
764 2773 894 2868 Inopes
922 2785 985 2845 aut
1012 2777 1154 2846 advenae
1182 2778 1211 2845 si
1237 2778 1316 2847 obi-

265 2891 367 2980 erint,
397 2913 468 2959 non
503 2890 682 2982 patiamur
708 2889 904 2982 insepultos
927 2892 1058 2983 jacere.
1109 2890 1197 2961 Haec
1229 2903 1317 2961 sunt

266 3029 382 3098 opera,
414 3005 490 3075 haec
519 3005 634 3075 officia
661 3005 917 3089 misericordiae,
954 3029 1032 3098 quae
1066 3007 1095 3077 si
1124 3007 1201 3097 quis
1236 3007 1318 3077 obi·
1431 3053 1432 3068 .

267 3123 345 3204 erit,
362 3144 485 3191 rerum
502 3134 541 3191 et
563 3129 750 3214 acceptum
771 3122 979 3192 sacrificium
997 3121 1077 3193 Deo
1099 3122 1316 3194 immolabit.
1431 3107 1432 3132 ³

268 3237 358 3309 Haec
374 3237 543 3308 litabilior
563 3238 710 3307 victima
731 3247 785 3309 est
807 3240 901 3331 apud
929 3237 1058 3321 Deum,
1076 3241 1138 3330 qui
1157 3261 1231 3309 non
1251 3263 1317 3332 pe-
1431 3265 1432 3330 3

267 3354 367 3425 cudis
391 3354 574 3446 sanguiue,
596 3353 657 3422 sed
682 3352 835 3424 hominis
859 3356 994 3446 pietate
1018 3354 1187 3447 placatur,
1204 3377 1316 3446 quem

268 3470 379 3551 Deus,
409 3471 493 3562 quia
514 3471 634 3561 justus
663 3479 728 3552 est,
754 3479 892 3540 suamet
920 3471 1037 3564 ipsum
1062 3471 1154 3565 lege,
1181 3494 1248 3542 sua
1276 3481 1317 3542 et

267 3585 729 3676 conditione‘prosequitnn
754 3586 942 3656 miseretur
957 3587 1043 3678 ejus,
1060 3609 1167 3679 quern
1184 3588 1318 3658 ¹viderit

267 3701 550 3784 misericordem
575 3701 801 3772 inexorabilis
818 3709 873 3772 est
896 3703 939 3784 ei,
957 3725 1064 3794 quem
1087 3705 1318 3796 precantibus

268 3819 382 3888 cernit
409 3817 598 3886 immitem.
648 3817 754 3911 Ergo,
780 3827 822 3887 ut
854 3817 933 3888 haec
962 3821 1091 3903 omnia,
1119 3843 1198 3910 quae
1232 3819 1317 3893 Deo

267 3932 418 4024 placent,
444 3934 560 4004 facere
584 3934 768 4025 possimus,
792 3936 1050 4005 contemnenda
1072 3945 1127 4005 est
1152 3941 1317 4028 pecunia,

267 4057 305 4119 st
330 4051 375 4120 ad
401 4049 562 4120 coelestes
591 4051 832 4122 transferenda
860 4049 1053 4135 thesauros,
1077 4052 1139 4121 ubi
1163 4075 1229 4122 nec
1257 4055 1319 4124 fur

267 4164 419 4246 effodiat,
445 4187 512 4234 nec
536 4166 663 4258 rubigo
687 4175 872 4238 consumat
896 4165 1006 4256 (Mat.
1025 4191 1058 4238 v.
1078 4173 1135 4251 19,
1153 4171 1228 4259 20.)
1246 4191 1316 4241 nee
1431 4205 1432 4244 1
