2867 4817
213 325 264 388 IN
288 324 508 389 CANONES
531 321 751 389 CONCILII
776 321 1083 387 CHALCEDON.
1129 324 1192 385 105

137 496 352 582 metropolita,
368 495 485 582 quippe
499 494 554 580 qui
568 494 738 580 provineiae
751 500 880 581 praeost.
925 494 1072 580 Synodus
1083 494 1190 561 Sardi·

135 583 243 647 sensis
257 583 387 649 Oanone
398 582 456 647 Vl.
472 586 521 646 διδ
535 581 715 664 γραμμάτων
730 586 783 645 τοῦ
796 578 923 665 ἐξάρχου
938 582 1091 664 ἐπαρχίας,
1107 581 1189 665 λέγω

134 672 169 733 δέ
184 674 238 733 τοῦ
249 672 413 734 ἐπισκόπου
425 674 475 748 τῆς
484 667 703 749 μητροπόλεως.
736 666 893 733 Pmsenti
903 674 1012 733 autem
1024 675 1057 732 et
1067 668 1189 732 docimo

134 756 275 841 septimo
289 756 383 840 hujus
397 754 528 819 Consilii
543 775 673 832 eanono,
689 753 809 819 montio
824 753 861 819 fit
877 750 1003 837 ἐξάρχου
1017 758 1068 833 τῆς
1083 754 1189 833 διοική

133 868 223 909 σεως.
255 842 336 907 Cum
350 849 459 907 autom
473 843 614 919 διοίκησις
627 840 897 925 adpatriareham
933 840 1037 925 roprio
1052 847 1186 925 spectet,

134 936 174 993 ut
189 927 316 1012 ἔξαρχος
329 932 380 1008 τῆς
392 928 538 1010 ἐπαρχίας
550 926 636 991 idom
650 933 701 991 est
714 948 754 990 ae
771 862 984 1011 metropolita,
1000 926 1045 991 sie
1061 924 1187 1011 ἔξαρχος

134 1018 187 1092 τῆς
213 1013 384 1093 διοικήσεως
409 1014 495 1077 idem
520 1013 574 1112 qui
599 1012 784 1097 patriarcha
809 1012 861 1090 sit,
886 1034 1013 1077 neeesse
1039 1018 1098 1077 ost.
1145 1012 1189 1077 Et

132 1099 208 1166 hino
225 1106 285 1179 est,
309 1100 395 1185 qnod
412 1099 615 1164 lastinianus
636 1099 819 1186 imponatur,
840 1098 1086 1164 eeclesiasticam
1105 1098 1188 1163 hane

130 1186 330 1251 sanctionem
350 1208 410 1250 sua
426 1186 526 1250 otiam
544 1185 739 1251 suetos-itate
759 1185 958 1262 confirmans,
975 1207 1034 1270 pro
1049 1185 1187 1251 exarcho

133 1272 353 1357 patriarcham
376 1272 549 1337 dioeeosoos
573 1272 750 1350 substituit,
778 1272 816 1336 Si
838 1293 916 1349 οοτο,
943 1271 1059 1356 inquit,
1083 1280 1189 1336 οοιιίνο

132 1359 352 1443 metropolim
380 1360 454 1423 ίαίίς
481 1359 581 1423 aditio
600 1360 664 1441 fiat
693 1356 732 1422 αδ
761 1358 903 1443 οριὲιοορο,
933 1368 988 1422 συί
1017 1357 1105 1431 ebro,
1134 1368 1189 1422 oet

129 1444 199 1509 αίία
220 1466 397 1531 maioque
418 1466 559 1529 ρονιοιια,
589 1444 740 1508 dmm
769 1444 854 1509 illius
878 1442 1065 1509 άοοίίιιίπιυς
1083 1444 1187 1529 putri-

129 1530 230 1595 srcln
250 1530 349 1595 simili
370 1531 457 1594 νυοιίο
479 1530 970 1615 eausamjuds'oet.N0vel.123.
994 1550 1020 1593 e.
1038 1550 1088 1599 22.
1134 1530 1187 1594 Sit·

131 1617 232 1682 otiam
247 1639 355 1681 vooom
367 1617 449 1681 hane
460 1618 691 1701 interpretatus
702 1624 752 1681 ost
763 1616 896 1680 Alexius
908 1616 1088 1693 Aristonus,
1104 1620 1186 1698 παρὰ

130 1705 173 1789 τῷ
190 1699 308 1789 ἐξάρχω
323 1707 374 1783 τῆς
391 1702 571 1782 διοικήσεως,
586 1702 652 1782 7'tros
671 1706 711 1789 τῷ
730 1700 907 1785 πατριάρχῃ,
923 1702 973 1784 ὑφ’
990 1702 1026 1766 δν
1045 1706 1186 1767 τελοῦσιν

129 1796 190 1853 τῶν
207 1792 358 1874 ἐπαρχιῶν
372 1790 495 1853 ἐκείνων
508 1790 731 1869 μητροπολίται.
766 1788 862 1853 Unde
875 1790 1028 1866 Zonaras,
1040 1786 1185 1873 ἐξάρχους

129 1878 164 1940 δέ
186 1881 247 1938 τῶν
269 1875 443 1955 διοικήσεων
465 1876 532 1942 τοὺς
552 1872 738 1958 πατριάρχας
761 1875 837 1939 εἶναι
863 1875 969 1955 φασὶν,
993 1874 1049 1938 sed
1071 1874 1183 1939 statim

131 1961 248 2045 subjun
289 1983 336 2035 ns,
350 1964 441 2025 ἄλλοι
455 1964 488 2025 δέ
498 1961 566 2028 τοὺς
579 1962 808 2042 μητροπολίτας.
832 1960 884 2024 Sio
896 1960 1023 2045 quidem
1037 1960 1186 2045 opinatus

132 2056 187 2113 ost
271 2069 392 2126 samon,
415 2048 465 2112 eni
491 2048 617 2130 ἔξαρχος
641 2051 692 2127 τῆς
714 2046 885 2127 διοικήσεως
906 2046 991 2111 idem
1012 2053 1072 2123 ost,
1095 2048 1111 2109 ὁ
1133 2051 1185 2127 τῆς

127 2136 203 2214 ὅλης
240 2133 410 2213 διοικήσεως
432 2135 658 2216 μηπροπολίτης,
687 2133 837 2197 nimirum
862 2155 900 2197 ao
929 2133 955 2196 si
981 2132 1185 2217 metropolita

127 2219 245 2305 uliquis
258 2227 378 2305 praetor
392 2220 609 2306 patriarcham
627 2219 691 2283 toti
705 2219 835 2283 dioeoesi
856 2226 1017 2305 praeesset,
1038 2219 1124 2303 quod
1138 2218 1184 2282 in-

126 2305 275 2370 auditum
285 2313 345 2371 ost.
368 2306 524 2370 annnse.
556 2306 695 2370 Exarohi
708 2306 835 2390 quidem
847 2306 1031 2370 dioeeosium
1042 2304 1183 2390 AEgypti

126 2400 226 2477 atque
241 2392 382 2457 Orientis
401 2392 592 2479 patriarchae
612 2392 689 2457 dieti
710 2398 805 2465 sunt;
830 2393 886 2456 sed
908 2392 1015 2477 plures
1030 2392 1183 2455 dioeoesos

125 2479 170 2543 ad
188 2478 447 2563 patriarohatum
473 2480 643 2545 OPtnnum
669 2478 883 2563 pertinebant,
909 2478 1025 2562 quibus
1047 2477 1184 2561 singulis

127 2563 350 2650 praesidebant
380 2564 510 2649 ἐξαρχοι,
540 2587 705 2649 nusquam,
737 2565 822 2648 quod
854 2564 961 2639 seiam,
991 2563 1182 2649 patriarehae

127 2650 305 2725 nominati;
340 2651 399 2716 nisi
444 2651 613 2716 ones-aliter
638 2651 767 2736 quidem
790 2651 823 2714 in
842 2650 1018 2716 Justiniani
1042 2649 1182 2714 Novellis

127 2756 225 2821 supra
249 2737 365 2802 allatis.
411 2675 516 2802 pum
538 2744 647 2803 tamen
672 2736 870 2822 temporibus
893 2737 1125 2802 recentioribus
1147 2736 1180 2799 in

126 2823 199 2889 aliis
227 2822 350 2909 imperii
378 2824 525 2911 partibus
554 2824 602 2887 vel
631 2824 824 2903 dioeeosium,
854 2823 902 2888 vol
938 2822 1178 2910 provinciarum,

126 2908 266 2987 exarchi,
283 2910 337 2995 qui
357 2917 477 2997 praetor
498 2911 636 2996 quinque
657 2910 727 2975 illos
749 2909 949 2994 patriarohus
970 2911 1031 2975 hoo
1053 2908 1180 2973 nomine

126 2995 281 3081 appellari
305 2998 471 3083 soeperint.
525 2997 606 3062 (lum
634 2997 695 3061 hoo
725 3018 845 3061 canone
874 2995 982 3063 senior
1007 2994 1180 3062 seeundum

126 3081 250 3147 concilii
265 3082 399 3161 OPtani,
418 3091 453 3148 ot
475 3084 632 3149 decimum
651 3082 822 3169 septimum
837 3090 871 3148 ot
886 3082 1070 3149 vioesimum
1094 3088 1180 3146 oeta·

127 3190 202 3233 vum
218 3168 313 3253 hujus
328 3169 460 3234 aoncilii.

181 3254 318 3403 Insuper
342 3256 393 3321 hio
418 3256 550 3331 notabo,
576 3277 641 3320 non
666 3257 774 3321 sedem
799 3260 928 3320 tantum
957 3254 1022 3320 ΟΡ.
1050 3254 1092 3318 ab
1117 3252 1179 3318 hau

126 3342 249 3426 synodo
286 3364 383 3407 onore
397 3350 526 3408 auctam
539 3342 646 3420 luisse,
661 3343 717 3407 sod
736 3348 769 3407 et
785 3340 1119 3426 Hierosolymitanam,
1135 3340 1178 3405 ad

127 3450 225 3577 paam
287 3427 406 3493 rtinore
426 3428 605 3514 provincias
624 3428 728 3495 dietas
750 3434 817 3493 tres
840 3427 1038 3507 Palaestinas,
1061 3449 1082 3492 a
1103 3427 1179 3490 sedo

162 3514 250 3578 ntioo
273 3537 334 3579 ena
347 3515 532 3601 disjunctas,
550 3515 585 3579 hi
599 3523 708 3601 patres
723 3516 941 3580 decreverunt.
985 3512 1009 3577 J
1011 3536 1048 3579 us
1062 3514 1178 3599 prima.

125 3600 192 3665 tius
222 3601 255 3663 in
287 3601 346 3665 has
372 3601 559 3686 provintias,
586 3602 727 3667 habebat
755 3600 807 3665 hio
836 3600 962 3686 praesul,
991 3600 1179 3701 patriarcha

126 3694 250 3771 peston,
275 3688 435 3772 quomodo
460 3695 598 3773 quatuor
622 3688 678 3766 illi,
704 3687 903 3773 appellatum
939 3692 1000 3751 otei
1029 3707 1111 3750 unus
1136 3708 1176 3749 ex

126 3774 300 3836 earundem
314 3774 545 3858 provintiarum
562 3774 774 3861 metropolitis
792 3773 957 3859 opiscopus
972 3772 1177 3838 Oaesarionsis

126 3859 212 3922 sedis
227 3860 538 3945 Hierosolymitanae,
550 3868 588 3925 ut
603 3861 777 3926 indicatum
793 3866 842 3924 est
857 3859 889 3922 in
904 3880 1026 3923 esnone
1040 3858 1176 3944 septimo

126 3945 267 4023 Niaaeno,
283 3946 488 4032 metropolita
502 3947 654 4013 extiterit.
696 3948 799 4011 Porro
814 3968 853 4010 ox
869 3945 1033 4029 Boveregii
1047 3945 1176 4031 quidem

125 4032 287 4097 sententia
300 4032 334 4096 in
346 4034 555 4098 adnotatione
565 4034 608 4098 ad
618 4034 706 4098 illum
718 4054 871 4098 sunonem
885 4034 903 4113 ή
919 4034 1080 4097 ἀκολουθία
1090 4036 1174 4113 τιμῆς

124 4118 199 4182 huie
214 4119 281 4183 sedi
296 4119 413 4183 ibidem
428 4120 588 4185 attributa
602 4119 703 4184 solum
715 4119 873 4206 signifieat
887 4119 1039 4184 honorem
1055 4118 1171 4183 Hiero·

125 4203 256 4289 solymae
280 4206 428 4291 episeopo
454 4206 650 4293 assignatum
675 4216 750 4293 post
773 4204 1052 4293 metropolitanum
1081 4226 1173 4268 suum

125 4292 310 4379 episcopum
324 4293 560 4369 Oaesunonsom,
579 4293 681 4378 qualis
700 4294 839 4357 Niooemu
859 4292 925 4357 sodi
947 4298 1021 4373 post
1035 4300 1174 4356 votorom
