2867 4817
285 254 350 325 198
426 251 668 319 alamann
692 252 835 318 NOTAE
862 252 914 319 IN
938 251 971 325 S.
996 252 1205 319 CYRILLI

285 423 392 490 Proeli
414 424 572 489 defensio:
596 423 649 489 ille
669 423 756 489 euim
773 422 938 489 eatholieis
955 422 1221 504 ealuruniabatar,
1248 426 1338 511 (μ’

283 516 463 575 assererent
478 508 623 576 Verbum
636 516 755 575 natura
768 532 827 575 sua
840 532 897 575 seu
916 511 1082 576 divinitate
1095 530 1230 595 passim]
1243 536 1254 585 ;
1280 511 1338 574 iste

285 603 417 747 ἔρρων
444 595 518 661 fidei
543 595 769 681 professionem
793 596 999 683 vapulaverat
1027 594 1181 663 atmoiter
1206 618 1231 663 a
1262 596 1339 661 Nes

322 703 379 745 no.

329 769 369 831 P.
380 784 431 849 29.
446 764 467 830 l.
476 786 525 851 13.
538 766 596 831 Kal
608 766 709 845 ἐπειδὴ
717 766 802 831 Θεὸν
814 766 963 833 {seelera
973 769 1061 850 σαρκὶ
1072 766 1137 831 καθ’
1148 769 1337 853 ὑπόστασιν]

287 853 339 919 Ex
353 852 491 937 eoquod
511 852 652 916 Verbum
668 852 755 917 aarui
776 852 901 917 unitum
916 861 966 918 est
985 853 1048 919 aad
1068 854 1251 931 ὑπόστασιν,
1269 876 1340 917 eon-

286 939 354 1004 fioit
377 938 560 1023 quaestionis
581 946 687 1022 eaput,
711 947 750 1003 ut
775 938 903 1025 quidem
925 940 1019 1025 vulgo
1044 939 1245 1017 movebatur,
1269 940 1341 1003 Vir-

286 1024 392 1109 ginem
406 1030 551 1088 sanatam
564 1045 634 1089 esse
649 1025 822 1099 Θεοτόκονς
847 1024 973 1090 ooufieit
987 1047 1061 1091 vero
1075 1024 1123 1089 ita
1136 1031 1174 1089 ut
1188 1034 1340 1091 oeeurrat

287 1109 452 1175 emumuiis
476 1110 610 1187 duabus,
658 1131 716 1173 uas
745 1109 820 1173 inde
844 1110 1009 1175 catholicis
1034 1110 1212 1189 Nestorius,
1240 1111 1341 1175 maxi-

287 1218 401 1281 meque
427 1195 541 1259 Proelo
566 1203 600 1259 et
628 1132 777 1273 Eusebio,
804 1195 969 1271 struebata
1002 1202 1036 1261 et
1061 1196 1172 1282 primae
1198 1198 1340 1281 quidem,

288 1282 380 1367 quasi
398 1281 440 1345 ab
464 1280 514 1344 his
536 1280 704 1358 diceretur,
726 1280 811 1365 quod
829 1280 928 1346 sensit
948 1281 1114 1357 Photinus,
1132 1282 1282 1346 Verbum
1303 1306 1341 1348 ex

288 1367 409 1517 {irgine
434 1364 1011 1528 duimfimiifhffmliiiffifi,
1032 1368 1188 1446 secundae,
1215 1370 1342 1455 eguisse

319 1474 355 1516 er
376 1474 439 1528 um,
455 1474 476 1515 u
615 1473 709 1515 seeun
843 1474 884 1517 ua
900 1474 941 1516 rvr
1014 1502 1021 1517 .

334 1538 419 1601 Ibid.
434 1537 453 1600 l.
463 1536 520 1601 ult.
536 1536 571 1601 ἐν
583 1538 692 1604 λύπαις
705 1538 775 1623 τέξῃ
789 1536 892 1622 τέκνα]
917 1537 1057 1604 Videtur
1071 1538 1207 1623 Cyrillus
1228 1539 1343 1625 legisse

290 1623 430 1688 Nestorii
444 1644 621 1686 sermonem
634 1622 772 1709 primum
785 1624 936 1688 adversus
951 1624 1147 1710 Pelagianos,
1160 1625 1194 1688 iu
1204 1646 1344 1710 eumque

289 1710 463 1781 intendere,
501 1707 734 1792 uaudoquidem
748 1708 836 1773 loeus
854 1708 915 1773 iste
930 1712 1099 1787 Geneseos,
1115 1711 1250 1795 lausque
1265 1734 1344 1797 nup-

289 1794 408 1861 tiarum
437 1815 495 1878 pro
508 1794 558 1857 'xe
584 1814 605 1857 a
631 1792 780 1859 Nestorio
805 1801 975 1865 traotatur.
1012 1796 1069 1859 Ad
1089 1797 1194 1861 Marii
1216 1798 1344 1863 Mereo-

290 1882 365 1945 toria
394 1879 501 1966 Opera
530 1878 630 1943 P.II.
660 1901 734 1965 pag.
757 1898 807 1965 79.
837 1880 900 1945 leo
926 1882 1030 1967 pomis
1062 1883 1245 1947 eameram
1295 1885 1345 1949 De

291 1964 615 2031 Auathematismatis
642 1966 766 2051 scripsit
888 1977 1052 2053 sequnntur
1080 1968 1159 2031 idem
1191 1968 1245 2031 eir
1277 1970 1346 2033 doe-

291 2052 423 2116 tsbsimos
443 2052 478 2115 ia
498 2050 636 2113 Dissert.
654 2050 700 2115 Il.
722 2052 772 2116 Da
809 2052 922 2135 yuodis
943 2052 1063 2118 habitis
1084 2054 1117 2117 ia
1137 2053 1245 2121 causa
1266 2055 1346 2120 Nes-

292 2137 377 2214 torii,
395 2137 478 2201 ibid.
494 2157 567 2222 pag.
578 2155 653 2219 339.

331 2225 409 2287 Jam
430 2243 505 2287 vero
526 2220 810 2285 anathematismos
834 2221 1013 2287 admirabili
1035 2226 1173 2309 quadam
1199 2233 1285 2303 arte,
1311 2236 1346 2291 et

174 2352 177 2356 -
291 2309 443 2374 methodo
469 2306 560 2392 quasi
584 2305 785 2392 geometriae,
812 2330 876 2393 qua
900 2308 978 2372 nihil
1004 2311 1155 2389 exactius,
1180 2311 1346 2377 eonfeotos

292 2417 370 2471 esse,
386 2416 426 2457 ex
446 2414 484 2457 eo
506 2392 615 2476 liquet,
632 2391 716 2477 quod
736 2393 839 2478 primo
861 2394 1025 2459 theorema
1043 2397 1255 2481 probandum,
1274 2406 1346 2463 tum

292 2478 448 2565 probandi
469 2477 658 2564 principium
684 2484 718 2541 et
744 2479 807 2543 duo
832 2479 991 2558 lemmata,
1018 2480 1153 2567 denique
1175 2484 1347 2548 oorollaria

293 2586 407 2630 novem
420 2562 614 2629 eontineant.

337 2650 479 2731 Quaestio
493 2657 573 2724 erat,
588 2670 631 2712 au
642 2648 842 2726 Emmanuel,
854 2649 943 2733 eujus
953 2651 1097 2717 meminit
1110 2653 1223 2733 Isaiae,
1235 2676 1348 2741 quem-

294 2758 355 2821 que
386 2733 488 2799 omnis
522 2734 655 2798 eoelesia
688 2735 840 2799 adversus
867 2736 1003 2800 Judaeos
1032 2737 1194 2802 Christum
1228 2740 1347 2805 Jesum

294 2822 533 2906 interpretatur,
559 2841 631 2883 vere
652 2820 741 2885 Deus
768 2820 819 2898 sit,
843 2828 1010 2905 materque
1030 2822 1247 2889 Emmanuelis
1270 2848 1347 2891 vere

295 2906 447 2992 Deipara.
492 2905 677 2989 Respondet
704 2906 855 2971 «amttam.
884 2926 913 2969 1.
933 2907 1077 2991 Cyrillus,
1102 2909 1347 2976 Emmanuelem

295 3014 368 3057 vere
406 3013 475 3055 esse
511 2990 626 3065 Deum,
664 2997 699 3055 et
732 2999 869 3055 matrem
906 2992 1122 3059 Emmanuelis
1157 3018 1231 3061 vere
1274 3020 1347 3062 esse

295 3077 486 3162 Deiparam:
502 3075 642 3160 illudque
652 3077 769 3141 statuit
779 3077 868 3162 quasi
878 3077 1043 3143 theorema
1050 3080 1346 3163 demonstrandum,

294 3162 450 3248 simulque
472 3162 710 3225 demonstrandi
734 3161 920 3262 prineipium
946 3164 1036 3249 ponit
1065 3166 1206 3230 omnium
1232 3168 1348 3234 firmis-

294 3250 418 3326 simum,
450 3248 572 3311 dietum
605 3248 826 3331 evangehstee:
873 3248 1000 3313 Verbum
1032 3272 1104 3315 earo
1133 3254 1258 3335 faama
1294 3266 1347 3321 esta

296 3334 420 3400 Deinde
433 3334 548 3398 lemma
561 3332 698 3419 primum
712 3333 848 3411 conficit,
865 3340 997 3400 naturas
1011 3358 1080 3401 esse
1098 3337 1160 3401 καθ’
1175 3340 1351 3406 memte

295 3420 411 3498 unitas,
431 3419 656 3503 Oluistumque
676 3441 746 3483 esse
765 3440 871 3497 unum,
892 3421 1089 3507 eundemque
1108 3422 1213 3487 Deum
1233 3432 1266 3489 et
1289 3427 1348 3489 ho

295 3506 421 3584 minem,
445 3504 595 3569 amttam.
612 3524 641 3568 2.
664 3525 739 3567 mox
765 3505 902 3569 alterum
925 3508 1094 3586 eoneludit,
1120 3518 1254 3574 naturas
1280 3534 1346 3576 non

295 3614 365 3656 esse
386 3590 572 3676 conjunctas
593 3590 662 3654 sola
680 3590 797 3673 σχέσει,
814 3590 846 3654 id
868 3597 928 3668 est,
945 3593 1058 3657 unione
1079 3594 1202 3673 morali,
1223 3616 1255 3680 3.
1268 3620 1347 3663 aaa·

340 3759 654 3826 Demonstratiouem
667 3782 707 3824 ex
722 3761 879 3827 lemmatis
893 3784 957 3826 non
974 3762 1133 3844 informat,
1150 3788 1221 3831 oum
1236 3775 1346 3833 tamen

296 3848 387 3912 facile
402 3846 462 3911 sit:
485 3844 519 3909 id
533 3846 616 3909 enim
631 3867 695 3909 non
709 3848 833 3931 patitur
846 3848 898 3911 lex
911 3850 1270 3929 anathematismorum
1290 3857 1347 3919 sed

297 3933 446 3999 continuo
462 3953 574 3995 novem
588 3932 784 4007 oonseetario
798 3933 926 4018 colligit.

341 4016 550 4083 Corollarium
571 4017 718 4101 primum,
736 4040 775 4083 ea
796 4040 866 4103 quae
889 4020 928 4084 de
950 4020 1078 4086 Christo
1100 4022 1259 4101 dicuntur,
1283 4046 1347 4089 non

297 4106 345 4170 ita
359 4125 428 4186 esse
441 4102 620 4188 partienda,
635 4103 750 4168 utalia
766 4103 823 4168 soli
842 4105 969 4183 homini,
985 4106 1049 4177 alia
1063 4108 1122 4172 soli
1137 4108 1217 4188 Deo,
1233 4118 1269 4175 et
1283 4132 1346 4175 uon

298 4190 405 4267 omnia
419 4188 473 4253 uui
487 4188 652 4273 eidemque
665 4189 858 4255 tribuantur.
873 4212 904 4271 4.
916 4192 1064 4257 anathem
