2867 4817
302 303 367 369 loo
659 304 1001 371 TERTULLIANI

301 487 460 549 creatore
477 482 721 551 universorum
738 482 1012 555 controversiam
1034 482 1194 553 moverit.
1231 480 1354 555 Nemo

301 595 454 667 alterum
495 595 614 667 Deum
654 620 761 669 ausus
800 606 855 668 est
894 598 1083 691 suspicari:
1131 597 1268 670 facilius
1306 600 1354 671 de

302 711 404 795 Filio,
434 736 541 807 quam
567 715 613 785 de
638 713 746 785 Patre
771 713 1012 799 haesitabatur,
1037 716 1150 787 donec
1177 713 1354 799 Marcion,

300 838 432 922 praeter
473 839 679 915 creatorem,
716 830 826 903 alium
870 831 989 903 Deum
1032 831 1140 904 solius
1182 831 1355 903 bonitatis

301 947 505 1019 induceret:
536 947 685 1042 Apelles
701 957 898 1021 creatorem
918 948 1086 1045 angelum
1109 950 1355 1043 nescioquem
1387 976 1403 1033 5

300 1064 494 1159 gloriosum
527 1067 714 1159 superioris
750 1065 829 1149 Dei,
864 1066 998 1139 faceret
1032 1065 1151 1137 Deum
1192 1064 1279 1159 legis
1315 1076 1356 1137 et

303 1182 453 1267 Israelis,
471 1183 573 1255 illum
596 1185 741 1278 igneum
764 1182 961 1255 affirmans:
989 1182 1205 1255 Valentinus
1232 1204 1356 1253 aeonaa

301 1324 383 1373 suos
408 1310 598 1397 spargeret,
625 1303 793 1373 etunius
822 1302 930 1373 aeonis
955 1302 1082 1371 vitium
1116 1301 1152 1371 in
1179 1300 1354 1393 originem

301 1419 494 1492 deduceret
525 1419 594 1490 Dei
623 1420 801 1490 creatoris.
865 1416 934 1489 His
963 1416 1045 1489 solis
1075 1425 1113 1488 et
1139 1417 1195 1489 his
1229 1418 1356 1510 primis

300 1535 458 1608 revelata
479 1538 665 1608 estveritas
682 1536 911 1620 Divinitatis;
936 1534 1106 1629 majorem
1123 1534 1258 1605 scilicet
1276 1534 1404 1630 dig-10

300 1656 482 1726 nationem
518 1662 556 1726 et
585 1653 779 1747 pleniorem
813 1654 964 1748 gratiam
998 1675 1020 1722 a
1053 1652 1194 1723 diabolo
1229 1674 1356 1725 conse-

300 1773 402 1855 cutis,
419 1772 481 1864 qui
499 1770 619 1842 Deum
641 1773 692 1843 sic
714 1794 856 1865 qnoque
882 1769 1034 1841 voluerit
1059 1769 1229 1853 aemnlari,
1247 1778 1289 1839 ut
1307 1770 1356 1839 de

301 1891 470 1962 doctrinis
500 1912 716 1961 venenorum
744 1888 854 1982 (quod
884 1888 1059 1959 Dominus
1089 1888 1246 1981 negavit)
1276 1888 1357 1980 ipse

210 2016 243 2065 vi·
302 2007 435 2077 faceret
460 2006 650 2099 discipulos
674 2030 781 2100 super
805 2006 1023 2100 magistrum.
1077 2003 1221 2099 Eligant
1243 2004 1358 2098 igitur

300 2123 367 2194 sibi
393 2132 555 2217 tempora
580 2125 754 2195 universae
781 2123 944 2206 haereses,
974 2145 1055 2215 quae
1083 2119 1178 2216 (sor.
1204 2118 1402 2215 dalartd.)15

301 2240 442 2332 quando
468 2240 611 2325 luerint,
638 2242 724 2312 dum
751 2238 844 2337 (sor.
874 2243 971 2333 cnm)
1001 2262 1074 2311 non
1103 2239 1243 2309 intersit
1270 2261 1356 2329 quae

302 2354 395 2452 (sor.
420 2356 699 2455 distinguamam
720 2364 801 2452 post
831 2358 926 2451 quae)
954 2356 1096 2449 quando
1126 2354 1172 2425 de
1202 2353 1356 2425 veritate

300 2496 372 2544 non
397 2475 478 2545 sint.
532 2474 668 2568 Utique
692 2498 774 2567 qnae
799 2474 845 2545 ab
870 2472 1038 2567 apostolis
1061 2472 1254 2543 nominata
1280 2494 1356 2543 non

300 2590 454 2675 fuerunt,
478 2592 545 2663 sub
568 2591 736 2686 apostolis
759 2592 867 2663 irrisae
890 2614 962 2661 non
985 2596 1142 2683 passrmt.
1196 2587 1235 2659 Si
1255 2588 1355 2659 enim

301 2707 459 2793 fuissent,
495 2710 763 2781 nominarentur
797 2718 834 2779 et
868 2708 965 2802 ipssa,
996 2715 1038 2803 ut
1067 2715 1105 2777 et
1133 2706 1218 2799 ipsa
1254 2728 1401 2777 coer-20

301 2827 431 2897 cende.
494 2826 587 2911 Quae
621 2848 704 2897 vero
739 2825 805 2897 sub
834 2823 1003 2917 apostolis
1033 2824 1187 2906 fuerunt,
1222 2824 1259 2893 in
1289 2846 1356 2895 sua

301 2944 543 3015 nominatione
578 2944 800 3015 damnantur.
852 2942 937 3015 Sive
971 2964 1056 3037 ergo
1090 2940 1223 3012 eadem
1257 2962 1354 3011 nune

301 3068 385 3130 sunt
401 3060 583 3153 aliquanto
599 3060 837 3154 expolitiores,
855 3084 937 3154 quae
958 3060 1024 3133 sub
1041 3056 1209 3154 apostolis
1226 3056 1354 3139 rudes;

301 3176 435 3247 habent
452 3201 553 3249 suam
569 3179 700 3250 exinde
717 3180 1001 3251 damnationem:
1023 3178 1097 3249 sive
1113 3176 1190 3249 aliae
1208 3174 1354 3269 quidem

302 3292 375 3363 illae
397 3294 550 3377 fuerunt,
568 3293 648 3366 aliae
670 3304 791 3366 autem
813 3303 937 3388 postea
957 3296 1093 3367 obortae
1115 3292 1285 3386 quasdam
1306 3314 1354 3362 ex
1366 3322 1399 3379 25

301 3410 372 3483 illis
397 3412 580 3505 opiniones
604 3421 872 3505 usurpaverunt,
898 3412 1062 3483 habendo
1088 3432 1171 3482 cum
1195 3412 1245 3481 eis
1268 3432 1355 3481 con-

301 3530 450 3600 sortium
486 3528 753 3623 predicationis,
785 3529 940 3601 habeant
968 3550 1113 3600 necesse
1150 3533 1206 3597 est
1242 3526 1352 3597 etiam

301 3646 519 3717 consortium
544 3646 789 3731 damnationis,
815 3646 1040 3741 praecedente
1069 3644 1132 3716 illo
1158 3642 1228 3714 fine
1258 3642 1352 3738 (for.

301 3764 397 3847 fune,
414 3762 563 3858 Jonas)
582 3762 782 3856 supradicto
793 3764 1042 3857 ·posteritatis;
1073 3786 1153 3854 quo,
1175 3760 1242 3831 etsi
1263 3761 1353 3831 nihil

301 3880 348 3951 de
371 3882 589 3953 damnatitiis
612 3880 874 3974 participarent,
894 3880 940 3951 de
963 3888 1071 3953 aetate
1094 3876 1170 3951 sola
1191 3878 1398 3971 praejudi·30

301 4006 487 4081 carentur;
511 4004 614 4068 tanto
630 3999 743 4091 magis
763 3996 941 4081 adultera,
959 4006 1093 4090 quanto
1114 4019 1181 4068 nec
1203 3996 1250 4067 ab
1270 4018 1354 4089 apo-

301 4112 402 4185 stolis
431 4115 635 4186 nominatae.
688 4112 795 4187 Unde
825 4114 960 4187 firmius
992 4122 1143 4199 constat,
1173 4112 1237 4185 has
1266 4134 1352 4195 esee,

302 4252 384 4324 quae
401 4229 516 4303 adhuc
534 4240 621 4303 tunc
637 4231 892 4305 nuntiabantur
909 4232 1046 4305 futurae.
