2867 4817
267 364 292 417 x
665 340 917 417 unusual.

266 538 455 625 collocati
482 554 593 640 sunt,
613 553 663 624 ut
681 540 830 625 utilius
853 540 1118 653 legerentur3
1146 550 1319 622 tantum

267 712 372 797 quos
400 686 490 795 ipso
517 685 639 769 initio
666 684 795 770 habes
825 684 1057 797 scriptores,
1089 710 1160 767 eos
1188 680 1320 767 simul

261 828 502 939 jungendos
550 828 704 927 censui,
757 828 1045 939 Polycarpum,
1094 827 1319 924 Irenaeum,

268 971 561 1082 Hippolytum,
581 1001 677 1057 cum
699 972 957 1085 Hippolytus
977 970 1206 1083 discipulus
1229 970 1321 1053 Ire·

266 1118 347 1200 naei
367 1114 524 1216 fuisset,
545 1118 816 1230 Irenaeusque
836 1118 1124 1230 Polycarpum,
1137 1114 1319 1200 loannis

266 1261 442 1373 apostoli
461 1261 726 1373 discipulum,
744 1263 983 1346 audivisset.

324 1404 562 1489 Dicendum
595 1434 709 1490 nunc
735 1408 791 1491 de
819 1406 1182 1504 Annotationibus,
1211 1432 1317 1514 quas

267 1547 454 1657 adposui.
500 1548 582 1630 Hae
600 1548 644 1631 in
666 1560 807 1632 textus
826 1548 1117 1632 emendatione
1136 1545 1317 1629 maxime

268 1701 495 1776 versantur.
551 1690 739 1777 Consilia
767 1694 880 1776 enim
912 1720 1009 1777 cum
1037 1705 1141 1790 octo,
1169 1691 1318 1802 Cypri·

267 1860 396 1917 anum
411 1860 507 1917 vero
521 1861 618 1918 cum
629 1846 789 1946 septem
803 1836 1014 1920 codicibus
1027 1834 1170 1934 Mstis,
1182 1863 1318 1946 coque

266 1975 372 2086 plus,
401 1976 588 2072 contuli;
630 1976 942 2062 Tertullianum
976 2006 1030 2063 ex
1060 1976 1317 2062 editionibus

269 2119 556 2203 vetustissimis
575 2121 745 2205 surrexi.

324 2262 441 2361 Vale,
460 2264 621 2364 Lecton
641 2277 685 2349 et
702 2293 756 2348 ex
773 2264 958 2348 utilitate
975 2264 1129 2349 horum
1142 2292 1318 2376 operum

269 2408 431 2492 aestima
462 2421 622 2493 veteres
657 2409 757 2493 istos
793 2408 1079 2493 ecclesiauicae
1115 2406 1319 2491 doctrinae

270 2563 408 2636 testes.
478 2553 546 2637 Ne
583 2554 705 2637 citius
746 2552 974 2663 prodirent,
1011 2552 1175 2635 obstitit
1210 2550 1319 2633 alitis

269 2696 487 2808 cujusdam
525 2697 620 2780 telae
653 2710 831 2796 textura,
864 2724 959 2807 quae
991 2708 1181 2808 suscepta
1212 2694 1318 2779 mihi

270 2868 345 2951 pro
371 2841 545 2925 veritate
572 2843 768 2926 adversus
792 2853 983 2926 exterum
1002 2842 1213 2952 quendam
1235 2839 1315 2923 cri-

270 2983 401 3067 ticum
437 2987 656 3097 pugnanti,
688 2999 907 3098 propterea
934 2985 1081 3070 relicta
1113 2998 1187 3084 est,
1218 2986 1319 3095 quia

270 3140 408 3237 partes
432 3128 683 3213 defensionis
708 3158 734 3213 a
756 3129 947 3241 pluribus
970 3140 1179 3241 occupatae
1202 3125 1318 3213 vide·

269 3271 434 3355 bantur.

328 3700 468 3787 HAEC
492 3703 591 3787 olim
614 3708 815 3818 praefatus
838 3734 943 3790 sum.
1004 3706 1132 3789 Nunc
1154 3705 1318 3789 mendis

271 3844 466 3930 editionis
498 3849 646 3959 prioris
679 3850 809 3934 nimio
839 3848 1030 3963 pluribus
1067 3851 1318 3961 expurgatis,

272 4001 316 4071 et
340 3991 450 4074 notis
474 3992 588 4077 haud
612 4023 704 4078 raro
724 3994 791 4080 vel
814 3996 990 4094 relectis,
1010 3992 1076 4078 vel
1098 3990 1317 4104 ampliatis,

272 4130 444 4217 alteram
465 4164 542 4247 ego
561 4140 799 4239 editionem,
819 4152 870 4223 ut
891 4168 1021 4251 spero,
1040 4138 1319 4233 emendatam,
