<?xml version="1.0" encoding="UTF-8"?>
<!DOCTYPE html PUBLIC "-//W3C//DTD XHTML 1.0 Transitional//EN"
    "http://www.w3.org/TR/xhtml1/DTD/xhtml1-transitional.dtd">
<html xmlns="http://www.w3.org/1999/xhtml" xml:lang="en" lang="en">
 <head>
  <title>
</title>
<meta http-equiv="Content-Type" content="text/html;charset=utf-8" />
  <meta name='ocr-system' content='tesseract 3.04.00' />
  <meta name='ocr-capabilities' content='ocr_page ocr_carea ocr_par ocr_line ocrx_word'/>
</head>
<body>
  <div class='ocr_page' id='page_1' title='image "./scriptorumeccle03routgoog_0404.png"; bbox 0 0 2867 4817; ppageno 0'>
   <div class='ocr_carea' id='block_1_1' title="bbox 275 342 911 412">
    <p class='ocr_par' dir='ltr' id='par_1_1' title="bbox 275 342 911 412">
     <span class='ocr_line' id='line_1_1' title="bbox 275 342 911 412; baseline -0.008 0"><span class='ocrx_word' id='word_1_1' title='bbox 275 349 341 412; x_wconf 82' lang='grc'>888</span> <span class='ocrx_word' id='word_1_2' title='bbox 690 342 911 408; x_wconf 84' lang='lat' dir='ltr'><strong>CANONES</strong></span> 
     </span>
    </p>
   </div>
   <div class='ocr_carea' id='block_1_2' title="bbox 277 511 1396 2774">
    <p class='ocr_par' dir='ltr' id='par_1_2' title="bbox 277 511 1396 2774">
     <span class='ocr_line' id='line_1_2' title="bbox 277 511 1338 624; baseline -0.003 -27"><span class='ocrx_word' id='word_1_3' title='bbox 277 517 422 624; x_wconf 87' lang='grc' dir='ltr'>ριστίαν</span> <span class='ocrx_word' id='word_1_4' title='bbox 439 517 638 619; x_wconf 75' lang='grc' dir='ltr'>ἀναγκαίως</span> <span class='ocrx_word' id='word_1_5' title='bbox 656 520 715 596; x_wconf 81' lang='grc' dir='ltr'>καὶ</span> <span class='ocrx_word' id='word_1_6' title='bbox 732 513 780 597; x_wconf 78' lang='grc' dir='ltr'>τὰ</span> <span class='ocrx_word' id='word_1_7' title='bbox 795 511 1016 618; x_wconf 73' lang='grc' dir='ltr'>γεγενημένα</span> <span class='ocrx_word' id='word_1_8' title='bbox 1033 511 1127 593; x_wconf 75' lang='grc' dir='ltr'>κατὰ</span> <span class='ocrx_word' id='word_1_9' title='bbox 1143 511 1211 613; x_wconf 87' lang='grc' dir='ltr'>τὴν</span> <span class='ocrx_word' id='word_1_10' title='bbox 1224 514 1338 616; x_wconf 78' lang='grc' dir='ltr'>ἁγίαν</span> 
     </span>
     <span class='ocr_line' id='line_1_3' title="bbox 279 637 1339 747; baseline -0.008 -20"><span class='ocrx_word' id='word_1_11' title='bbox 279 645 434 727; x_wconf 80' lang='grc' dir='ltr'>σύνοδον</span> <span class='ocrx_word' id='word_1_12' title='bbox 451 640 542 746; x_wconf 77' lang='grc' dir='ltr'>πρὸς</span> <span class='ocrx_word' id='word_1_13' title='bbox 559 639 624 742; x_wconf 79' lang='grc' dir='ltr'>τὴν</span> <span class='ocrx_word' id='word_1_14' title='bbox 642 641 714 742; x_wconf 79' lang='grc' dir='ltr'>σήν</span> <span class='ocrx_word' id='word_1_15' title='bbox 732 638 919 737; x_wconf 71' lang='grc' dir='ltr'>εὐσέβειαν</span> <span class='ocrx_word' id='word_1_16' title='bbox 936 637 1173 747; x_wconf 69' lang='grc' dir='ltr'>ἀναφέρομεν</span> <span class='ocrx_word' id='word_1_17' title='bbox 1199 643 1261 719; x_wconf 78' lang='grc' dir='ltr'>καὶ</span> <span class='ocrx_word' id='word_1_18' title='bbox 1280 638 1339 720; x_wconf 75' lang='grc' dir='ltr'>ότι</span> 
     </span>
     <span class='ocr_line' id='line_1_4' title="bbox 280 764 1339 868; baseline -0.006 -15"><span class='ocrx_word' id='word_1_19' title='bbox 280 769 516 853; x_wconf 73' lang='grc' dir='ltr'>συνελθόντες</span> <span class='ocrx_word' id='word_1_20' title='bbox 547 774 596 853; x_wconf 83' lang='grc' dir='ltr'>εἰς</span> <span class='ocrx_word' id='word_1_21' title='bbox 633 767 700 868; x_wconf 78' lang='grc' dir='ltr'>τὴν</span> <span class='ocrx_word' id='word_1_22' title='bbox 736 766 1124 847; x_wconf 80' lang='grc' dir='ltr'>Κωνσταισινοιίπολιυ</span> <span class='ocrx_word' id='word_1_23' title='bbox 1160 766 1256 847; x_wconf 82' lang='grc' dir='ltr'>κατὰ</span> <span class='ocrx_word' id='word_1_24' title='bbox 1292 764 1339 847; x_wconf 79' lang='grc' dir='ltr'>τό</span> 
     </span>
     <span class='ocr_line' id='line_1_5' title="bbox 282 890 1337 1002; baseline -0.006 -23"><span class='ocrx_word' id='word_1_25' title='bbox 282 897 434 1002; x_wconf 77' lang='grc' dir='ltr'>γράμμα</span> <span class='ocrx_word' id='word_1_26' title='bbox 461 899 525 995; x_wconf 78' lang='grc' dir='ltr'>τῆς</span> <span class='ocrx_word' id='word_1_27' title='bbox 554 899 624 995; x_wconf 74' lang='grc' dir='ltr'>σῆς</span> <span class='ocrx_word' id='word_1_28' title='bbox 652 894 845 992; x_wconf 71' lang='grc' dir='ltr'>εὐσεβείας,</span> <span class='ocrx_word' id='word_1_29' title='bbox 873 899 1018 997; x_wconf 81' lang='grc' dir='ltr'>πρῶτον</span> <span class='ocrx_word' id='word_1_30' title='bbox 1041 890 1108 991; x_wconf 72' lang='grc' dir='ltr'>μὲν</span> <span class='ocrx_word' id='word_1_31' title='bbox 1130 891 1337 973; x_wconf 81' lang='grc' dir='ltr'>ἅνενεωσό-</span> 
     </span>
     <span class='ocr_line' id='line_1_6' title="bbox 282 1018 1371 1126; baseline -0.004 -22"><span class='ocrx_word' id='word_1_32' title='bbox 282 1030 376 1126; x_wconf 91' lang='grc' dir='ltr'>μεθα</span> <span class='ocrx_word' id='word_1_33' title='bbox 401 1021 468 1124; x_wconf 86' lang='grc' dir='ltr'>τήν</span> <span class='ocrx_word' id='word_1_34' title='bbox 493 1021 586 1125; x_wconf 78' lang='grc' dir='ltr'>πρὸς</span> <span class='ocrx_word' id='word_1_35' title='bbox 612 1019 798 1122; x_wconf 76' lang='grc' dir='ltr'>ἀλλήλους</span> <span class='ocrx_word' id='word_1_36' title='bbox 830 1018 1009 1120; x_wconf 83' lang='grc' dir='ltr'>ὁμόνοιαν·</span> <span class='ocrx_word' id='word_1_37' title='bbox 1050 1019 1172 1099; x_wconf 80' lang='grc' dir='ltr'>ἔπειτα</span> <span class='ocrx_word' id='word_1_38' title='bbox 1204 1019 1245 1099; x_wconf 77' lang='grc' dir='ltr'>δὲ</span> <span class='ocrx_word' id='word_1_39' title='bbox 1280 1024 1371 1100; x_wconf 70' lang='grc' dir='ltr'>καὶὸ</span> 
     </span>
     <span class='ocr_line' id='line_1_7' title="bbox 283 1145 1342 1253; baseline -0.005 -20"><span class='ocrx_word' id='word_1_40' title='bbox 283 1149 483 1251; x_wconf 83' lang='grc' dir='ltr'>συντόμους</span> <span class='ocrx_word' id='word_1_41' title='bbox 509 1148 613 1252; x_wconf 82' lang='grc' dir='ltr'>ὅρους</span> <span class='ocrx_word' id='word_1_42' title='bbox 629 1145 919 1253; x_wconf 80' lang='grc' dir='ltr'>ἐξεφωνήσαμεν,</span> <span class='ocrx_word' id='word_1_43' title='bbox 936 1146 1003 1248; x_wconf 89' lang='grc' dir='ltr'>τήν</span> <span class='ocrx_word' id='word_1_44' title='bbox 1020 1181 1058 1226; x_wconf 89' lang='grc' dir='ltr'>τε</span> <span class='ocrx_word' id='word_1_45' title='bbox 1081 1153 1155 1227; x_wconf 82' lang='grc' dir='ltr'>τῶν</span> <span class='ocrx_word' id='word_1_46' title='bbox 1172 1148 1342 1250; x_wconf 68' lang='grc' dir='ltr'>πατεήιων</span> 
     </span>
     <span class='ocr_line' id='line_1_8' title="bbox 284 1272 1338 1380; baseline -0.003 -23"><span class='ocrx_word' id='word_1_47' title='bbox 284 1277 412 1361; x_wconf 86' lang='grc' dir='ltr'>πίστιν</span> <span class='ocrx_word' id='word_1_48' title='bbox 447 1281 520 1355; x_wconf 83' lang='grc' dir='ltr'>τῶν</span> <span class='ocrx_word' id='word_1_49' title='bbox 551 1276 589 1354; x_wconf 90' lang='grc' dir='ltr'>ε’ν</span> <span class='ocrx_word' id='word_1_50' title='bbox 628 1273 762 1380; x_wconf 76' lang='grc' dir='ltr'>Νικαίᾳ</span> <span class='ocrx_word' id='word_1_51' title='bbox 792 1272 1028 1379; x_wconf 73' lang='grc' dir='ltr'>κυρώσαντες,</span> <span class='ocrx_word' id='word_1_52' title='bbox 1059 1277 1120 1353; x_wconf 83' lang='grc' dir='ltr'>καὶ</span> <span class='ocrx_word' id='word_1_53' title='bbox 1156 1272 1222 1357; x_wconf 82' lang='grc' dir='ltr'>τὰς</span> <span class='ocrx_word' id='word_1_54' title='bbox 1260 1277 1338 1355; x_wconf 87' lang='grc' dir='ltr'>κατ’</span> 
     </span>
     <span class='ocr_line' id='line_1_9' title="bbox 287 1399 1343 1508; baseline -0.005 -21"><span class='ocrx_word' id='word_1_55' title='bbox 287 1406 396 1502; x_wconf 84' lang='grc' dir='ltr'>αι’ττῆς</span> <span class='ocrx_word' id='word_1_56' title='bbox 423 1403 614 1508; x_wconf 83' lang='grc' dir='ltr'>ἐκφυείσας</span> <span class='ocrx_word' id='word_1_57' title='bbox 637 1400 790 1505; x_wconf 68' lang='grc' dir='ltr'>αίμείτεις</span> <span class='ocrx_word' id='word_1_58' title='bbox 814 1403 1150 1503; x_wconf 84' lang='grc' dir='ltr'>ἀναθεματίσαντες.</span> <span class='ocrx_word' id='word_1_59' title='bbox 1180 1399 1275 1505; x_wconf 79' lang='grc' dir='ltr'>πρὸς</span> <span class='ocrx_word' id='word_1_60' title='bbox 1302 1401 1343 1482; x_wconf 75' lang='grc' dir='ltr'>δὲ</span> 
     </span>
     <span class='ocr_line' id='line_1_10' title="bbox 289 1525 1339 1635; baseline -0.005 -22"><span class='ocrx_word' id='word_1_61' title='bbox 289 1531 437 1627; x_wconf 81' lang='grc' dir='ltr'>τούτοις,</span> <span class='ocrx_word' id='word_1_62' title='bbox 467 1531 526 1608; x_wconf 85' lang='grc' dir='ltr'>καὶ</span> <span class='ocrx_word' id='word_1_63' title='bbox 554 1525 643 1630; x_wconf 75' lang='grc' dir='ltr'>ὑπὲρ</span> <span class='ocrx_word' id='word_1_64' title='bbox 669 1530 734 1626; x_wconf 83' lang='grc' dir='ltr'>τῆς</span> <span class='ocrx_word' id='word_1_65' title='bbox 758 1526 920 1635; x_wconf 74' lang='grc' dir='ltr'>εὐταξίας</span> <span class='ocrx_word' id='word_1_66' title='bbox 946 1535 1020 1608; x_wconf 84' lang='grc' dir='ltr'>τῶυ</span> <span class='ocrx_word' id='word_1_67' title='bbox 1042 1530 1247 1627; x_wconf 81' lang='grc' dir='ltr'>ἐκκλησιῶν</span> <span class='ocrx_word' id='word_1_68' title='bbox 1270 1532 1339 1632; x_wconf 87' lang='grc' dir='ltr'>ρη-</span> 
     </span>
     <span class='ocr_line' id='line_1_11' title="bbox 286 1651 1396 1763; baseline -0.004 -25"><span class='ocrx_word' id='word_1_69' title='bbox 286 1656 368 1741; x_wconf 81' lang='grc' dir='ltr'>τοὺς</span> <span class='ocrx_word' id='word_1_70' title='bbox 386 1655 536 1739; x_wconf 85' lang='grc' dir='ltr'>κανόνας</span> <span class='ocrx_word' id='word_1_71' title='bbox 553 1654 746 1757; x_wconf 83' lang='grc' dir='ltr'>ὠρίσαμεν·</span> <span class='ocrx_word' id='word_1_72' title='bbox 776 1651 866 1757; x_wconf 82' lang='grc' dir='ltr'>ἅπερ</span> <span class='ocrx_word' id='word_1_73' title='bbox 884 1654 1028 1735; x_wconf 80' lang='grc' dir='ltr'>ἅπαντα</span> <span class='ocrx_word' id='word_1_74' title='bbox 1050 1659 1141 1762; x_wconf 76' lang='grc' dir='ltr'>τῷδε</span> <span class='ocrx_word' id='word_1_75' title='bbox 1164 1656 1269 1755; x_wconf 80' lang='grc' dir='ltr'>ήμῶν</span> <span class='ocrx_word' id='word_1_76' title='bbox 1291 1661 1396 1763; x_wconf 74' lang='lat' dir='ltr'><em>rq310</em></span> 
     </span>
     <span class='ocr_line' id='line_1_12' title="bbox 286 1781 1340 1890; baseline -0.002 -26"><span class='ocrx_word' id='word_1_77' title='bbox 286 1784 470 1890; x_wconf 76' lang='grc' dir='ltr'>γράμματι</span> <span class='ocrx_word' id='word_1_78' title='bbox 489 1781 724 1889; x_wconf 74' lang='grc' dir='ltr'>ὑπετάξαμεν.</span> <span class='ocrx_word' id='word_1_79' title='bbox 756 1783 905 1882; x_wconf 86' lang='grc' dir='ltr'>δεόμεθα</span> <span class='ocrx_word' id='word_1_80' title='bbox 922 1783 1041 1862; x_wconf 86' lang='grc' dir='ltr'>τοίνυν</span> <span class='ocrx_word' id='word_1_81' title='bbox 1059 1786 1123 1882; x_wconf 81' lang='grc' dir='ltr'>τῆς</span> <span class='ocrx_word' id='word_1_82' title='bbox 1140 1786 1212 1882; x_wconf 82' lang='grc' dir='ltr'>σῆς</span> <span class='ocrx_word' id='word_1_83' title='bbox 1231 1783 1340 1862; x_wconf 78' lang='grc' dir='ltr'>εὗσε-</span> 
     </span>
     <span class='ocr_line' id='line_1_13' title="bbox 287 1907 1340 2016; baseline -0.005 -20"><span class='ocrx_word' id='word_1_84' title='bbox 287 1914 388 2010; x_wconf 83' lang='grc' dir='ltr'>βείας</span> <span class='ocrx_word' id='word_1_85' title='bbox 423 1913 680 2012; x_wconf 76' lang='grc' dir='ltr'>ἐπικυρωθῆναι</span> <span class='ocrx_word' id='word_1_86' title='bbox 711 1913 776 2009; x_wconf 81' lang='grc' dir='ltr'>τῆς</span> <span class='ocrx_word' id='word_1_87' title='bbox 814 1908 969 1990; x_wconf 86' lang='grc' dir='ltr'>συνόδου</span> <span class='ocrx_word' id='word_1_88' title='bbox 1006 1907 1074 2010; x_wconf 87' lang='grc' dir='ltr'>τὴν</span> <span class='ocrx_word' id='word_1_89' title='bbox 1110 1913 1258 2016; x_wconf 72' lang='grc' dir='ltr'>ψῆφον·</span> <span class='ocrx_word' id='word_1_90' title='bbox 1297 1912 1340 1991; x_wconf 78' lang='grc' dir='ltr'>ἵν’</span> 
     </span>
     <span class='ocr_line' id='line_1_14' title="bbox 289 2032 1344 2140; baseline -0.001 -21"><span class='ocrx_word' id='word_1_91' title='bbox 289 2037 415 2140; x_wconf 77' lang='grc' dir='ltr'>ὥσπερ</span> <span class='ocrx_word' id='word_1_92' title='bbox 441 2044 515 2120; x_wconf 87' lang='grc' dir='ltr'>τοῖς</span> <span class='ocrx_word' id='word_1_93' title='bbox 542 2039 606 2136; x_wconf 85' lang='grc' dir='ltr'>τῆς</span> <span class='ocrx_word' id='word_1_94' title='bbox 633 2033 799 2136; x_wconf 88' lang='grc' dir='ltr'>κλήσεως</span> <span class='ocrx_word' id='word_1_95' title='bbox 825 2032 1018 2138; x_wconf 78' lang='grc' dir='ltr'>γράμμασι</span> <span class='ocrx_word' id='word_1_96' title='bbox 1044 2035 1111 2136; x_wconf 88' lang='grc' dir='ltr'>τὴν</span> <span class='ocrx_word' id='word_1_97' title='bbox 1141 2038 1344 2136; x_wconf 79' lang='grc' dir='ltr'>ἐκκλησίαν</span> 
     </span>
     <span class='ocr_line' id='line_1_15' title="bbox 287 2159 1344 2270; baseline -0.004 -24"><span class='ocrx_word' id='word_1_98' title='bbox 287 2165 485 2265; x_wconf 85' lang='grc' dir='ltr'>τετίμηκας,</span> <span class='ocrx_word' id='word_1_99' title='bbox 505 2165 597 2244; x_wconf 78' lang='grc' dir='ltr'>οὕτω</span> <span class='ocrx_word' id='word_1_100' title='bbox 615 2164 674 2242; x_wconf 82' lang='grc' dir='ltr'>καὶ</span> <span class='ocrx_word' id='word_1_101' title='bbox 698 2167 771 2240; x_wconf 82' lang='grc' dir='ltr'>τῶν</span> <span class='ocrx_word' id='word_1_102' title='bbox 796 2159 979 2270; x_wconf 76' lang='grc' dir='ltr'>δοξάντων</span> <span class='ocrx_word' id='word_1_103' title='bbox 1003 2165 1278 2269; x_wconf 78' lang='grc' dir='ltr'>ἐπισφραγίοης</span> <span class='ocrx_word' id='word_1_104' title='bbox 1298 2163 1344 2244; x_wconf 81' lang='grc' dir='ltr'>τὸ</span> 
     </span>
     <span class='ocr_line' id='line_1_16' title="bbox 288 2286 1396 2395; baseline -0.004 -23"><span class='ocrx_word' id='word_1_105' title='bbox 288 2289 405 2375; x_wconf 75' lang='grc' dir='ltr'>τέλος.</span> <span class='ocrx_word' id='word_1_106' title='bbox 437 2292 457 2368; x_wconf 87' lang='grc' dir='ltr'>ό</span> <span class='ocrx_word' id='word_1_107' title='bbox 484 2287 523 2370; x_wconf 72' lang='grc' dir='ltr'>δὲ</span> <span class='ocrx_word' id='word_1_108' title='bbox 551 2289 683 2393; x_wconf 81' lang='grc' dir='ltr'>Κύριος</span> <span class='ocrx_word' id='word_1_109' title='bbox 709 2287 866 2395; x_wconf 71' lang='grc' dir='ltr'>στηρίξη</span> <span class='ocrx_word' id='word_1_110' title='bbox 892 2321 964 2366; x_wconf 93' lang='grc' dir='ltr'>σου</span> <span class='ocrx_word' id='word_1_111' title='bbox 990 2286 1057 2387; x_wconf 83' lang='grc' dir='ltr'>τὴν</span> <span class='ocrx_word' id='word_1_112' title='bbox 1086 2291 1282 2383; x_wconf 85' lang='grc' dir='ltr'>βασιλείαν</span> <span class='ocrx_word' id='word_1_113' title='bbox 1303 2292 1343 2371; x_wconf 81' lang='grc' dir='ltr'>ἐν</span> <span class='ocrx_word' id='word_1_114' title='bbox 1357 2325 1396 2386; x_wconf 81' lang='lat'>¹5</span> 
     </span>
     <span class='ocr_line' id='line_1_17' title="bbox 290 2415 1340 2523; baseline -0.004 -25"><span class='ocrx_word' id='word_1_115' title='bbox 290 2416 409 2523; x_wconf 81' lang='grc' dir='ltr'>εἰρήνη</span> <span class='ocrx_word' id='word_1_116' title='bbox 437 2420 496 2496; x_wconf 81' lang='grc' dir='ltr'>καὶ</span> <span class='ocrx_word' id='word_1_117' title='bbox 523 2415 741 2520; x_wconf 81' lang='grc' dir='ltr'>δικαιοσύνη,</span> <span class='ocrx_word' id='word_1_118' title='bbox 768 2417 827 2494; x_wconf 80' lang='grc' dir='ltr'>καὶ</span> <span class='ocrx_word' id='word_1_119' title='bbox 852 2415 1081 2521; x_wconf 69' lang='grc' dir='ltr'>παραπίμψη</span> <span class='ocrx_word' id='word_1_120' title='bbox 1110 2423 1248 2518; x_wconf 77' lang='grc' dir='ltr'>γενεαῖς</span> <span class='ocrx_word' id='word_1_121' title='bbox 1274 2451 1340 2518; x_wconf 87' lang='grc' dir='ltr'>γε·</span> 
     </span>
     <span class='ocr_line' id='line_1_18' title="bbox 290 2539 1340 2648; baseline -0.003 -22"><span class='ocrx_word' id='word_1_122' title='bbox 290 2552 388 2642; x_wconf 82' lang='grc' dir='ltr'>νεῶν,</span> <span class='ocrx_word' id='word_1_123' title='bbox 406 2546 466 2624; x_wconf 81' lang='grc' dir='ltr'>καὶ</span> <span class='ocrx_word' id='word_1_124' title='bbox 481 2543 658 2648; x_wconf 80' lang='grc' dir='ltr'>προσθείη</span> <span class='ocrx_word' id='word_1_125' title='bbox 675 2546 727 2647; x_wconf 79' lang='grc' dir='ltr'>τῷ</span> <span class='ocrx_word' id='word_1_126' title='bbox 750 2539 892 2648; x_wconf 82' lang='grc' dir='ltr'>ε’ττιγείῳ</span> <span class='ocrx_word' id='word_1_127' title='bbox 916 2539 1036 2644; x_wconf 79' lang='grc' dir='ltr'>κράτει</span> <span class='ocrx_word' id='word_1_128' title='bbox 1054 2545 1114 2621; x_wconf 86' lang='grc' dir='ltr'>καὶ</span> <span class='ocrx_word' id='word_1_129' title='bbox 1137 2546 1202 2640; x_wconf 80' lang='grc' dir='ltr'>τῆς</span> <span class='ocrx_word' id='word_1_130' title='bbox 1223 2550 1340 2640; x_wconf 85' lang='grc' dir='ltr'>βασι-</span> 
     </span>
     <span class='ocr_line' id='line_1_19' title="bbox 290 2665 1346 2774; baseline 0 -22"><span class='ocrx_word' id='word_1_131' title='bbox 290 2673 388 2756; x_wconf 87' lang='grc' dir='ltr'>λείας</span> <span class='ocrx_word' id='word_1_132' title='bbox 430 2674 493 2770; x_wconf 83' lang='grc' dir='ltr'>τῆς</span> <span class='ocrx_word' id='word_1_133' title='bbox 528 2669 737 2774; x_wconf 75' lang='grc' dir='ltr'>ἐπουρανίου</span> <span class='ocrx_word' id='word_1_134' title='bbox 777 2665 844 2768; x_wconf 81' lang='grc' dir='ltr'>τήν</span> <span class='ocrx_word' id='word_1_135' title='bbox 886 2665 1103 2747; x_wconf 79' lang='grc' dir='ltr'>ἀπόλωισιν.</span> <span class='ocrx_word' id='word_1_136' title='bbox 1142 2670 1346 2774; x_wconf 78' lang='grc' dir='ltr'>ε’ῤῥωμένον</span> 
     </span>
    </p>
   </div>
   <div class='ocr_carea' id='block_1_3' title="bbox 293 2953 1347 4300">
    <p class='ocr_par' dir='ltr' id='par_1_3' title="bbox 293 2953 1346 3115">
     <span class='ocr_line' id='line_1_20' title="bbox 293 2953 1345 3034; baseline -0.002 -17"><span class='ocrx_word' id='word_1_137' title='bbox 293 2965 357 3016; x_wconf 77' lang='lat' dir='ltr'><strong>ueto</strong></span> <span class='ocrx_word' id='word_1_138' title='bbox 370 2967 439 3016; x_wconf 83' lang='lat' dir='ltr'><strong>sunt</strong></span> <span class='ocrx_word' id='word_1_139' title='bbox 453 2955 484 3014; x_wconf 91' lang='lat' dir='ltr'>in</span> <span class='ocrx_word' id='word_1_140' title='bbox 498 2965 598 3014; x_wconf 76' lang='lat' dir='ltr'><strong>saneto</strong></span> <span class='ocrx_word' id='word_1_141' title='bbox 611 2953 744 3020; x_wconf 87' lang='lat' dir='ltr'><strong>ooncilio,</strong></span> <span class='ocrx_word' id='word_1_142' title='bbox 758 2953 796 3012; x_wconf 83' lang='lat' dir='ltr'>ad</span> <span class='ocrx_word' id='word_1_143' title='bbox 835 2964 882 3013; x_wconf 90' lang='lat' dir='ltr'>tos</span> <span class='ocrx_word' id='word_1_144' title='bbox 909 2972 1034 3013; x_wconf 75' lang='lat' dir='ltr'><strong>oenones</strong></span> <span class='ocrx_word' id='word_1_145' title='bbox 1062 2955 1235 3014; x_wconf 75' lang='lat' dir='ltr'><strong>statuimus:</strong></span> <span class='ocrx_word' id='word_1_146' title='bbox 1276 2975 1345 3034; x_wconf 78' lang='lat' dir='ltr'><strong>quos</strong></span> 
     </span>
     <span class='ocr_line' id='line_1_21' title="bbox 294 3032 1346 3115; baseline -0.002 -19"><span class='ocrx_word' id='word_1_147' title='bbox 294 3046 375 3096; x_wconf 78' lang='lat' dir='ltr'><strong>tuom</strong></span> <span class='ocrx_word' id='word_1_148' title='bbox 389 3036 542 3095; x_wconf 79' lang='lat' dir='ltr'><strong>referimus</strong></span> <span class='ocrx_word' id='word_1_149' title='bbox 554 3035 702 3115; x_wconf 77' lang='lat' dir='ltr'><strong>pietatem,</strong></span> <span class='ocrx_word' id='word_1_150' title='bbox 714 3054 796 3094; x_wconf 86' lang='lat' dir='ltr'><strong>nem.</strong></span> <span class='ocrx_word' id='word_1_151' title='bbox 835 3035 933 3093; x_wconf 86' lang='lat' dir='ltr'><strong>omnin</strong></span> <span class='ocrx_word' id='word_1_152' title='bbox 946 3032 1015 3092; x_wconf 82' lang='lat' dir='ltr'><strong>huio</strong></span> <span class='ocrx_word' id='word_1_153' title='bbox 1028 3046 1128 3094; x_wconf 82' lang='lat' dir='ltr'><strong>nostro</strong></span> <span class='ocrx_word' id='word_1_154' title='bbox 1142 3035 1253 3115; x_wconf 78' lang='lat' dir='ltr'><strong>scripto</strong></span> <span class='ocrx_word' id='word_1_155' title='bbox 1272 3037 1346 3096; x_wconf 86' lang='lat' dir='ltr'><strong>sub-</strong></span> 
     </span>
    </p>

    <p class='ocr_par' dir='ltr' id='par_1_4' title="bbox 294 3112 1347 4300">
     <span class='ocr_line' id='line_1_22' title="bbox 344 3112 1345 3196; baseline 0.001 -20"><span class='ocrx_word' id='word_1_156' title='bbox 344 3115 423 3194; x_wconf 86' lang='lat' dir='ltr'><strong>quod</strong></span> <span class='ocrx_word' id='word_1_157' title='bbox 437 3135 473 3175; x_wconf 84' lang='lat' dir='ltr'>ex</span> <span class='ocrx_word' id='word_1_158' title='bbox 488 3135 547 3194; x_wconf 90' lang='lat' dir='ltr'>quo</span> <span class='ocrx_word' id='word_1_159' title='bbox 559 3127 691 3196; x_wconf 87' lang='lat' dir='ltr'><strong>tempore</strong></span> <span class='ocrx_word' id='word_1_160' title='bbox 708 3114 796 3192; x_wconf 76' lang='lat' dir='ltr'><strong>juxto</strong></span> <span class='ocrx_word' id='word_1_161' title='bbox 832 3113 966 3192; x_wconf 80' lang='lat' dir='ltr'>jecimus.</span> <span class='ocrx_word' id='word_1_162' title='bbox 992 3112 1141 3192; x_wconf 71' lang='lat' dir='ltr'><strong>Rogamus</strong></span> <span class='ocrx_word' id='word_1_163' title='bbox 1152 3116 1244 3194; x_wconf 82' lang='lat' dir='ltr'><strong>igitur</strong></span> <span class='ocrx_word' id='word_1_164' title='bbox 1259 3129 1345 3177; x_wconf 78' lang='lat' dir='ltr'><strong>tuum</strong></span> 
     </span>
     <span class='ocr_line' id='line_1_23' title="bbox 308 3193 1345 3275; baseline 0.001 -19"><span class='ocrx_word' id='word_1_165' title='bbox 308 3197 407 3256; x_wconf 82' lang='lat' dir='ltr'><strong>&#39;tterss</strong></span> <span class='ocrx_word' id='word_1_166' title='bbox 428 3207 488 3256; x_wconf 73' lang='lat' dir='ltr'>tuo</span> <span class='ocrx_word' id='word_1_167' title='bbox 510 3197 628 3275; x_wconf 75' lang='lat' dir='ltr'><strong>pietatis</strong></span> <span class='ocrx_word' id='word_1_168' title='bbox 650 3196 796 3254; x_wconf 86' lang='lat' dir='ltr'><strong>Constun·</strong></span> <span class='ocrx_word' id='word_1_169' title='bbox 836 3193 1028 3259; x_wconf 82' lang='lat' dir='ltr'><strong>clementium,</strong></span> <span class='ocrx_word' id='word_1_170' title='bbox 1039 3207 1074 3254; x_wconf 89' lang='lat' dir='ltr'>ut</span> <span class='ocrx_word' id='word_1_171' title='bbox 1083 3216 1135 3274; x_wconf 85' lang='lat' dir='ltr'>per</span> <span class='ocrx_word' id='word_1_172' title='bbox 1145 3196 1260 3256; x_wconf 74' lang='lat' dir='ltr'><strong>litteras</strong></span> <span class='ocrx_word' id='word_1_173' title='bbox 1267 3217 1345 3275; x_wconf 91' lang='lat' dir='ltr'><strong>quo·</strong></span> 
     </span>
     <span class='ocr_line' id='line_1_24' title="bbox 295 3273 1344 3410; baseline 0.002 -75"><span class='ocrx_word' id='word_1_174' title='bbox 295 3277 359 3335; x_wconf 86' lang='lat' dir='ltr'><strong>tino</strong></span> <span class='ocrx_word' id='word_1_175' title='bbox 397 3275 418 3334; x_wconf 93' lang='lat' dir='ltr'>li</span> <span class='ocrx_word' id='word_1_176' title='bbox 447 3277 641 3344; x_wconf 70' lang='lat' dir='ltr'>convenimus,</span> <span class='ocrx_word' id='word_1_177' title='bbox 668 3276 796 3356; x_wconf 90' lang='lat' dir='ltr'><strong>primum</strong></span> <span class='ocrx_word' id='word_1_178' title='bbox 836 3295 894 3352; x_wconf 86' lang='lat' dir='ltr'>que</span> <span class='ocrx_word' id='word_1_179' title='bbox 907 3285 967 3334; x_wconf 76' lang='lat' dir='ltr'>tuoe</span> <span class='ocrx_word' id='word_1_180' title='bbox 982 3273 1101 3410; x_wconf 55' lang='lat' dir='ltr'><strong>Yietutis</strong></span> <span class='ocrx_word' id='word_1_181' title='bbox 1117 3287 1214 3336; x_wconf 86' lang='lat' dir='ltr'><strong>rstum</strong></span> <span class='ocrx_word' id='word_1_182' title='bbox 1235 3279 1344 3338; x_wconf 76' lang='lat' dir='ltr'><strong>haben·</strong></span> 
     </span>
     <span class='ocr_line' id='line_1_25' title="bbox 295 3297 1346 3434; baseline 0.003 -19"><span class='ocrx_word' id='word_1_183' title='bbox 295 3297 411 3434; x_wconf 51' lang='lat' dir='ltr'><strong>quiin</strong></span> <span class='ocrx_word' id='word_1_184' title='bbox 426 3367 557 3414; x_wconf 81' lang='lat' dir='ltr'><strong>mutuum</strong></span> <span class='ocrx_word' id='word_1_185' title='bbox 572 3356 649 3415; x_wconf 84' lang='lat' dir='ltr'><strong>inter</strong></span> <span class='ocrx_word' id='word_1_186' title='bbox 663 3377 716 3415; x_wconf 89' lang='lat' dir='ltr'>nos</span> <span class='ocrx_word' id='word_1_187' title='bbox 727 3376 796 3415; x_wconf 89' lang='lat' dir='ltr'><strong>oon.</strong></span> <span class='ocrx_word' id='word_1_188' title='bbox 836 3365 886 3413; x_wconf 86' lang='lat' dir='ltr'>tur</span> <span class='ocrx_word' id='word_1_189' title='bbox 905 3354 984 3415; x_wconf 84' lang='lat' dir='ltr'><strong>oonoi</strong></span> <span class='ocrx_word' id='word_1_190' title='bbox 998 3353 1019 3410; x_wconf 91' lang='lat' dir='ltr'>ii</span> <span class='ocrx_word' id='word_1_191' title='bbox 1038 3355 1207 3417; x_wconf 83' lang='lat' dir='ltr'><strong>decretum:</strong></span> <span class='ocrx_word' id='word_1_192' title='bbox 1230 3369 1267 3416; x_wconf 88' lang='lat' dir='ltr'>nt</span> <span class='ocrx_word' id='word_1_193' title='bbox 1287 3359 1346 3418; x_wconf 81' lang='lat' dir='ltr'><strong>sio·</strong></span> 
     </span>
     <span class='ocr_line' id='line_1_26' title="bbox 294 3434 1345 3514; baseline 0 -18"><span class='ocrx_word' id='word_1_194' title='bbox 294 3436 423 3496; x_wconf 78' lang='lat' dir='ltr'><strong>cordium</strong></span> <span class='ocrx_word' id='word_1_195' title='bbox 444 3436 662 3496; x_wconf 76' lang='lat' dir='ltr'><strong>renovavimus:</strong></span> <span class='ocrx_word' id='word_1_196' title='bbox 691 3435 797 3495; x_wconf 87' lang='lat' dir='ltr'><strong>deinde</strong></span> <span class='ocrx_word' id='word_1_197' title='bbox 836 3437 882 3494; x_wconf 90' lang='lat' dir='ltr'>uti</span> <span class='ocrx_word' id='word_1_198' title='bbox 901 3434 1018 3499; x_wconf 83' lang='lat' dir='ltr'><strong>litteris,</strong></span> <span class='ocrx_word' id='word_1_199' title='bbox 1032 3437 1139 3514; x_wconf 81' lang='lat' dir='ltr'><strong>quibus</strong></span> <span class='ocrx_word' id='word_1_200' title='bbox 1159 3458 1213 3498; x_wconf 80' lang='lat' dir='ltr'>nos</span> <span class='ocrx_word' id='word_1_201' title='bbox 1233 3458 1345 3497; x_wconf 81' lang='lat' dir='ltr'><strong>oonvo-</strong></span> 
     </span>
     <span class='ocr_line' id='line_1_27' title="bbox 294 3513 1345 3598; baseline 0.001 -21"><span class='ocrx_word' id='word_1_202' title='bbox 294 3537 364 3577; x_wconf 78' lang='grc' dir='ltr'>τοτα</span> <span class='ocrx_word' id='word_1_203' title='bbox 384 3518 485 3576; x_wconf 85' lang='lat' dir='ltr'><strong>breves</strong></span> <span class='ocrx_word' id='word_1_204' title='bbox 510 3516 597 3576; x_wconf 85' lang='lat' dir='ltr'><strong>etism</strong></span> <span class='ocrx_word' id='word_1_205' title='bbox 621 3517 798 3597; x_wconf 79' lang='lat' dir='ltr'><strong>pronuncio-</strong></span> <span class='ocrx_word' id='word_1_206' title='bbox 838 3516 920 3584; x_wconf 78' lang='lat' dir='ltr'><strong>susti,</strong></span> <span class='ocrx_word' id='word_1_207' title='bbox 943 3513 1092 3576; x_wconf 78' lang='lat' dir='ltr'><strong>ecclesiam</strong></span> <span class='ocrx_word' id='word_1_208' title='bbox 1110 3517 1222 3578; x_wconf 87' lang='lat' dir='ltr'><strong>honore</strong></span> <span class='ocrx_word' id='word_1_209' title='bbox 1242 3538 1345 3598; x_wconf 80' lang='lat' dir='ltr'><strong>prose·</strong></span> 
     </span>
     <span class='ocr_line' id='line_1_28' title="bbox 296 3595 1347 3677; baseline 0.002 -20"><span class='ocrx_word' id='word_1_210' title='bbox 296 3598 391 3657; x_wconf 79' lang='lat' dir='ltr'><strong>vimus</strong></span> <span class='ocrx_word' id='word_1_211' title='bbox 415 3595 610 3666; x_wconf 84' lang='lat' dir='ltr'><strong>definitiones,</strong></span> <span class='ocrx_word' id='word_1_212' title='bbox 637 3596 745 3677; x_wconf 88' lang='lat' dir='ltr'><strong>quibus</strong></span> <span class='ocrx_word' id='word_1_213' title='bbox 768 3607 799 3655; x_wconf 87' lang='lat' dir='ltr'>et</span> <span class='ocrx_word' id='word_1_214' title='bbox 838 3607 924 3656; x_wconf 85' lang='lat' dir='ltr'><strong>cutus</strong></span> <span class='ocrx_word' id='word_1_215' title='bbox 938 3616 989 3666; x_wconf 68' lang='grc' dir='ltr'>αις</span> <span class='ocrx_word' id='word_1_216' title='bbox 1013 3598 1055 3657; x_wconf 83' lang='lat' dir='ltr'>itu</span> <span class='ocrx_word' id='word_1_217' title='bbox 1075 3597 1162 3657; x_wconf 83' lang='lat' dir='ltr'><strong>etism</strong></span> <span class='ocrx_word' id='word_1_218' title='bbox 1183 3598 1272 3658; x_wconf 84' lang='lat' dir='ltr'><strong>tinem</strong></span> <span class='ocrx_word' id='word_1_219' title='bbox 1293 3619 1347 3659; x_wconf 85' lang='lat' dir='ltr'>eo-</span> 
     </span>
     <span class='ocr_line' id='line_1_29' title="bbox 333 3676 1345 3758; baseline -0.001 -20"><span class='ocrx_word' id='word_1_220' title='bbox 333 3689 422 3748; x_wconf 84' lang='lat' dir='ltr'><strong>trum,</strong></span> <span class='ocrx_word' id='word_1_221' title='bbox 437 3677 487 3755; x_wconf 90' lang='lat' dir='ltr'>qui</span> <span class='ocrx_word' id='word_1_222' title='bbox 504 3676 613 3736; x_wconf 76' lang='lat' dir='ltr'><strong>Niooeae</strong></span> <span class='ocrx_word' id='word_1_223' title='bbox 631 3677 797 3756; x_wconf 72' lang='lat' dir='ltr'><strong>congregati</strong></span> <span class='ocrx_word' id='word_1_224' title='bbox 838 3695 902 3734; x_wconf 85' lang='lat' dir='ltr'>rum</span> <span class='ocrx_word' id='word_1_225' title='bbox 923 3696 988 3755; x_wconf 76' lang='grc' dir='ltr'>ηοω</span> <span class='ocrx_word' id='word_1_226' title='bbox 1009 3677 1125 3737; x_wconf 78' lang='lat' dir='ltr'><strong>decretu</strong></span> <span class='ocrx_word' id='word_1_227' title='bbox 1145 3689 1226 3748; x_wconf 75' lang='lat' dir='ltr'><strong>sunt,</strong></span> <span class='ocrx_word' id='word_1_228' title='bbox 1245 3679 1345 3758; x_wconf 78' lang='lat' dir='ltr'><strong>obsig-</strong></span> 
     </span>
     <span class='ocr_line' id='line_1_30' title="bbox 310 3756 1346 3839; baseline 0.001 -22"><span class='ocrx_word' id='word_1_229' title='bbox 310 3768 428 3829; x_wconf 84' lang='lat' dir='ltr'><strong>uernnt‚</strong></span> <span class='ocrx_word' id='word_1_230' title='bbox 446 3757 531 3817; x_wconf 87' lang='lat' dir='ltr'><strong>fidem</strong></span> <span class='ocrx_word' id='word_1_231' title='bbox 546 3757 797 3828; x_wconf 81' lang='lat' dir='ltr'><strong>oonflnnuvimus3</strong></span> <span class='ocrx_word' id='word_1_232' title='bbox 838 3775 900 3817; x_wconf 80' lang='lat' dir='ltr'><strong>nes.</strong></span> <span class='ocrx_word' id='word_1_233' title='bbox 920 3756 1067 3818; x_wconf 86' lang='lat' dir='ltr'><strong>Dominus</strong></span> <span class='ocrx_word' id='word_1_234' title='bbox 1076 3768 1175 3817; x_wconf 78' lang='lat' dir='ltr'><strong>autem</strong></span> <span class='ocrx_word' id='word_1_235' title='bbox 1185 3759 1346 3839; x_wconf 87' lang='lat' dir='ltr'><strong>imperium</strong></span> 
     </span>
     <span class='ocr_line' id='line_1_31' title="bbox 296 3837 1346 3918; baseline -0.003 -18"><span class='ocrx_word' id='word_1_236' title='bbox 296 3851 337 3910; x_wconf 87' lang='lat' dir='ltr'>st,</span> <span class='ocrx_word' id='word_1_237' title='bbox 359 3857 424 3917; x_wconf 81' lang='lat' dir='ltr'>quae</span> <span class='ocrx_word' id='word_1_238' title='bbox 447 3837 585 3898; x_wconf 83' lang='lat' dir='ltr'><strong>adversus</strong></span> <span class='ocrx_word' id='word_1_239' title='bbox 605 3857 667 3898; x_wconf 82' lang='lat' dir='ltr'>eum</span> <span class='ocrx_word' id='word_1_240' title='bbox 687 3837 797 3896; x_wconf 79' lang='lat' dir='ltr'><strong>obortae</strong></span> <span class='ocrx_word' id='word_1_241' title='bbox 838 3845 923 3895; x_wconf 90' lang='lat' dir='ltr'><strong>tuum</strong></span> <span class='ocrx_word' id='word_1_242' title='bbox 937 3837 969 3896; x_wconf 88' lang='lat' dir='ltr'>in</span> <span class='ocrx_word' id='word_1_243' title='bbox 983 3858 1053 3918; x_wconf 80' lang='lat' dir='ltr'><strong>psoe</strong></span> <span class='ocrx_word' id='word_1_244' title='bbox 1067 3849 1098 3898; x_wconf 84' lang='lat' dir='ltr'>et</span> <span class='ocrx_word' id='word_1_245' title='bbox 1117 3838 1235 3915; x_wconf 72' lang='lat' dir='ltr'><strong>justitia</strong></span> <span class='ocrx_word' id='word_1_246' title='bbox 1252 3839 1346 3899; x_wconf 83' lang='lat' dir='ltr'><strong>stubi.</strong></span> 
     </span>
     <span class='ocr_line' id='line_1_32' title="bbox 295 3915 1346 3999; baseline 0.001 -20"><span class='ocrx_word' id='word_1_247' title='bbox 295 3929 374 3988; x_wconf 84' lang='lat' dir='ltr'><strong>sunt,</strong></span> <span class='ocrx_word' id='word_1_248' title='bbox 389 3938 536 3999; x_wconf 78' lang='lat' dir='ltr'><strong>perversus</strong></span> <span class='ocrx_word' id='word_1_249' title='bbox 549 3917 672 3978; x_wconf 80' lang='lat' dir='ltr'><strong>hoereses</strong></span> <span class='ocrx_word' id='word_1_250' title='bbox 685 3938 718 3976; x_wconf 80' lang='grc' dir='ltr'>αα</span> <span class='ocrx_word' id='word_1_251' title='bbox 733 3937 798 3998; x_wconf 79' lang='lat' dir='ltr'><strong>pru·</strong></span> <span class='ocrx_word' id='word_1_252' title='bbox 837 3915 900 3986; x_wconf 84' lang='lat' dir='ltr'><strong>liet,</strong></span> <span class='ocrx_word' id='word_1_253' title='bbox 931 3929 962 3976; x_wconf 88' lang='lat' dir='ltr'>et</span> <span class='ocrx_word' id='word_1_254' title='bbox 994 3917 1136 3999; x_wconf 82' lang='lat' dir='ltr'><strong>produost</strong></span> <span class='ocrx_word' id='word_1_255' title='bbox 1169 3920 1202 3978; x_wconf 88' lang='lat' dir='ltr'>in</span> <span class='ocrx_word' id='word_1_256' title='bbox 1234 3921 1346 3980; x_wconf 76' lang='lat' dir='ltr'><strong>multos</strong></span> 
     </span>
     <span class='ocr_line' id='line_1_33' title="bbox 294 3999 1346 4079; baseline 0.001 -21"><span class='ocrx_word' id='word_1_257' title='bbox 294 4020 346 4060; x_wconf 82' lang='grc' dir='ltr'>τας</span> <span class='ocrx_word' id='word_1_258' title='bbox 359 3999 510 4079; x_wconf 80' lang='lat' dir='ltr'><strong>opiniones</strong></span> <span class='ocrx_word' id='word_1_259' title='bbox 524 4008 654 4058; x_wconf 77' lang='lat' dir='ltr'><strong>extrema</strong></span> <span class='ocrx_word' id='word_1_260' title='bbox 667 4017 797 4058; x_wconf 74' lang='lat' dir='ltr'><strong>eumen.</strong></span> <span class='ocrx_word' id='word_1_261' title='bbox 838 4005 939 4056; x_wconf 66' lang='lat' dir='ltr'><strong>etates</strong></span> <span class='ocrx_word' id='word_1_262' title='bbox 962 4009 993 4058; x_wconf 88' lang='lat' dir='ltr'>et</span> <span class='ocrx_word' id='word_1_263' title='bbox 1016 3999 1229 4078; x_wconf 68' lang='lat' dir='ltr'><strong>generationes,</strong></span> <span class='ocrx_word' id='word_1_264' title='bbox 1254 4011 1346 4079; x_wconf 76' lang='lat' dir='ltr'><strong>atque</strong></span> 
     </span>
     <span class='ocr_line' id='line_1_34' title="bbox 295 4075 1346 4159; baseline 0.001 -20"><span class='ocrx_word' id='word_1_265' title='bbox 295 4079 456 4140; x_wconf 75' lang='lat' dir='ltr'><strong>sectatione</strong></span> <span class='ocrx_word' id='word_1_266' title='bbox 480 4099 513 4138; x_wconf 82' lang='lat' dir='ltr'>ac</span> <span class='ocrx_word' id='word_1_267' title='bbox 537 4077 731 4138; x_wconf 80' lang='lat' dir='ltr'><strong>detestatione</strong></span> <span class='ocrx_word' id='word_1_268' title='bbox 751 4099 797 4138; x_wconf 80' lang='lat' dir='ltr'>re·</span> <span class='ocrx_word' id='word_1_269' title='bbox 837 4075 1033 4138; x_wconf 77' lang='lat' dir='ltr'><strong>adterreuum</strong></span> <span class='ocrx_word' id='word_1_270' title='bbox 1047 4080 1203 4159; x_wconf 84' lang='lat' dir='ltr'><strong>imperium</strong></span> <span class='ocrx_word' id='word_1_271' title='bbox 1216 4081 1346 4141; x_wconf 76' lang='lat' dir='ltr'><strong>coelestis</strong></span> 
     </span>
     <span class='ocr_line' id='line_1_35' title="bbox 294 4157 1344 4300; baseline 0.004 -82"><span class='ocrx_word' id='word_1_272' title='bbox 294 4159 490 4300; x_wconf 57' lang='lat' dir='ltr'><strong>grobivimus.</strong></span> <span class='ocrx_word' id='word_1_273' title='bbox 506 4158 652 4218; x_wconf 79' lang='lat' dir='ltr'><strong>Proeteres</strong></span> <span class='ocrx_word' id='word_1_274' title='bbox 662 4157 797 4218; x_wconf 65' lang='lat' dir='ltr'><strong>etiamid</strong></span> <span class='ocrx_word' id='word_1_275' title='bbox 836 4175 953 4294; x_wconf 44' lang='lat' dir='ltr'><strong>guoque</strong></span> <span class='ocrx_word' id='word_1_276' title='bbox 966 4159 1049 4238; x_wconf 81' lang='lat' dir='ltr'><strong>regni</strong></span> <span class='ocrx_word' id='word_1_277' title='bbox 1067 4159 1198 4219; x_wconf 86' lang='lat' dir='ltr'><strong>fructum</strong></span> <span class='ocrx_word' id='word_1_278' title='bbox 1214 4161 1344 4241; x_wconf 71' lang='lat' dir='ltr'><strong>adjiciet.</strong></span> 
     </span>
    </p>
   </div>
   <div class='ocr_carea' id='block_1_4' title="bbox 315 4237 1345 4318">
    <p class='ocr_par' dir='ltr' id='par_1_5' title="bbox 315 4237 1345 4318">
     <span class='ocr_line' id='line_1_36' title="bbox 315 4237 1345 4318; baseline 0.002 -19"><span class='ocrx_word' id='word_1_279' title='bbox 315 4238 478 4318; x_wconf 82' lang='lat' dir='ltr'><strong>isciplinum</strong></span> <span class='ocrx_word' id='word_1_280' title='bbox 510 4237 705 4306; x_wconf 75' lang='lat' dir='ltr'><strong>ecclesiarum,</strong></span> <span class='ocrx_word' id='word_1_281' title='bbox 734 4259 797 4298; x_wconf 86' lang='lat' dir='ltr'><strong>uer.</strong></span> <span class='ocrx_word' id='word_1_282' title='bbox 867 4237 1026 4298; x_wconf 82' lang='lat' dir='ltr'><strong>rstifioetur</strong></span> <span class='ocrx_word' id='word_1_283' title='bbox 1047 4239 1129 4299; x_wconf 83' lang='lat' dir='ltr'><strong>Deus</strong></span> <span class='ocrx_word' id='word_1_284' title='bbox 1158 4241 1224 4300; x_wconf 79' lang='lat' dir='ltr'><strong>orbi</strong></span> <span class='ocrx_word' id='word_1_285' title='bbox 1251 4255 1345 4302; x_wconf 79' lang='grc' dir='ltr'>ιαττα.</span> 
     </span>
    </p>
   </div>
   <div class='ocr_carea' id='block_1_5' title="bbox 0 0 1455 4817">
    <p class='ocr_par' dir='ltr' id='par_1_6' title="bbox 0 0 1455 4817">
     <span class='ocr_line' id='line_1_37' title="bbox 0 0 1455 4817; baseline 0 0"><span class='ocrx_word' id='word_1_286' title='bbox 0 0 1455 4817; x_wconf 95' lang='lat' dir='ltr'> </span> 
     </span>
    </p>
   </div>
  </div>
 </body>
</html>
