2867 4817
269 304 334 369 424
604 305 985 373 ANNOTATIONES

270 476 338 540 haeo
354 476 516 542 Sozomen.
534 477 620 543 Hint.
637 479 689 544 vii.
709 479 759 543 18.
793 477 864 543 Ἐπὶ
878 482 912 543 δὲ
925 483 977 559 τῆς
987 481 1140 561 παρούσης
1149 480 1323 562 ἡγεμονίας,

272 563 506 648 (Valentiniani
521 572 555 629 et
570 564 755 646 Theodosii)
773 567 820 628 καὶ
835 567 1018 630 Νουατιανοὶ
1030 565 1104 647 πρὸς
1115 568 1197 648 σφᾶς
1207 571 1324 650 διενεχ-

271 647 374 716 θέντες
392 651 460 732 περὶ
477 653 528 728 τῆς
545 653 718 734 παοχαλίας
741 654 851 732 ἑορτῆς,
869 650 975 732 ἑτέραν
993 654 1110 732 αἵρεσιν
1129 658 1189 715 τῶν
1211 660 1321 717 καλου-

269 733 368 814 μένων
391 742 612 816 Σαββατιανῶν
638 737 875 816 συνεστήσαντο.
906 737 1080 818 Σαββάτιος
1102 741 1161 820 γὰρ
1184 741 1323 819 τρεσβιί·

269 846 353 902 τερος
365 822 423 885 ὑπὸ
439 827 614 903 Μαρκιανοῦ
628 823 846 907 χειροτονηθεὶς
858 820 920 901 ἅμα
931 828 1104 910 Θεοκτιοτῷ
1115 826 1164 888 καὶ
1176 827 1322 911 Μακαρία

269 913 331 974 τοῖς
346 908 619 991 συμπρεσβυτέροις
634 910 779 988 ἑπόμενος
792 916 854 976 τοῖς
869 910 904 972 ἔν
919 911 1103 990 Παζονκῶμῃ
1117 912 1322 990 ουυηλυθόσιν

270 993 319 1056 ἐπὶ
332 997 383 1072 τῆς
397 993 568 1062 Οὐάλεντος
587 997 759 1073 βασιλείας,
773 992 857 1073 ἠξίου
877 992 940 1075 ἅμα
958 1002 1021 1063 τοῖς
1033 994 1187 1062 Ἰουδαίοις
1200 997 1256 1074 τὴν
1270 1001 1324 1060 τοῦ

267 1077 374 1162 πάσχα
389 1080 494 1160 ἑορτὴν
509 1083 665 1145 ἐπιτελεῖν·
681 1082 816 1147 ἀποστὰς
829 1083 862 1145 δὲ
876 1086 927 1160 τῆς
941 1083 1101 1162 ἐκκλησίας
1118 1081 1321 1167 (designatur

268 1164 400 1230 eoeleuia
418 1166 608 1246 catholiea),
632 1170 669 1231 τά
689 1169 746 1247 μὲν
767 1173 878 1247 πρῶτα,
900 1171 942 1246 τῆ
962 1170 1019 1248 μὲν
1041 1166 1197 1246 ἀσισὶσεος
1218 1169 1320 1245 ἑνεκα,

268 1251 376 1333 ἄριστα
400 1255 459 1335 γάρ
485 1255 579 1332 ἑβίον,
605 1257 646 1332 τῆ
672 1255 705 1317 δέ
729 1277 812 1320 τινας
835 1255 976 1318 ὑπονοεῖν
1001 1255 1139 1332 ἀναξίους
1165 1256 1321 1322 κοινωνίας

266 1339 435 1420 μυστηρίων
450 1339 623 1418 ἐσκήπτετο·
641 1341 680 1406 ὥς
692 1340 727 1402 δὲ
742 1341 878 1421 ἐγεγόνει
892 1343 983 1418 δῆλος
997 1341 1186 1421 νεσντερίζου,
1204 1341 1261 1405 tto.

310 1423 348 1486 P.
360 1426 433 1508 396.
449 1424 470 1488 l.
483 1446 515 1506 4.
538 1425 743 1491 Νουοτιαυοὺς
756 1426 824 1492 τοὺς
837 1424 984 1507 λέγοντας
1000 1425 1121 1492 ἑαυτοὺς
1144 1427 1317 1510 Καθαροὺς]

267 1509 343 1590 Περὶ
369 1517 427 1574 τῶν
452 1513 656 1588 ὀνομαζόντων
679 1511 801 1578 ἑαυτοὺς
827 1514 982 1592 Καθαροάς
1006 1536 1091 1587 ποτε,
1115 1510 1243 1576 initium
1267 1519 1319 1578 est

266 1596 395 1660 oauonis
410 1595 509 1660 VIII.
525 1596 656 1662 Gonoilii
671 1596 803 1661 Nieaeni.
846 1596 1048 1682 Augustinus
1062 1597 1103 1661 de
1119 1596 1317 1676 Haeresibus,

266 1702 336 1765 oap.
346 1683 399 1767 38.
416 1683 554 1757 Gothori,
564 1683 618 1768 qai
630 1684 738 1768 seipsos
750 1683 806 1747 ιἰίο
820 1683 946 1760 nomiae,
959 1685 1048 1768 αυαοι·
1055 1693 1184 1768 propter
1193 1685 1317 1749 muudi-

265 1767 344 1832 oiam
357 1768 565 1854 superbam
580 1781 669 1855 atque
682 1769 865 1832 οάίοςίςςίοια
880 1771 1058 1844 uomitum
1081 1769 1226 1834 οοαιαάαο
1239 1793 1318 1856 τιαρ-

264 1853 325 1918 τὶασ
338 1875 397 1918 σου
410 1856 584 1934 adrutum,
598 1855 811 1941 ρσοίίοοίταια
829 1855 984 1940 άαιαρααί,
1000 1858 1158 1921 Nouatum
1175 1867 1318 1922 σταταατσς

263 1939 458 2093 ίὸατσίίσατας
481 1942 560 2006 wuda
579 1943 670 2008 οίίαστ
687 1941 861 2006 Noouantai
879 1943 1083 2027 appellantur.
1101 1965 1133 2028 p.
1150 1943 1314 2027 194.e‹1it.

290 2034 358 2092 ant.

308 2113 390 2177 Ibid.
406 2113 425 2177 l.
435 2128 467 2199 5.
493 2116 541 2179 καὶ
557 2113 786 2200 καθεροτέρους]
798 2113 905 2199 Vulgo
920 2113 1100 2196 ἀριστίρους,
1117 2115 1315 2198 eandemque

263 2221 372 2264 vocem
387 2201 429 2264 ub
444 2201 589 2264 omnibus
603 2201 732 2286 quidem
745 2208 916 2285 receptam,
932 2207 966 2264 et
981 2200 1013 2262 in
1028 2199 1174 2264 omnibus
1184 2199 1245 2264 sori
1269 2201 1314 2265 tiu

263 2285 443 2350 Bodleianis
458 2291 632 2366 extantem,
647 2287 746 2351 habet
761 2286 859 2351 etiam
878 2308 980 2352 canon
1000 2285 1169 2350 Truiianue
1184 2223 1312 2352 xciV.

262 2394 333 2437 eam
349 2373 393 2437 sio
408 2373 640 2458 interpretante
655 2373 865 2448 Bulsamon03
889 2377 1049 2436 καλοῦνται
1063 2374 1096 2436 δὲ
1115 2375 1144 2436 οἱ
1164 2373 1313 2437 αὐτοίκαὶ

262 2459 423 2541 ἀριστέροι,
440 2461 479 2528 ὣς
502 2461 556 2538 τὴν
579 2459 739 2542 άριστέραν
753 2465 840 2542 χεῖρα
852 2460 1102 2538 ’βδελυττόμενοι
1120 2459 1167 2522 καὶ
1185 2457 1225 2537 μὴ
1240 2460 1311 2522 ἀνε-

260 2547 385 2630 χόμενοι
399 2545 435 2608 δι’
451 2547 541 2609 αὐτοῦ
560 2547 594 2610 τὸ
615 2549 714 2610 ὁτιοῦν
733 2545 944 2628 ὑποδέχεσθαι.
990 2543 1143 2609 Similiter
1156 2543 1312 2629 interpre-

260 2637 351 2696 tatur
366 2631 622 2718 Harmenopulus
637 2633 674 2697 άσ
689 2632 785 2696 Seciae
798 2637 876 2695 seot.
891 2653 942 2695 xv.
979 2629 1044 2693 Sed
1058 2630 1105 2694 ait
1119 2629 1312 2716 Beveregius

260 2717 406 2803 nuspiam
426 2717 497 2804 logi,
522 2718 718 2784 Novatianos
739 2740 773 2781 se
795 2715 979 2798 άριστέρους,
1000 2717 1146 2794 anteiret,
1170 2738 1310 2782 vocasse.

261 2803 364 2869 Porro
386 2806 530 2869 Zonaras
551 2805 633 2870 alter
655 2807 786 2870 Graeous
805 2803 962 2888 interpres
984 2801 1128 2887 neglecta
1146 2802 1207 2866 huo
1232 2825 1310 2869 vooe

259 2889 320 2955 hoo
335 2898 462 2956 tantum
476 2892 674 2977 posuit-uui
689 2889 873 2954 Ναυατιανοὶ
890 2892 920 2952 οἱ
940 2888 1060 2956 ἑαυτοὺς
1078 2889 1223 2970 καθαροὺς
1240 2890 1309 2953 ἀνο-

258 2977 410 3062 ράζοντες,
427 2980 468 3041 ὧν
483 2981 535 3045 τὰς
549 2977 678 3060 αἱρέσεις
690 2978 987 3058 παραδεδηλῶκαμεν.
1031 2974 1056 3037 J
1057 2975 1189 3040 ustelluu
1198 2982 1309 3040 autem

258 3063 301 3132 ud
324 3085 413 3128 oram
438 3065 563 3144 oodiois,
587 3085 681 3151 quem
703 3068 796 3127 vocat
822 3060 972 3126 Eoeleeiae
994 3059 1171 3138 Universa,
1194 3068 1232 3125 ut
1252 3083 1307 3127 vu·

256 3149 394 3214 rientem
422 3149 591 3216 lectionem
619 3149 738 3215 adlevit
771 3150 919 3230 άρίστους.
973 3147 1144 3212 Annotant
1180 3168 1306 3232 quoque

257 3235 362 3303 Graeoi
376 3236 419 3300 ud
433 3236 600 3301 Pedalium
614 3258 716 3313 suum,
734 3237 767 3300 ἓν
782 3236 889 3301 ἀλλοις
905 3239 999 3298 κεῖται
1011 3234 1160 3315 ἀρίστους.
1206 3233 1305 3299 Bere-

254 3320 422 3430 regiusque
437 3322 492 3400 ait,
508 3322 675 3408 legendum
689 3321 777 3386 haud
791 3320 886 3384 dubie
901 3321 949 3384 καὶ
964 3320 1114 3400 ἀρίστους,
1127 3320 1177 3384 vel
1190 3319 1306 3384 saltem

255 3433 305 3476 και
327 3409 555 3490 καθαρωτέρους,
571 3415 608 3473 ut
630 3408 663 3471 in
683 3406 831 3493 Epistola
851 3406 894 3470 ad
914 3405 1152 3490 Martyrium‚e
1174 3427 1238 3490 qua
1251 3405 1304 3470 hie

254 3515 355 3562 onnon
370 3494 548 3580 descriptus
562 3495 697 3559 videtur.
741 3493 826 3558 Olim
841 3491 968 3578 quidem
978 3491 1127 3576 opinatus
1138 3513 1217 3570 sum,
1230 3492 1304 3556 nub-

253 3580 451 3646 utituondum
476 3603 545 3646 esse
567 3583 627 3646 hoo
650 3580 720 3646 loeo
743 3581 792 3644 καὶ
815 3580 963 3659 ἀρίστους,
986 3599 1071 3642 nuno
1098 3599 1172 3642 vero
1195 3578 1304 3663 potius

252 3668 402 3734 utendum
416 3690 485 3733 esse
499 3667 573 3734 fidei
588 3667 732 3732 oudinum
746 3665 894 3751 Epistola
906 3664 952 3729 σά
967 3664 1169 3747 Martyrum,
1185 3663 1219 3727 in
1234 3665 1303 3749 qui-

251 3751 311 3820 bus
326 3762 417 3820 extat
433 3755 480 3819 κσλ
496 3753 722 3836 καθεριοτέρους,
735 3753 769 3816 id
784 3752 869 3838 quod
883 3752 1011 3814 demum
1027 3749 1141 3836 reoepi.
1180 3749 1302 3836 Legere

250 3839 319 3906 vult
332 3839 356 3905 J
358 3841 518 3906 ohnsonus
532 3840 686 3926 Anglious
698 3839 863 3903 (Iunonum
876 3836 1038 3922 Interpres
1054 3839 1102 3900 καὶ
1117 3837 1300 3918 κρατίστους,

250 3931 403 4012 tanquam
417 3951 438 3993 a
453 3927 598 3992 secundis
612 3925 732 4012 nuptiis
746 3924 952 3989 abstinentes.

293 4011 378 4077 Ibid.
393 4013 415 4076 l.
428 4017 458 4078 6.
474 4017 571 4078 είτουν
584 4013 772 4096 Τετραδῖται]
789 4009 988 4074 Balsamonis
1000 4007 1225 4092 interpretatio
1239 4016 1300 4073 eet.

248 4100 290 4162 01
309 4099 392 4163 αὐτοὶ
412 4103 444 4166 δὲ
464 4098 853 4185 (Τεσσαρεσκαιδεκατῖται)
874 4097 923 4160 καὶ
943 4100 1121 4176 Τετραδῐται
1142 4093 1299 4176 λέγονται,

248 4185 343 4249 ὅτιτὸ
363 4187 469 4272 πάσχα
489 4185 685 4267 ἑορτάζοντες,
701 4185 737 4248 οὐ
756 4185 967 4261 καταλύουσιν,
986 4183 1069 4245 ἀλλά
1091 4181 1298 4258 νηστεύουσιν,

247 4276 349 4358 ὥσπερ
359 4273 443 4356 ἡμεῖς
455 4277 508 4340 τὰς
521 4270 671 4354 τετράδος,
687 4275 807 4336 ποιοῦσι
821 4271 853 4333 δὲ
864 4274 951 4333 τοῦτο
962 4271 1036 4333 κατὰ
1047 4266 1114 4334 τοὺς
1124 4265 1298 4346 Ἰουδαίους,
