2867 4817
308 320 374 382 242
692 315 980 381 FIRMILIANI

311 516 497 587 syiiagoga
525 494 608 585 quia
641 516 706 563 neo
740 514 868 585 sponsa
900 500 965 573 est,
993 490 1155 561 adultera
1183 498 1221 561 et
1249 489 1371 560 forni-

312 611 430 693 oaria3
455 610 550 679 unde
577 632 643 680 neo
671 618 790 702 potest
818 607 910 678 lilios
936 607 1006 677 Dei
1033 630 1166 701 parere.
1220 606 1304 676 Nisi
1335 606 1369 676 si

313 725 508 797 seeundum
535 726 628 817 quod
658 723 841 817 Stephano
868 724 1018 806 videtur,
1042 723 1186 795 haeiesis
1212 722 1369 814 quidem

312 844 404 935 parit
421 852 459 913 et
476 842 643 935 exponit:
670 843 851 934 expositos
875 848 998 911 autem
1023 840 1173 911 eoelesia
1187 840 1369 931 suseipit3

312 967 349 1029 et
367 981 455 1050 quos
475 981 547 1028 non
569 960 645 1050 ipsa
667 958 844 1051 pepererit
866 980 930 1049 pro
953 958 1027 1028 suis
1043 958 1167 1039 nutrit,
1184 980 1267 1027 oum
1291 954 1401 1036 fili-5

312 1098 413 1147 orum
447 1074 642 1145 alienorum
676 1083 794 1145 mater
825 1096 903 1145 esse
927 1096 1000 1143 non
1028 1075 1149 1166 possit.
1202 1073 1250 1143 Et
1278 1072 1370 1143 ideo

313 1192 474 1263 Christus
508 1188 683 1261 Dominus
716 1199 838 1261 noster
878 1212 986 1261 unam
1020 1211 1097 1259 esse
1129 1189 1370 1261 manifestans

313 1330 475 1402 sponsam
498 1330 608 1390 suana,
626 1314 664 1377 et
684 1308 832 1377 unitatis
857 1308 933 1399 ejus
957 1314 1218 1377 sacramentum
1242 1305 1370 1377 deela-

149 1431 401 1508 Luminnrans,
419 1427 489 1497 ait:
516 1425 588 1509 Qui
610 1447 682 1495 nou
708 1432 764 1494 est
785 1445 938 1505 meeum,
962 1422 1129 1492 adversus
1155 1444 1215 1492 me
1238 1431 1305 1505 est,
1323 1432 1369 1492 et

312 1542 372 1633 qui
389 1564 460 1611 non
477 1564 619 1612 meeum
636 1539 782 1634 colligit,
800 1540 942 1632 spargit.
994 1536 1034 1607 si
1056 1538 1152 1607 enim
1172 1538 1367 1609 nobiseum
1384 1562 1418 1601 ιο

312 1666 367 1729 est
394 1657 566 1741 Christus,
597 1657 754 1728 haeretiei
785 1663 907 1726 autem
940 1678 1013 1725 non
1046 1663 1130 1724 sunt
1163 1653 1366 1737 nobiscum,

311 1796 374 1865 pro
404 1782 501 1844 nerto
528 1774 694 1843 adversus
724 1771 905 1843 Christum
936 1780 1019 1842 sunt
1048 1770 1229 1841 haeretiei:
1263 1779 1302 1841 et
1330 1771 1364 1841 si

311 1912 375 1959 nos
405 1888 603 1983 colligimus
637 1912 721 1959 oum
748 1887 901 1970 Christo,
931 1911 1003 1959 non
1033 1887 1207 1981 eolligtmt
1235 1896 1364 1957 autem

311 2006 495 2077 nobiseum
522 2005 692 2088 haeretiei,
717 2006 793 2075 sine
817 2004 927 2074 dubio
952 2012 1132 2098 spargunt.

148 2127 285 2243 πεζοῦ
363 2122 432 2191 XI.
468 2121 540 2193 Sed
570 2144 637 2192 neo
664 2120 752 2191 illud
785 2122 1073 2214 praetereundum
1107 2130 1163 2191 est
1191 2144 1215 2191 a
1246 2121 1362 2205 nobis,
1376 2148 1409 2206 ¹5

147 2224 406 2329 c11uu23et'quod
433 2261 456 2310 a
480 2239 579 2308 vobis
604 2240 800 2309 necessario
825 2240 963 2309 dietum
988 2247 1054 2321 est,
1077 2239 1173 2330 quod
1199 2238 1361 2323 ecelesia,

147 2334 283 2452 affigi
312 2354 506 2425 seeundum
541 2354 731 2424 Canticum
764 2353 1003 2437 Cantieomm,
1037 2355 1162 2425 hortus
1194 2357 1242 2425 sit
1274 2378 1363 2426 oon-

147 2454 438 2569 {ljffssf'‚2·olnsus‚
469 2478 507 2540 et
536 2469 614 2539 fons
644 2471 812 2563 signatus,
838 2472 1018 2562 paiadisns
1041 2495 1124 2542 eum
1153 2472 1274 2543 fmotu
1293 2495 1359 2565 po-

310 2609 460 2656 morum.
496 2585 566 2670 Qui
584 2594 706 2655 autem,
723 2609 904 2678 nunquam
921 2588 958 2655 in
974 2587 1070 2657 huno
1086 2587 1230 2658 hortum
1246 2588 1359 2658 intro-

310 2704 437 2785 ierunt,
454 2726 570 2794 neque
595 2702 795 2794 paradisum
820 2702 940 2773 aDeo
962 2702 1131 2775 Crantore
1156 2704 1355 2797 plantatum
1368 2728 1406 2769 πο

311 2821 485 2901 viderunt,
513 2818 690 2911 quomodo
714 2820 760 2890 de
783 2820 883 2889 fonte
907 2820 968 2911 qui
989 2820 1085 2891 intus
1110 2821 1266 2892 inclusus
1290 2833 1355 2905 est,

311 2946 349 3007 et
375 2937 494 3006 divino
521 2934 637 3028 sigillo
665 2936 823 3029 signatus
848 2945 913 3018 est,
937 2960 1065 3027 aquam
1085 2938 1202 3008 vivam
1228 2937 1355 3009 lavacri

312 3053 473 3123 salutaris
489 3051 644 3144 praebere
661 3052 767 3123 alieni
784 3054 976 3145 poterunt?
1002 3053 1096 3124 Cum
1113 3078 1197 3125 vero
1222 3063 1260 3125 et
1276 3078 1357 3127 area

313 3169 396 3239 Noe
418 3168 508 3238 nihil
532 3168 628 3239 aliud
653 3168 761 3238 inierit
786 3192 893 3260 quam
915 3180 1174 3241 saciamentum
1197 3170 1355 3243 eoelesiae

312 3284 454 3366 Christi,
485 3308 565 3376 quae
594 3294 682 3356 tuno
716 3286 879 3356 omnibus
912 3287 996 3357 foris
1033 3288 1265 3380 pereuntibus
1296 3310 1401 3377 sosas

312 3400 405 3470 solos
433 3402 594 3483 servavit,
625 3402 685 3493 qui
711 3401 805 3470 intra
834 3424 950 3471 arcam
978 3402 1146 3488 fuerunt3
1171 3405 1356 3477 manifeste

312 3518 519 3587 instmimur
560 3517 606 3587 ad
645 3516 805 3587 eeclesiae
851 3519 1025 3588 unitatem
1070 3522 1355 3613 perspiciendam,

314 3634 613 3725 quemadmodum
639 3641 677 3703 et
706 3632 886 3724 apostolus
912 3633 1040 3705 Petrus
1062 3638 1192 3729 posuit,
1215 3637 1354 3709 dicens:

152 3770 165 3871 ζ
199 3760 274 3808 edii·
314 3749 375 3821 Sie
388 3760 425 3821 et
438 3772 502 3821 nos
515 3749 678 3821 similiter
694 3748 808 3819 salvos
824 3749 931 3820 faciet
947 3750 1142 3843 baptisma:
1160 3754 1355 3837 ostendens,

185 3859 191 3871 '
315 3868 481 3957 quoniam
509 3866 685 3957 quomodo
719 3866 889 3956 quicum
922 3865 1005 3936 Noe
1031 3868 1069 3935 in
1095 3889 1177 3937 area
1205 3890 1276 3938 non
1303 3868 1401 3955 fii-30

317 3990 431 4064 erunt,
449 4004 520 4050 non
539 3989 679 4050 tantum
697 3982 837 4073 purgati
854 3988 892 4051 et
908 3980 1033 4052 salvati
1050 4004 1114 4074 per
1134 4005 1263 4074 aquam
1288 4007 1355 4056 nou

316 4104 408 4178 sunt,
426 4098 488 4167 sed
514 4098 635 4167 statim
659 4094 791 4165 diluvio
814 4095 875 4166 illo
898 4098 1102 4188 perierunt3
1127 4100 1178 4168 sio
1202 4107 1241 4169 et
1265 4123 1354 4173 nune

315 4213 514 4302 quicunque
545 4213 580 4279 in
612 4210 760 4313 ecclesia
789 4235 871 4281 oum
893 4213 1035 4282 Christo
1061 4225 1251 4298 nunaunt,
1279 4218 1355 4288 foris
