2867 4817
263 306 329 393 a'ro
643 330 674 392 a.
699 328 934 393 curamur

264 500 375 585 rabat,
392 501 624 588 tradidsrtmt,
646 525 789 575 crucem
810 506 887 597 ejus
906 512 945 576 et
967 511 1121 575 mortem
1142 498 1316 595 euffiagiis

265 617 431 691 violentis
459 642 501 691 ac
527 620 765 713 pertinacibus
791 620 1003 717 flagitantes.
1055 618 1138 691 Hoc
1160 641 1222 689 eos
1244 617 1318 689 fac·

265 742 363 807 turos
389 744 427 807 et
450 736 526 830 ipse
555 738 780 830 praedixerat,
810 746 848 809 et
876 738 1130 832 prophetamm
1155 735 1317 809 omnium

264 854 510 925 testimonium
544 856 595 927 sic
627 864 712 927 ante
744 864 980 950 praecesserat,
1013 862 1178 949 oportere
1212 850 1317 923 illum

264 970 348 1063 pati,
375 994 447 1043 non
471 981 514 1044 ut
538 974 685 1045 sentiret
709 981 874 1057 mortem,
899 973 962 1045 sed
991 980 1034 1043 ut
1062 971 1242 1055 vinceret3
1277 974 1345 1044 ets

263 1110 346 1157 cum
369 1110 490 1182 passus
513 1096 616 1173 esset,
634 1089 679 1161 sd
702 1112 847 1183 superos
869 1088 987 1161 denuo
1007 1087 1157 1183 regredi,
1177 1093 1220 1156 nt
1242 1084 1316 1153 rim

263 1204 393 1276 divinae
423 1206 619 1299 majestatis
654 1207 869 1279 ostenderet.
938 1205 1065 1278 Fidem
1101 1205 1222 1297 itsque
1260 1223 1317 1271 re-

263 1346 341 1393 rum
367 1346 490 1395 cursus
511 1323 684 1417 implevit.
737 1323 835 1395 Nam
858 1331 897 1395 et
919 1323 1109 1395 crucifixus
1128 1327 1315 1415 praevento

262 1440 434 1513 carnificis
451 1440 566 1511 officio
583 1440 746 1534 spiritum
763 1449 891 1534 sponte
907 1440 1051 1524 dimisit,
1069 1447 1108 1509 et
1130 1438 1188 1509 die
1204 1435 1314 1509 tertio

260 1580 379 1629 rursus
408 1580 431 1628 a
458 1558 608 1629 mortuis
634 1565 761 1650 sponte
790 1556 954 1627 surrexit.
1006 1552 1185 1648 Apparuit
1210 1554 1365 1628 disci-ro

260 1674 354 1768 pulis
378 1675 449 1745 suis
473 1673 588 1767 qualis
618 1680 655 1745 et
685 1672 811 1756 iuerat,
837 1672 1100 1767 agnoscendum
1126 1693 1165 1741 se
1190 1671 1315 1742 viden-

260 1792 356 1862 tibus
372 1792 523 1885 prebuit
539 1789 645 1861 simul
659 1790 816 1883 junctia3
841 1797 880 1860 et
901 1788 1106 1861 substantiae
1122 1788 1314 1881 corporalis

258 1909 428 1980 firmitate
450 1909 669 2001 conspicuus,
696 1905 742 1977 sd
763 1906 838 1977 dies
860 1905 1093 2000 quadraginta
1114 1913 1312 1976 remoratus

259 2034 324 2108 est,
343 2032 384 2095 ut
410 2024 455 2095 de
475 2047 519 2094 eo
536 2024 580 2095 ad
606 2030 787 2117 praecepta
807 2022 930 2093 vitalia
948 2022 1075 2093 instrui
1099 2028 1255 2114 possent,
1272 2028 1312 2092 et

259 2143 434 2213 discerent
451 2163 529 2233 quae
546 2141 725 2210 docerent.
772 2139 873 2211 Tunc
895 2139 934 2209 in
950 2136 1081 2210 coelum
1097 2137 1361 2235 circumfusa15

256 2257 352 2329 nube
370 2256 529 2328 sublatus
546 2265 622 2339 est;
652 2264 693 2326 ut
713 2256 896 2327 hominem
917 2278 1025 2347 quem
1046 2254 1182 2338 dilexit,
1199 2277 1311 2348 quem

256 2374 383 2457 induit,
401 2395 509 2465 quem
525 2394 547 2443 a
566 2380 682 2442 morte
702 2372 870 2464 protexit,
887 2372 932 2441 ad
950 2369 1096 2441 Patrem
1112 2371 1226 2441 victor
1241 2372 1311 2443 im-

254 2498 412 2586 poneret,
427 2490 505 2582 jam
529 2496 698 2559 venturus
717 2511 739 2558 e
761 2487 852 2559 coelo
879 2488 924 2557 ad
946 2508 1088 2580 poennm
1114 2486 1245 2558 diaboli
1268 2496 1309 2559 et

254 2611 299 2680 ad
316 2629 501 2679 censuram
524 2606 663 2699 generis
684 2605 832 2677 humani
855 2604 979 2675 ultoris
997 2602 1090 2700 (sor.
1107 2606 1146 2675 in
1164 2604 1308 2700 ultoris)

254 2726 374 2819 vigore
392 2732 429 2794 et
440 2722 573 2815 judicis
590 2728 790 2815 potestate3
812 2743 878 2814 per
893 2719 1016 2791 orbem
1033 2742 1117 2791 vero
1130 2719 1305 2814 discipuli,
1318 2758 1358 2799 20

253 2842 422 2935 magistro
448 2848 485 2910 et
512 2837 606 2935 (sor.
633 2848 671 2909 et
696 2836 841 2931 deleted.)
877 2836 956 2907 Deo
981 2844 1160 2920 monente,
1186 2837 1307 2910 diffirsi

252 2965 432 3050 praecepta
457 2956 495 3025 in
519 2954 672 3026 salutem
697 2954 832 3035 darent,
858 2951 904 3023 ab
929 2974 1047 3023 errore
1076 2951 1306 3025 tenebramm

252 3073 295 3143 ad
313 3074 407 3145 viam
424 3072 512 3143 lucis
529 3071 756 3153 adducerent,
771 3092 887 3141 ooecos
900 3077 938 3140 et
954 3070 1095 3163 ignaros
1111 3070 1156 3139 ad
1173 3072 1305 3164 agniti-

250 3211 356 3258 onem
370 3189 528 3259 veritatis
541 3186 734 3258 ocularent.
773 3184 832 3257 Ac
844 3208 891 3257 ne
903 3196 997 3257 esset
1009 3186 1171 3279 probatio
1183 3188 1304 3259 minus

250 3303 363 3374 solida
379 3312 417 3375 et
434 3305 479 3375 de
496 3304 638 3374 Christo
656 3303 809 3375 delicata
830 3303 1015 3385 confessio,
1032 3324 1096 3395 per
1112 3310 1303 3392 tormenta,
1315 3342 1350 3402 ²⁵

248 3443 313 3512 per
339 3442 470 3504 cruces,
497 3442 561 3513 per
589 3419 705 3491 multa
730 3443 914 3513 poenarum
942 3442 1076 3515 genera
1104 3426 1301 3493 tentantur.

249 3534 372 3621 Dolor,
390 3540 451 3631 qui
468 3538 627 3609 veritatis
648 3538 749 3608 testis
766 3546 830 3620 est,
848 3537 1060 3609 admovetur
1078 3545 1120 3607 ut
1136 3535 1303 3609 Christus

249 3652 319 3723 Dei
345 3653 466 3738 Filius,
483 3654 545 3747 qui
569 3654 774 3725 hominibus
797 3654 841 3725 ad
867 3654 977 3724 vitam
1002 3652 1106 3725 datus
1131 3653 1301 3737 creditur,

247 3794 318 3842 non
329 3778 470 3845 tantum
483 3771 660 3865 praeconio
670 3770 900 3854 recissedet
912 3770 1084 3863 passionis
1094 3770 1301 3841 testimonio

246 3889 503 3980 praedicaretur.
562 3884 671 3957 Hunc
692 3887 802 3980 igitur
822 3887 1044 3969 comitamur,
1066 3885 1161 3956 hunc
1182 3888 1350 3988 sequi-30

247 4028 336 4087 mur,
354 4004 448 4076 hunc
471 4002 643 4074 habemus
665 4003 801 4073 itineris
821 4002 960 4086 ducem,
977 4000 1068 4074 lucis
1090 4002 1299 4096 principem,

246 4120 369 4191 salutis
392 4127 583 4203 auctorem,
606 4118 735 4189 coelum
758 4120 890 4212 pariter
910 4129 949 4189 et
971 4119 1117 4191 Patrem
1139 4142 1300 4211 quaeren·

244 4236 340 4306 tibus
357 4244 395 4306 et
411 4236 637 4307 credentibus
653 4235 893 4329 pollicentem.
936 4235 1043 4320 Quod
1060 4245 1115 4307 est
1132 4236 1299 4309 Christus

244 4352 373 4420 erimus
391 4351 591 4433 Christiani,
608 4354 638 4421 si
655 4351 838 4423 Christum
855 4351 1027 4423 fuerimus
1043 4353 1166 4425 secuti.
