2867 4817
161 314 292 378 APUD
316 313 500 378 CONCIL.
525 313 788 377 GENERALE
813 312 1027 378 SEXTUM.
1070 313 1135 380 237

92 485 237 588 ἑκατέρα
254 483 377 592 μορφὴ
394 483 484 584 μετά
500 489 564 585 τῆς
582 486 731 590 θατέρου
749 487 928 570 κοινωνίας
946 483 1034 589 ὅπερ
1046 484 1135 564 ’ίδιον

2 683 7 694 .
92 614 232 718 ἐσχηκε,
259 621 323 692 τοῦ
347 611 411 711 μέν
434 611 547 715 λόγου
572 612 873 717 κατεργαζομένου
906 621 1021 710 τοῦτο,
1048 611 1136 715 ὅπερ

91 744 171 822 ἐστὶ
198 749 261 821 τοῦ
293 739 416 843 λόγου,
443 749 507 820 τοῦ
535 739 572 820 δέ
600 740 770 841 σώματος
791 742 1018 824 ἐκτελοῦντος
1044 738 1135 845 άπερ

93 873 173 950 ἐστὶ
203 878 267 949 τοῦ
296 869 477 969 σώματος.
526 871 568 948 οὐ
600 868 673 973 γάρ
710 865 826 969 δ’γπου
857 870 942 968 μίαν
971 868 1136 968 δώσομεν

94 997 252 1105 φυσικὴν
276 996 341 1097 τῆν
360 997 534 1101 ἐνέργειαν
552 1003 648 1077 Θεοῦ
666 1001 724 1077 καὶ
741 995 947 1097 ποιήματος,
964 996 1023 1076 ἵνα
1046 994 1135 1096 μήτε

93 1127 135 1207 τὸ
157 1125 303 1227 ποιηθὲν
330 1132 378 1209 είς
404 1124 470 1226 τῆν
497 1127 595 1206 θείαν
621 1123 859 1226 ἀναγάγωμεν
885 1126 1021 1222 οὐσίαν,
1046 1123 1134 1224 μήτε

93 1253 165 1355 μὴν
182 1259 245 1354 τῆς
263 1256 357 1338 θείας
375 1253 519 1361 φύσεως
537 1253 579 1333 τὸ
597 1254 776 1361 ἐξαίρετον
794 1260 842 1338 είς
862 1253 924 1333 τὸν
940 1259 1014 1337 τοῖς
1031 1287 1135 1354 γενη-

1 1459 3 1468 ,
93 1389 167 1467 τοῖς
185 1381 366 1487 πρέποντα
383 1381 640 1484 καταγάγωμεν
662 1380 783 1462 τόπον.
810 1379 886 1465 ἐνὸς
907 1378 979 1484 γάρ
996 1383 1054 1460 καὶ
1072 1389 1136 1460 τοῦ

93 1514 202 1591 αὑτοῦ
226 1508 272 1589 τά
293 1544 332 1589 τε
357 1508 520 1610 θαύματα
544 1509 666 1590 καὶτὰ
689 1509 788 1609 πάθη
812 1509 1034 1611 γινώσκομεν
1058 1509 1134 1588 κατ’

94 1640 191 1719 ἀλλο
213 1642 271 1718 καὶ
298 1639 393 1718 άλλο
414 1645 486 1717 τῶν
513 1639 557 1744 ἐξ
581 1635 631 1717 ὧν
655 1641 733 1718 ἐστὶ
761 1637 918 1744 φύσεων,
937 1639 994 1716 καὶ
1018 1640 1056 1717 ἐν
1080 1633 1135 1722 αἶς

94 1765 136 1847 τὸ
155 1762 241 1846 εἶναι
260 1765 340 1870 ἔχει,
360 1770 408 1849 ὡς
431 1767 451 1844 ὁ
470 1766 662 1849 θεσπέσιος
683 1765 798 1872 έφησε
818 1763 1011 1868 Κάμιλλος.
1039 1761 1131 1844 πάν·

94 1901 197 1976 τοθεν
214 1903 302 1998 γοῦν
318 1893 360 1972 τὸ
379 1892 585 1998 ἀσόγχυτον
604 1897 662 1973 καὶ
679 1894 875 1996 ἀδιαίρετον
893 1890 1137 1998 φυλάττοντες

94 2021 262 2130 συντόμῳ
281 2028 384 2130 φωνῇ
402 2023 443 2101 τὸ
468 2027 541 2104 πᾶν
557 2022 842 2128 ἐξαγγέλλομεν·
874 2021 936 2100 ἕνα
952 2025 1016 2120 τῆς
1033 2021 1138 2122 άγίας

94 2149 249 2255 Τριάδος
266 2153 324 2229 καὶ
342 2149 433 2250 μετὰ
450 2148 635 2255 σάρκωσιν
652 2148 716 2229 τὸν
734 2147 854 2254 κόριον
875 2150 975 2248 ἡμῶν
992 2151 1137 2249 Ἰησοῦν

93 2276 259 2382 Χριστὸν
283 2278 346 2359 τὸν
364 2279 536 2379 ἀληθινὸν
553 2277 648 2358 Θεὸν
672 2279 773 2376 ἡμῶν
793 2273 880 2356 εἶναι
899 2276 1136 2375 πιστεύοντες,

96 2406 215 2513 φαμὲν
244 2405 307 2486 δύο
333 2409 440 2486 αὐτοῦ
464 2406 528 2489 τάς
553 2407 681 2513 φάσεις
704 2409 743 2486 ἐν
767 2411 813 2510 τῆ
835 2411 900 2504 μιά
923 2406 1031 2485 αὑτοῦ
1056 2410 1133 2485 δια-

96 2535 313 2631 λαμποόσας
341 2533 549 2630 ὑποστάσει,
567 2537 605 2613 ἐν
632 2531 656 2639 ᾗ
683 2533 731 2614 τά
756 2567 794 2612 τε
816 2532 980 2634 θαύματα
1007 2534 1065 2612 καὶ
1091 2531 1137 2611 τά

94 2659 290 2761 παθήματα
307 2663 349 2741 δι’
369 2661 457 2762 ὅλης
474 2664 582 2741 αὐτοῦ
598 2665 660 2760 τῆς
674 2666 893 2761 οἰκονομικῆς
906 2664 1138 2767 ἀναστροφῆς

95 2791 138 2869 οὐ
171 2788 264 2870 κατὰ
295 2791 509 2896 φαντασίαν,
540 2789 640 2869 ἀλλὰ
664 2793 808 2890 ἀληθῶς
832 2790 1043 2896 ἐπεδείξατο,
1074 2794 1139 2889 τῆς

96 2921 253 3024 φυσικῆς
271 2920 308 2997 ἐν
326 2919 415 3022 αὐτῆ
439 2922 566 3024 τῆμιᾷ
592 2914 791 2997 ὑποστάσει
815 2922 987 3024 διαφορᾶς
1003 2951 1134 3021 γνωρι-

96 3045 241 3149 ζομένης
276 3051 328 3153 τῷ
364 3045 454 3146 μετὰ
485 3051 548 3146 τῆς
579 3047 727 3150 θατέρου
760 3046 940 3130 κοινωνίας
972 3045 1138 3149 ἑκατέραν

97 3174 213 3282 φύσιν
230 3175 347 3256 θέλειν
364 3209 402 3254 τε
417 3179 475 3255 καὶ
488 3179 640 3279 ἐνεργεῖν
652 3173 698 3254 τά
711 3175 796 3253 ἴδια·
818 3172 895 3253 καθ
912 3171 953 3253 ὃν
967 3172 1011 3273 δὴ
1024 3171 1136 3276 λόγον

97 3307 156 3386 καὶ
174 3303 237 3383 δύο
255 3302 394 3409 φυσικὰ
410 3299 594 3403 θελήματά
611 3335 649 3381 τε
671 3304 730 3382 καὶ
755 3303 928 3406 ἐνεργείας
946 3299 1139 3408 δοξάζομεν

96 3431 188 3537 πρὸς
211 3432 392 3535 σωτηρίαν
418 3439 483 3510 τοῦ
500 3431 722 3534 ἀνθρωπίνου
749 3429 874 3530 γένους
898 3428 1137 3529 καταλλήλως

97 3561 351 3665 συντρέχοντα.
368 3558 534 3640 “Τοότων
544 3559 663 3638 τοίνυν
675 3555 764 3656 μετά
780 3555 903 3658 πάσης
915 3553 1139 3661 πανταχόθεν

98 3688 277 3793 ἀκριβείας
294 3722 334 3767 τε
352 3689 410 3767 καὶ
428 3688 612 3788 ἐμμελείας
629 3689 711 3786 παρ’
724 3687 824 3785 ἡμῶν
838 3683 1138 3782 διατυπωθέντων,

99 3816 258 3921 ὁρίζομεν
271 3817 391 3919 ἑτέραν
401 3817 526 3896 πίστιν
537 3818 659 3916 μηδενὶ
674 3812 801 3920 ἐξεῖναι
814 3814 1015 3922 προφέρειν,
1029 3812 1139 3916 ἤγουν

99 3942 333 4050 συγγράφειν,
361 3941 384 4044 ἢ
417 3942 625 4038 συντιθέναι,
657 3938 681 4040 ἢ
714 3945 869 4046 φρονεῖν,
900 3938 924 4041 ῆ
961 3937 1140 4021 διδάσκειν

133 4243 147 4270 a
159 4231 221 4290 Qum
233 4231 305 4279 verbu
321 4230 360 4278 hic
371 4229 446 4292 posita
461 4241 518 4279 sunt
535 4231 564 4278 nd
576 4230 649 4278 finem
660 4245 744 4292 unque,
761 4245 790 4278 ω
800 4229 882 4276 munia
892 4227 1066 4277 Definitionem
1075 4227 1139 4276 Con·

99 4297 147 4346 cilii
159 4295 357 4346 Chalcedonensis
368 4295 491 4344 claudunt.
520 4295 577 4344 vid.
588 4310 661 4358 supra
672 4311 696 4357 p.
710 4307 740 4360 79
751 4304 776 4343 οι
787 4311 811 4357 p.
824 4307 877 4357 170.
