2867 4817
283 302 347 376 298
452 302 653 368 ARNOBII
678 303 926 368 ADVERSUS
950 304 1138 389 GENTES

282 498 406 549 namen
429 474 598 568 pollicens
621 474 703 559 tale,
721 476 816 568 quud
839 478 1002 549 avestris
1022 477 1231 571 corporibus
1253 500 1331 549 om-

281 594 340 665 nia
368 594 512 664 omnino
541 592 745 687 prohiberet
772 593 977 665 morborum
1009 603 1048 663 et
1082 594 1331 669 valetudinum

279 732 429 803 genera:
454 732 526 779 non
543 711 706 781 certatim
723 731 846 781 omnes
862 710 1113 782 accurreretis?
1138 735 1212 783 non
1228 712 1331 783 blan-

280 828 377 898 ditiis
394 825 557 898 omnibus
573 834 681 919 atque
703 825 895 897 honoribus
918 825 1035 897 fotum
1051 827 1238 901 familiaria
1255 852 1330 903 sus·

280 944 443 1039 ciperetis
472 944 510 1015 in
539 942 694 1015 moenial
724 964 796 1013 non
824 942 914 1013 illud
943 945 1186 1016 medicaminis
1213 970 1329 1041 genus

193 1122 196 1133 ,
281 1060 450 1155 optaretis
472 1080 549 1131 esse
569 1059 813 1142 certissimum,
830 1082 903 1131 non
925 1082 1058 1145 verum,
1082 1062 1176 1153 quod
1198 1051 1330 1135 immu-

280 1200 343 1250 nes
365 1200 428 1247 voa
450 1176 526 1247 fore
550 1177 596 1249 ab
622 1184 696 1247 tam
720 1176 914 1248 innumeris
936 1178 1183 1250 vexationibus
1204 1202 1330 1272 eorpo-

279 1314 359 1365 rum
388 1316 500 1387 usque
529 1292 573 1363 ad
603 1293 750 1365 ultimos
777 1292 865 1365 fines
893 1292 1083 1385 sponderet
1111 1294 1252 1366 aetatis?
1289 1304 1328 1367 et

280 1410 365 1483 licet
381 1408 548 1505 ambigua
563 1432 619 1481 res
635 1417 739 1492 esset,
752 1409 1023 1481 committeretis
1039 1432 1103 1481 vos
1115 1418 1248 1494 tamen,
1260 1435 1328 1483 nec

279 1528 461 1621 potionem
487 1525 703 1620 incognitam
726 1525 934 1597 dubitaretis
956 1526 1097 1597 haurire
1119 1549 1183 1622 spe
1202 1528 1328 1601 mlutis

279 1644 466 1739 proposita,
484 1650 592 1735 atque
608 1664 728 1715 amore
739 1640 994 1714 incolumitatis
1005 1644 1151 1715 incensi.
1189 1644 1327 1728 Eluxit,

279 1767 388 1853 atque
409 1759 571 1855 apparuit
594 1756 756 1831 Christus
780 1758 832 1829 rei
857 1758 1021 1829 maxima
1044 1760 1243 1843 nunciatur,
1265 1785 1327 1833 au-

280 1877 430 1970 spicium
468 1876 623 1949 faustum
663 1883 808 1969 portans
838 1883 885 1946 et
918 1875 1134 1967 praeconium
1173 1877 1329 1950 saletam

280 1992 514 2065 credentibus.
575 1992 747 2077 Quaenam
784 2000 840 2063 ast
878 1993 947 2065 ista
984 1992 1184 2077 crudelitas,
1225 1996 1329 2067 inhu-

279 2110 499 2202 manitasque
523 2116 633 2191 tante,
660 2108 818 2204 quinimo
843 2109 900 2198 (ut
925 2108 1042 2179 verius
1067 2107 1204 2203 loquar)
1230 2111 1329 2183 usti-

279 2228 418 2299 diosum
453 2225 689 2316 supercilium,
718 2224 963 2297 nuntiatorem
991 2226 1147 2297 muneris
1180 2236 1220 2297 et
1248 2250 1330 2321 pcr-

280 2344 425 2413 titorem
441 2340 543 2424 tanti,
560 2364 631 2411 non
648 2348 788 2413 tantum
812 2340 1329 2415 rerbommmaledieticnibus

279 2460 447 2542 scindere,
484 2479 607 2531 verum
637 2459 747 2529 etiam
776 2456 872 2529 bello
899 2458 998 2551 gravi
1027 2467 1134 2551 atque
1163 2461 1330 2533 omnibus

280 2578 441 2672 persequi
466 2574 618 2647 telorum
644 2574 872 2647 effirdunibus
901 2581 939 2643 et
964 2574 1100 2647 minis?
1137 2573 1223 2646 Non
1253 2576 1330 2669 pla-

279 2703 533 2787 centesque
560 2692 656 2775 dicit,
683 2700 721 2762 et
750 2714 832 2763 cum
861 2688 1111 2764 offensionibus
1135 2692 1329 2765 audiuntur

281 2836 303 2883 a
335 2810 458 2883 vobisl
496 2833 560 2904 pro
590 2808 734 2879 ludicris
762 2830 807 2878 ea
834 2806 1141 2878 vaticinationibus
1165 2830 1329 2901 compor-

281 2938 366 3001 tate.
428 2926 680 3001 Stolidissimas
724 2947 780 2997 res
819 2924 985 3017 loquitur,
1019 2933 1057 2995 et
1094 2925 1194 2996 fatua
1233 2926 1329 2999 dona

280 3043 480 3139 promittitl
513 3043 627 3118 ridete
656 3051 698 3113 ut
727 3042 904 3134 sapientes
932 3061 994 3112 ros
1023 3042 1100 3125 viri,
1124 3049 1164 3112 et
1187 3042 1225 3111 in
1254 3045 1328 3115 suis

281 3161 455 3233 erroribus
484 3160 686 3233 fatuitatem
716 3155 905 3251 relinquite
934 3154 1095 3227 volutari.
1153 3155 1328 3240 Quanam

280 3288 336 3351 est
359 3277 434 3350 haec
460 3276 579 3348 feritas
605 3273 662 3367 (ut
691 3282 892 3368 repetamus
921 3295 999 3366 quae
1027 3274 1125 3345 dicta
1151 3280 1236 3343 sirnt
1264 3297 1328 3346 sae·

280 3400 373 3493 pius)
404 3420 481 3491 quae
510 3394 620 3469 libido
649 3402 725 3467 tam
754 3392 921 3474 carnifex,
950 3390 1165 3485 inexpiabile
1189 3390 1327 3462 bellum

280 3515 435 3587 indicere
464 3509 551 3583 nihil
582 3512 627 3581 de
656 3518 694 3581 te
724 3507 878 3581 merito?
921 3505 1121 3589 dilacerare,
1150 3508 1179 3578 si
1211 3506 1325 3590 detur,

281 3654 364 3704 eum
392 3630 483 3702 velle
506 3652 569 3723 per
594 3629 737 3710 viscera,
754 3628 815 3719 qui
839 3648 912 3697 non
935 3624 1042 3696 modo
1064 3624 1203 3695 nullum
1231 3623 1327 3693 intu-

280 3748 363 3821 lerit
387 3747 521 3821 malum
546 3746 646 3829 nulli,
671 3746 733 3817 sed
758 3742 938 3836 aqualiter
967 3741 1140 3835 benignus
1164 3740 1328 3812 hostibus

281 3868 426 3949 diceret,
448 3864 616 3959 quidnam
638 3862 694 3935 bis
715 3859 839 3933 salutis
862 3858 942 3933 Deo
966 3866 1207 3951 portaretura
1232 3858 1328 3950 prin-

282 3984 383 4077 cipe;
408 3982 492 4074 quid
518 3987 610 4051 esset
635 3979 730 4051 facto
755 4000 852 4071 opus,
875 3984 918 4047 ιιι
941 3974 1126 4047 interitum
1151 3974 1326 4069 fugerent,

281 4106 319 4169 et
347 4095 650 4170 immortalitatem
678 4100 976 4186 consequerentur
1000 4090 1183 4185 ignotam?
1216 4090 1329 4163 Cum·
