2867 4817
257 313 322 382 294
432 310 635 377 ARNOBII
650 311 910 377 ADVERSUS
931 311 1122 377 GENTES

258 494 347 569 tum,
370 496 410 557 et
431 486 494 557 ubi
516 507 556 558 se
577 486 685 581 figere
706 486 928 559 inertissime
946 484 1044 583 (forss
1062 486 1312 560 intentissima

259 600 503 700 Hccmcnccs)
530 612 651 698 posset
676 602 987 697 contemplationis
1010 600 1182 676 obtutus?
1218 603 1313 689 Quis

260 728 315 791 est
338 720 433 791 enim
456 720 669 803 mortalium,
692 721 754 813 qui
776 730 948 813 quaeret
971 718 1065 817 (scr.
1095 720 1186 805 Quis
1212 722 1313 793 enim

263 836 465 907 mortalium
491 837 616 928 quiret,
642 834 836 930 Heraeus)
861 858 945 908 eum
966 837 1097 921 videre,
1125 837 1206 930 quis
1237 860 1316 907 ccr-

263 976 357 1036 uere,
388 954 417 1023 si
443 952 552 1024 talem
578 952 746 1025 voluisset
771 954 901 1025 inferre
926 975 966 1025 se
994 954 1107 1038 terris,
1132 950 1251 1045 qualis
1279 953 1315 1025 ei

264 1069 473 1163 primigenio
487 1077 614 1141 nature
630 1068 708 1140 est?
735 1079 774 1140 et
789 1069 932 1162 qualem
948 1092 989 1141 ss
1007 1071 1085 1164 ipse
1099 1071 1139 1141 in
1153 1092 1220 1141 sna
1237 1092 1317 1141 esse

266 1184 379 1256 voluit
404 1184 461 1255 vel
483 1184 664 1279 qualitate,
690 1185 746 1257 vel
771 1187 942 1258 numine?
975 1186 1181 1281 Amumpsit
1204 1187 1318 1281 igitur

266 1301 419 1375 hominis
444 1302 604 1386 formam,
629 1310 668 1374 et
692 1303 758 1373 sub
783 1304 894 1375 nostri
917 1304 1056 1398 generis
1080 1302 1318 1375 similitudine

268 1420 465 1511 potentium
488 1442 589 1491 suam
612 1419 749 1503 clausit,
765 1428 807 1490 ut
829 1427 868 1490 et
890 1420 1002 1493 videri
1023 1425 1154 1514 posset,
1170 1428 1212 1490 et
1232 1440 1318 1491 con·

268 1535 375 1629 spici:
394 1535 500 1606 verba
516 1536 657 1618 feceret,
675 1544 712 1605 et
726 1536 884 1616 doceret:
900 1546 1009 1629 etque
1020 1558 1145 1607 omnes
1161 1556 1320 1627 exeque-

269 1660 367 1723 retur
389 1674 445 1723 res
470 1673 539 1734 eas,
560 1660 704 1745 propter
728 1674 815 1745 quas
839 1654 877 1724 iu
898 1654 1073 1723 mundum
1097 1661 1246 1723 venerat
1268 1652 1321 1723 fs-

271 1770 422 1853 ciendas,
440 1768 568 1839 summi
586 1768 678 1862 regis
694 1770 842 1861 imperio
858 1778 897 1841 et
913 1770 1142 1863 dispositione
1158 1770 1319 1841 servetis

323 1884 425 1956 LXI.
453 1883 549 1969 Quid
576 1884 695 1957 enimi
725 1885 850 1969 dicitis,
880 1909 944 1958 rex
971 1908 1132 1958 summus
1155 1908 1211 1969 ea,
1240 1909 1322 1978 quae

238 2060 240 2065 ,
273 2004 310 2073 in
334 2002 466 2074 mundo
492 2002 653 2073 facienda
677 2024 754 2073 esse
776 2002 990 2087 decreverat,
1005 2005 1082 2075 sine
1106 2004 1253 2075 homine
1276 2004 1323 2075 si·

273 2118 409 2192 mulato
436 2142 508 2191 non
537 2120 660 2213 quibat
689 2116 853 2191 efficeret
890 2122 922 2191 si
945 2128 1126 2215 oporteret
1150 2122 1205 2193 its
1231 2120 1324 2204 fieri,

276 2236 573 2330 quemadmodum
603 2236 731 2320 dicitis,
758 2236 828 2309 ista
853 2236 1003 2310 fortem
1033 2238 1199 2311 temnet:
1237 2238 1326 2330 qr'm

276 2376 348 2425 non
364 2354 530 2446 oportuit,
553 2350 657 2423 aliter
678 2352 774 2424 fecit
823 2353 945 2438 Quare
965 2355 1036 2425 isto
1054 2354 1179 2436 voluit,
1195 2362 1237 2423 et
1258 2350 1326 2423 illo

276 2492 406 2566 genere
427 2468 552 2552 noluit,
569 2468 683 2541 latent
705 2470 826 2541 tnliter
843 2473 906 2562 (cn
926 2468 1119 2564 totaliterl)
1142 2468 1325 2552 involute,

278 2597 317 2661 et
345 2587 406 2659 vix
434 2584 499 2661 ulli
528 2584 862 2679 comprehensibiles
890 2608 1015 2670 ccusae,
1044 2608 1131 2679 quas
1161 2586 1327 2681 accipere

279 2706 426 2777 fortusse
454 2704 627 2796 potuisses
658 2704 687 2774 si
717 2711 789 2774 non
817 2726 912 2775 esses
934 2704 1148 2797 jamdudum
1175 2703 1223 2775 sd
1251 2726 1327 2775 non

280 2821 523 2915 accipiendum
550 2828 714 2915 paratus:
745 2828 784 2891 et
807 2821 908 2914 prius
928 2830 966 2891 te
991 2821 1160 2893 formares
1182 2821 1231 2893 ud
1252 2844 1328 2893 non

282 2936 446 3009 credendi
481 2936 645 3019 frontem,
681 2958 789 3029 quem
820 2936 888 3006 tibi
920 2945 1014 3007 esset
1046 2936 1249 3030 expositum
1278 2936 1328 3021 id,

283 3054 378 3148 quod
394 3074 497 3123 nosse
513 3060 620 3144 etque
636 3051 758 3123 nudire
774 3052 1005 3145 conquireres

335 3166 458 3239 LXII.
477 3166 549 3239 Sed
572 3190 669 3239 more
692 3175 748 3238 est
771 3167 924 3239 hominis
944 3168 1189 3262 interemptus.
1240 3166 1329 3239 Non

285 3286 378 3379 ipse:
401 3294 517 3375 neque
533 3282 629 3353 enim
645 3284 771 3354 cadere
787 3283 922 3356 divinas
938 3285 976 3354 in
997 3307 1054 3355 res
1069 3292 1188 3377 potem
1202 3286 1331 3357 monis

287 3420 449 3471 occasus:
479 3420 546 3468 nec
562 3397 774 3470 interitionis
791 3400 1019 3471 dissolutione
1036 3400 1145 3472 dflabi
1166 3400 1216 3485 id,
1233 3402 1330 3494 quod

289 3524 344 3587 est
365 3536 476 3585 unum
499 3520 537 3583 et
561 3513 724 3606 simplex,
740 3538 807 3587 nec
829 3515 981 3589 ullarum
1004 3518 1160 3610 portium
1184 3540 1332 3613 congre-

246 3627 431 3728 ''gotione
456 3638 690 3721 compactum.
741 3631 831 3716 Quis
860 3641 915 3705 est
942 3656 1026 3728 ergo
1052 3633 1147 3707 visus
1173 3636 1213 3707 in
1241 3638 1333 3731 petia

292 3747 376 3821 bulo
404 3746 567 3841 pendere,
592 3748 671 3839 quis
698 3756 860 3821 mortuus
887 3749 965 3821 esti
994 3749 1112 3836 homo,
1142 3775 1250 3846 quem
1278 3756 1332 3825 in·

294 3866 428 3947 duent,
453 3871 491 3934 et
516 3882 636 3937 secum
660 3865 736 3957 ipse
760 3866 932 3959 portabat.
994 3868 1207 3943 Incredibile
1234 3872 1334 3943 dictu

294 3986 359 4063 est,
376 3987 414 4053 et
430 3979 530 4051 coecis
546 3980 820 4053 obscuritatibus
838 3983 1047 4055 involutum.
1090 3985 1131 4056 Si
1147 3984 1248 4071 velis,
1264 4007 1334 4059 non

147 4154 148 4159 ,
295 4118 426 4169 cecum
449 4104 513 4179 est,
537 4106 575 4168 et
593 4094 686 4193 (sor.
708 4102 762 4192 et)
779 4098 999 4172 similitudini
1022 4104 1186 4195 proxime
1206 4105 1337 4175 consti·

295 4219 425 4284 tntum.
477 4211 516 4285 Si
546 4236 616 4305 quo
645 4224 806 4309 tempore
839 4216 974 4312 Srirylla
1001 4240 1167 4316 presepe,
1195 4220 1337 4295 oracula
