2867 4817
222 335 274 400 IN
299 336 332 400 S.
359 336 497 401 CYPR.
522 337 585 401 DE
610 337 803 404 lDOLOR.
827 336 1091 404 l'ANlTATE.
1122 340 1185 404 331

134 506 261 571 Adaei
275 514 426 593 posuerat
441 508 619 573 Gronovius
634 508 667 572 in
684 509 754 595 jam
769 509 857 574 diota
876 509 955 574 edit.
970 509 1066 595 hujus
1078 510 1184 589 libelli,

134 615 205 677 quse
237 594 379 659 Minucio
410 594 508 659 Felici
537 596 664 679 adjecta
692 617 778 660 anno
807 612 887 679 1705
918 595 1043 660 circiter
1072 595 1184 681 viginti

132 700 234 743 annos
248 687 323 744 ante
338 680 488 765 Cypriani
502 680 674 746 editionem
690 680 895 746 Baluzianam
906 681 1035 767 prodiit.
1065 681 1183 747 Suffra-

132 766 283 849 gautibus
298 766 393 831 dictis
404 768 528 831 duobus
540 767 621 831 Novi
630 766 762 854 collegii
774 767 881 833 MStis
892 767 975 832 hanc
985 768 1112 868 praetuli
1122 768 1183 833 leo·

131 852 262 915 tionem.
292 852 484 939 Ubicunque
498 861 607 918 autem
618 855 660 917 ab
668 854 808 918 editione
818 854 873 918 illa
884 855 1005 918 Baluzri
1019 855 1053 917 in
1063 854 1114 918 his
1123 856 1182 939 cy-

130 938 234 1021 priani
248 938 406 1038 opusculis
421 938 590 1019 discedam,
606 940 639 1003 id
654 962 738 1013 vero,
754 947 851 1024 prout
861 941 930 1024 jam
944 940 1004 1005 ieci
1018 940 1052 1003 in
1068 940 1182 1005 Firmi-

130 1022 204 1087 linui
228 1024 371 1110 epistole,
399 1048 554 1111 nusquam
576 1048 640 1089 non
664 1027 878 1091 adnotatums
902 1049 982 1105 sum,
1005 1046 1080 1092 raro
1104 1027 1181 1092 alibi

129 1109 275 1174 lectionis
290 1111 478 1176 varietatem
492 1113 662 1177 adducens.

174 1196 211 1261 P.
230 1214 303 1279 270.
335 1198 357 1261 l.
374 1221 405 1273 4.
435 1198 508 1263 indo
534 1199 647 1263 falcem
669 1198 774 1263 ferens
798 1198 955 1286 pingitur]
987 1198 1095 1285 Vrdgo
1123 1200 1178 1265 ad-

128 1282 217 1347 ditur
235 1304 323 1347 senec
344 1292 418 1368 post
430 1286 544 1368 serens,
571 1286 656 1370 quod
680 1286 713 1347 in
738 1283 816 1348 odit.
840 1307 899 1349 sue
921 1292 1008 1350 recte
1027 1287 1179 1351 omiserat

129 1369 317 1434 Gronovius.
348 1370 475 1437 Primus
490 1393 597 1436 vocem
612 1371 732 1456 recepit
748 1371 909 1435 Pamelius
923 1392 963 1435 ex
976 1371 1074 1435 MSto
1086 1372 1178 1437 Gam-

127 1454 269 1531 bonensi,
292 1456 349 1520 sed
371 1456 515 1522 nesciunt
536 1475 607 1522 eam
628 1464 766 1541 quatuor
784 1456 907 1521 codices
929 1456 962 1520 in
980 1457 1057 1521 edit.
1074 1458 1176 1523 Oxou.

127 1541 268 1619 adducti,
290 1550 408 1628 prester
429 1550 496 1607 tres
518 1543 587 1607 illos
610 1542 691 1607 Novi
711 1542 842 1628 Oollegii
865 1543 989 1620 MStos,
1010 1565 1177 1628 meumque

126 1628 268 1693 codicem
273 1630 341 1713 jam
350 1652 447 1714 supra
455 1636 675 1706 memoratum,
682 1628 757 1692 olim
767 1629 1018 1706 Tevvateranum,
1028 1638 1062 1693 et
1071 1637 1176 1695 vetus·

126 1714 267 1778 tissimas
293 1714 442 1801 Cypriani
467 1716 632 1780 editiones.
686 1716 816 1800 Quapro
838 1722 890 1779 ter
912 1736 1019 1779 vocem
1044 1722 1175 1800 praeter-

125 1798 207 1864 misi.
252 1800 284 1863 N
285 1823 345 1865 unc
360 1802 477 1866 addere
491 1801 565 1867 lieet
580 1802 659 1865 duos
677 1801 801 1866 codices
852 1800 1008 1877 rurianos,
1024 1802 1173 1866 alterum·

125 1906 187 1985 que
213 1886 288 1950 olim
314 1887 351 1951 el.
376 1888 575 1953 Meermanui
603 1889 673 1973 jam
701 1909 816 1966 meum,
843 1887 1030 1951 duodecimo
1058 1889 1173 1953 saeculo

123 1978 293 2123 oerlbidz
309 2080 356 2140 14.
382 2060 455 2125 Hoc
476 2060 524 2125 ita
545 2082 614 2125 esse
633 2060 818 2125 Alexander
831 2058 899 2144 M.]
922 2058 1081 2145 Rigaltius
1099 2082 1173 2125 con-

122 2143 238 2221 tendit,
252 2146 321 2210 haec
335 2168 444 2211 revera
458 2147 500 2211 ad
520 2148 656 2212 alterurn
670 2146 900 2223 Alexandrum,
916 2144 1063 2209 nimirum
1078 2146 1172 2247 Poly-

122 2229 278 2295 historem
292 2235 469 2317 pertinere:
494 2256 565 2319 quae
580 2234 763 2318 conjectura
777 2231 811 2294 in
824 2238 952 2296 tautum
967 2232 1027 2317 ipsi
1063 2231 1170 2312 lacuit,

120 2323 159 2380 ut
185 2324 239 2381 ter
264 2318 440 2405 ingesserit.
485 2319 642 2383 Nimirum
664 2320 714 2384 hic
736 2318 806 2396 loci,
827 2317 860 2380 in
881 2319 966 2383 notis
984 2318 1027 2382 ad
1075 2319 1172 2383 ertul-

119 2401 252 2483 lianum,
276 2411 309 2469 et
330 2406 427 2470 etiam
448 2406 491 2469 ad
518 2404 701 2469 Minutium.
746 2404 881 2489 Decepti
907 2409 999 2468 erant
1023 2404 1172 2469 nimirum

120 2488 312 2573 Cyprianus,
335 2490 569 2577 Athenagoras,
587 2490 755 2568 Minutius‚
778 2489 988 2575 Augustinus,
1014 2488 1078 2553 imo
1099 2513 1170 2576 pro

119 2574 280 2640 batissimi
294 2577 392 2642 ctiam
407 2578 493 2662 apud
511 2577 654 2642 ethnicos
673 2576 853 2661 scriptores,
869 2577 924 2661 qui
938 2598 1046 2640 omnes
1061 2576 1171 2643 literas

117 2660 160 2726 ab
185 2662 372 2728 Alexandro
393 2685 509 2749 magno
533 2664 630 2727 matri
655 2662 835 2747 Olympiadi
859 2662 995 2747 scriptas
1017 2663 1168 2742 referunt,

117 2747 151 2810 in
168 2748 284 2832 quibus
298 2771 450 2815 arcanum
466 2750 527 2813 hoc
542 2749 582 2813 de
600 2749 766 2813 numinum
779 2748 948 2826 natalibus,
963 2755 1052 2811 metu
1071 2748 1169 2834 ipsius

116 2835 273 2918 potentiae
296 2844 458 2901 extortum
476 2834 825 2921 perhibetur.—-Sed
838 2833 927 2897 litem
946 2832 1076 2898 dirimat
1094 2834 1169 2898 Plu-

116 2921 261 2999 tarchus,
276 2922 310 2985 in
324 2922 500 2987 Alexandri
514 2921 609 2986 rebus
624 2920 733 3006 siquis
747 2921 827 2985 alius
837 2918 1078 2998 versatissimus,
1090 2928 1124 2985 et
1135 2920 1168 2986 in

117 3004 255 3071 historia
265 3008 359 3073 testis
370 3008 517 3093 locuples.
543 3008 576 3071 Is
587 3007 621 3071 in
631 3005 809 3071 Alexandri
822 3005 902 3070 Vita
911 3005 959 3070 ait
968 3004 1169 3087 Ἀλέξανδρος

117 3095 153 3155 ἐν
169 3095 315 3174 ἐπιστολῇ
330 3094 403 3177 πρὸς
416 3094 471 3173 τὴν
484 3094 595 3175 μητέρα
610 3095 714 3175 φησὶν,
730 3092 890 3175 γεγονέτω
906 3095 989 3159 τινὰς
1003 3094 1080 3177 αὐτῷ
1093 3118 1166 3173 μον-

116 3181 198 3245 relus
213 3180 403 3261 ἆποῤῥήτους,
419 3180 455 3248 ἃς
474 3180 561 3247 αὐτὸς
579 3182 754 3245 ἐπανελθὼν
768 3176 880 3261 φράσει
893 3178 968 3260 πρὸς
980 3180 1075 3257 μόνην
1089 3181 1164 3243 ἑκεί-

117 3289 173 3343 ναν
190 3267 247 3329 &a
269 3265 392 3349 λέγεται
411 3269 443 3331 δὲ
463 3268 510 3330 καὶ
528 3266 688 3345 Ψάμμονος
706 3268 741 3330 ἐν
760 3266 899 3350 Αἰγύπτῳ
918 3270 971 3328 τοῦ
993 3267 1166 3347 φιλοσόφου

115 3353 286 3429 διακούσας,
304 3355 505 3431 ἀποδέξασθαι
518 3352 652 3433 μάλιστα
665 3356 726 3415 τῶν
739 3350 920 3433 λεχθέντων,
935 3352 981 3414 ὅτι
994 3349 1104 3417 πάντες
1115 3353 1166 3415 ἄν·

115 3440 230 3517 θρωποι
249 3441 465 3517 βασιλεύονται
485 3438 543 3501 ὑπὸ
566 3441 646 3511 θεοῦ,
668 3438 703 3501 τὸ
725 3440 784 3519 γὰρ
805 3439 901 3520 ἄρχον
923 3440 957 3501 ἐν
979 3435 1094 3521 ἑκάστῳ
1116 3438 1166 3501 καὶ

116 3528 246 3602 κρατοῦν
264 3526 346 3589 θεῖόν
368 3527 442 3599 ἔστι,
460 3524 517 3587 &a
545 3523 676 3587 Faunus.
720 3523 771 3587 De
792 3522 934 3608 epistolis
954 3521 1029 3586 visis
1049 3544 1070 3585 a
1090 3522 1164 3586 Plu-

115 3608 231 3672 tarcho
246 3610 377 3694 aliisque
392 3609 551 3674 veteribus
566 3608 783 3693 scriptoribus,
798 3630 862 3672 non
877 3608 917 3673 de
932 3607 970 3671 iis
984 3630 1056 3692 quae
1070 3608 1165 3672 hodie

115 3693 382 3760 circumferuntur
404 3696 530 3759 nonrine
547 3694 725 3759 Alexandri
743 3694 911 3780 insignitae,
931 3694 999 3757 hoec
1020 3701 1054 3758 et
1073 3693 1165 3778 plura

113 3780 284 3845 adnotavit
298 3782 496 3847 doctissimus
510 3780 626 3845 Oxonii
641 3781 816 3866 episcopus.
847 3780 935 3844 Male
949 3785 1058 3844 autem
1072 3779 1163 3844 omit-

113 3865 197 3930 titur
211 3874 285 3951 post
300 3869 346 3933 ito
360 3868 490 3932 verbum
508 3889 574 3947 esee,
590 3874 624 3931 et
643 3876 716 3952 post
734 3864 839 3931 eald
852 3873 1005 3952 punctum
1024 3865 1057 3928 iu
1071 3872 1163 3930 textu

114 3951 298 4051 lialuziauo,
313 3956 406 4033 unde,
430 3960 467 4017 ut
487 3952 561 4018 olim
590 3952 706 4032 monui,
731 3974 854 4017 errores
872 3951 926 4017 isti
949 3950 1163 4017 transiverant

113 4060 147 4101 m
162 4060 277 4103 meum.

160 4125 243 4188 lbid.
260 4125 281 4188 l.
292 4142 343 4209 32.
363 4125 560 4210 meretrices]
584 4126 703 4190 Postea
778 4125 865 4189 uitur
883 4124 915 4188 in
934 4123 1073 4189 editione
1093 4147 1163 4209 quae

113 4209 232 4275 dicitur
257 4210 375 4289 Gravii,
401 4212 434 4275 in
461 4211 655 4289 Pameliana,
682 4212 723 4275 Ri
777 4212 875 4289 tiana,
902 4218 936 4275 et
962 4210 1160 4295 Anglicana:

113 4297 277 4363 Interdum
298 4318 365 4361 cero
386 4298 474 4363 ιίοιινι
495 4296 638 4363 cordua
659 4297 747 4384 apctd
768 4298 926 4374 Romanos,
943 4298 1106 4383 fiammae
1130 4307 1164 4361 ct

594 4407 611 4448 u
630 4406 649 4447 u
668 4404 685 4451 2
