2867 4817
156 374 289 437 APUD
312 372 498 437 CONCIL.
524 371 787 436 GENERALE
814 370 1029 435 SEXTUM.
1072 371 1138 439 239

88 546 237 612 omnibus
250 544 436 620 consonuit3
460 550 687 621 umentorum,
700 542 870 629 inquimus,
887 542 995 608 deeem
1010 548 1043 609 et
1064 550 1137 609 outo

89 656 274 715 sanctornm
294 655 432 735 patrum,
456 648 510 734 qui
532 646 565 711 in
587 646 729 712 Nieaeam
750 652 963 712 convenerunt
988 647 1138 712 adversus

91 753 208 818 Arium
222 752 392 817 furiosum:
416 759 450 817 et
461 750 499 829 ei,
512 774 583 837 quae
594 774 615 816 a
628 774 672 815 ou.
686 774 708 816 a
722 750 792 815 Deo
803 750 965 837 inspiratis
976 749 1050 817 viris
1064 757 1138 837 post

91 860 175 922 hane
203 858 289 943 apud
318 853 625 941 Constantinopolim
653 853 804 920 adversus
834 854 1057 921 Mneodonium
1082 854 1138 919 im-

92 967 304 1049 pugnatorem
319 958 466 1045 Spiritus,
482 966 516 1024 et
536 956 754 1045 Apollinarem
773 958 922 1045 impium:
947 959 1091 1024 similiter
1105 966 1139 1025 et

93 1064 133 1144 ei,
155 1085 226 1150 quae
247 1062 281 1126 in
302 1062 430 1147 Epheso
451 1062 539 1147 prius
560 1061 711 1126 adversus
732 1058 914 1127 Nestorium
928 1062 952 1125 J
954 1062 1074 1126 udaieae
1093 1062 1139 1125 in-

93 1167 287 1255 telligentiae.
303 1172 496 1252 oongregata
515 1173 565 1230 est
584 1164 792 1230 dueentorum
813 1164 1037 1231 venerabilium
1060 1162 1139 1231 viro

94 1292 185 1337 rum:
209 1276 307 1355 atque
328 1268 368 1343 ei,
391 1290 462 1355 quae
483 1265 517 1332 in
541 1265 739 1333 Calchedone
765 1277 985 1334 sexoentorum
1006 1264 1141 1355 triginta

97 1376 168 1439 Deo
192 1374 417 1459 inspiratorum
442 1378 570 1458 patrum
595 1372 762 1437 adversum
787 1370 966 1459 Eutychem
989 1380 1023 1439 et
1048 1370 1141 1437 Dios-

97 1498 207 1542 oomm
228 1478 299 1541 Deo
320 1475 468 1541 odibiles:
492 1498 587 1561 anper
608 1476 666 1541 has
688 1483 722 1541 et
743 1474 863 1541 ultimae
885 1476 999 1541 harum
1022 1476 1141 1562 quintae

98 1589 218 1647 sanotae
243 1580 373 1665 synodo,
403 1600 474 1665 quoe
498 1577 550 1643 hie
572 1586 764 1665 eongregata
786 1587 836 1645 ost
865 1578 1015 1645 adversus
1041 1580 1142 1646 Theo-

99 1686 213 1749 dorum
229 1684 499 1769 Mopsuestenum‚
520 1682 698 1769 origenem,
714 1680 887 1769 Didymum
907 1692 940 1749 et
959 1682 1141 1771 Evagrium,

99 1788 220 1873 seripta
238 1786 424 1851 Theodoriti
444 1786 610 1851 adversum
634 1785 799 1851 duodeeini
818 1786 957 1873 eapitula
977 1788 1143 1853 laudabilis

101 1890 221 1977 Cydni,
242 1898 276 1955 et
297 1889 464 1977 epistolam
485 1908 556 1976 quae
578 1889 694 1954 dieitur
716 1886 782 1955 Iboe
804 1889 846 1955 ad
869 1890 988 1957 Marim
1011 1890 1144 1957 Persam

101 1996 263 2080 seriptum,
278 1994 486 2058 immutilatae
500 1994 626 2077 quidem
640 1993 674 2057 in
688 1992 833 2059 omnibus
848 1995 977 2080 pietatis
991 2016 1144 2060 renovans

102 2099 291 2175 sanationes,
314 2097 463 2183 profanas
485 2118 559 2161 vero
584 2096 758 2183 impietatis
784 2098 941 2184 expellens
963 2098 1142 2164 doctrinas:

103 2209 137 2266 et
156 2200 190 2265 id
204 2200 288 2286 qnod
308 2206 357 2265 est
376 2221 398 2264 a
415 2198 567 2264 treoentis
585 2200 694 2264 decem
709 2208 742 2266 et
760 2208 833 2265 ooto
851 2201 997 2286 patribus
1014 2202 1144 2279 editum,

103 2311 138 2369 et
153 2304 265 2369 dehine
279 2326 299 2369 a
312 2326 357 2367 eu.
373 2302 443 2367 Deo
453 2302 640 2368 instituente
651 2302 871 2368 confirmatum
882 2313 941 2383 est,
953 2307 1039 2391 quod
1049 2305 1145 2370 etiam

104 2414 219 2473 oeterae
232 2414 352 2472 sanetae
367 2407 478 2492 synodi
497 2406 539 2471 ad
557 2405 802 2493 extinguendam
822 2429 945 2473 omnem
964 2407 1147 2495 pestiferam

104 2512 239 2577 haeresin
252 2510 401 2575 nlneriter
414 2518 619 2596 suseeperunt
633 2518 667 2576 et
681 2509 944 2577 confirmaverunt
961 2511 1145 2597 symbolum,

105 2615 221 2680 etheo
243 2620 386 2679 nostrum
412 2618 557 2678 sanetum
578 2620 612 2679 et
633 2612 806 2679 universale
828 2636 849 2678 a
870 2612 939 2679 Deo
959 2614 1147 2700 inspiratum

105 2719 303 2807 consignavit
317 2718 490 2783 eoneilium.

314 2896 558 2958 SYMBOLUM
579 2898 865 2971 NIGAENORUM,
887 2902 940 2960 &a

219 3032 409 3117 (Sequemur
423 3022 564 3112 Βψώοἶα
577 3025 742 3091 Nieoemua
758 3034 786 3092 et
802 3028 1032 3113 OPolitourun.)

153 3152 306 3217 Sanctum
328 3158 362 3215 et
383 3148 557 3214 universale
578 3147 743 3212 eonsilium
766 3146 864 3213 dixit:
889 3148 1064 3215 suffieiebat
1083 3150 1150 3235 qui-

108 3258 182 3321 dem
196 3256 239 3321 ad
257 3254 431 3340 perfectam
449 3251 635 3317 orthodoxae
653 3249 727 3315 fidei
742 3249 953 3337 aognitionem
966 3260 1063 3337 atque
1078 3275 1149 3318 eon-

108 3358 331 3435 firmationem,
353 3353 441 3443 pium
465 3361 561 3440 atque
582 3353 795 3419 orthodoxum
819 3350 878 3418 hoo
904 3354 1016 3421 divinae
1038 3357 1151 3443 gratiae

110 3467 297 3554 symbolum.
341 3464 405 3529 Sed
430 3462 578 3549 quoniam
604 3479 667 3524 non
692 3458 817 3525 destitit
842 3460 884 3525 ab
910 3462 1040 3527 exordio
1063 3463 1152 3528 adin-

110 3580 224 3637 ventor
237 3568 367 3635 malitiae
385 3572 635 3651 cooperatorem
654 3562 714 3628 sibi
734 3572 913 3651 serpentem
932 3564 1100 3646 inveniens,
1118 3572 1152 3631 et

111 3699 170 3763 per
188 3698 260 3740 eum
284 3690 473 3737 venenosam
491 3668 637 3732 humunae
655 3673 779 3732 naturae
798 3667 941 3733 deferens
959 3677 1103 3749 mortem,
1119 3678 1153 3735 et

112 3781 161 3846 ita
183 3800 304 3866 organa
328 3774 370 3840 ad
398 3772 558 3860 propriam
586 3770 634 3836 sui
663 3771 858 3837 voluntatem
883 3780 961 3857 apta
984 3776 1152 3860 reperiens,

113 3884 316 3949 Tbeodorum
329 3878 470 3955 dicimus,
487 3876 540 3961 qui
554 3876 658 3940 fuerat
668 3874 832 3961 episeopus
844 3874 982 3955 Pharan,
999 3877 1152 3966 Sergium,

114 3986 284 4073 Pyrrhum,
305 3982 449 4059 Paulum,
470 3982 612 4057 Petrum,
632 3980 685 4064 qui
699 3979 827 4044 fuerunt
846 3980 939 4065 hujus
958 3982 1052 4069 regim
1067 3983 1154 4049 urbis

114 4090 285 4166 antistites
311 4088 440 4172 insuper
467 4091 501 4149 et
526 4081 714 4160 Honorium‚
740 4084 794 4169 qui
818 4083 879 4149 suit
903 4108 988 4171 papa
1015 4086 1155 4172 antique

115 4194 236 4271 Roma,
266 4198 299 4257 et
329 4190 458 4274 Cyrum,
484 4186 538 4272 qui
566 4186 769 4253 Alexandria
798 4188 901 4253 tenuit
929 4190 1154 4277 episcopatum,

117 4296 296 4363 Maearium
321 4314 455 4377 quoque,
481 4291 534 4375 qui
563 4313 663 4376 nuper
690 4291 796 4355 fuerat
822 4293 1000 4359 Antioohiae
1029 4298 1154 4381 praesul,
