2867 4817
454 314 602 383 nunu
625 313 819 387 PRIMUS.
1093 316 1158 382 art

100 490 186 563 vias
210 492 371 569 veritatis
394 490 570 574 induatus,
596 492 716 569 omnia
744 492 822 574 ista,
853 512 932 582 que
960 491 1041 573 sint,
1066 492 1157 561 seio:

101 606 219 702 digua
241 608 288 681 da
311 608 427 704 dignis
448 610 573 692 sentio,
594 607 848 681 contumeliam
868 608 1003 678 nomini
1023 606 1158 678 unllam

101 723 203 795 faeie
220 723 373 797 Divino:
398 725 542 817 etquid
563 726 691 818 ouique
708 725 889 808 debeatur,
912 723 970 795 vel
991 747 1158 816 persone,

103 840 169 911 vel
194 842 313 935 capiti,
339 842 531 913 ineoniusis
555 842 723 935 gradibus
750 849 859 934 atque
887 840 1159 913 auetoritatibus

103 956 239 1030 tribuo.
291 957 350 1029 lta
383 974 467 1053 ergo
501 957 663 1037 Christus
692 979 765 1029 non
797 957 972 1030 habeatnr
1003 980 1026 1027 a
1057 958 1159 1031 nobis

106 1070 238 1143 Densi
286 1092 362 1156 neo,
396 1074 455 1165 qui
498 1074 657 1143 omnium
690 1072 846 1165 alioquin
886 1072 942 1143 vel
981 1074 1159 1145 maximus

106 1199 231 1284 potest
254 1191 458 1285 excogitari,
485 1189 679 1263 divinitatis
703 1189 877 1263 affieistnn
900 1188 1011 1273 oultu,
1038 1213 1060 1260 a
1087 1213 1159 1283 qno

99 1306 318 1400 jamdudum
353 1314 453 1379 tanta
486 1314 525 1379 et
557 1306 758 1400 aooepimns
791 1307 884 1377 dena
917 1308 1087 1390 viventes,
1121 1316 1159 1378 et

109 1431 355 1517 expectamus,
373 1424 448 1495 dies
464 1444 547 1493 enm
564 1424 711 1507 venerit,
728 1422 922 1515 ampliora?

164 1538 247 1613 XL.
265 1538 338 1611 Sed
360 1538 521 1633 patibulo
542 1539 667 1611 affixus
687 1540 833 1611 interiit.
884 1540 981 1624 Quid
1001 1542 1095 1613 istud
1113 1541 1159 1612 ad

111 1657 279 1731 camini
305 1655 436 1749 Neque
457 1657 553 1735 enim
575 1655 727 1749 qualitas
749 1664 788 1727 et
809 1656 1012 1729 deformitas
1035 1658 1160 1728 mortis

112 1774 210 1849 diets
237 1774 314 1867 ejus
342 1774 510 1845 immutat
538 1780 602 1851 aut
630 1774 734 1856 faeta
759 1782 823 1843 aut
852 1795 896 1844 eo
919 1776 1036 1846 minor
1063 1774 1160 1848 vids

112 1890 211 1965 bitur
248 1889 509 1985 disciplinarum
548 1891 623 1983 ejus
661 1890 842 1973 autoritas,
881 1890 966 1982 quia
1011 1890 1161 1963 vinoulis

112 2009 267 2101 eorporis
289 2030 361 2079 non
381 2008 532 2079 naturali
554 2006 784 2079 dissolutione
808 2008 984 2101 digressa
1008 2015 1073 2091 est,
1098 2008 1161 2081 sed

113 2126 149 2195 ri
182 2123 284 2197 illata
315 2124 476 2195 decessit.
539 2122 757 2218 Pythagoras
789 2122 931 2196 Samius
963 2125 1161 2219 suspitione

113 2241 363 2313 dominationis
387 2240 518 2332 injusta
535 2240 635 2311 vivus
655 2248 901 2311 concrematus
924 2241 963 2311 in
979 2240 1062 2314 fano
1084 2250 1159 2313 est:

114 2358 276 2451 nunquid
300 2380 352 2441 ea,
370 2380 448 2450 quse
473 2358 603 2439 doouit,
621 2358 693 2427 vim
721 2358 896 2450 propriam
920 2356 1160 2450 perdiderunt,

113 2476 198 2567 qum
233 2496 305 2546 non
340 2474 503 2567 spiritum
538 2481 673 2566 sponte,
710 2475 772 2544 sed
809 2472 1020 2548 erudelitate
1055 2496 1163 2569 appe-

113 2590 203 2663 titus
219 2590 369 2663 offiroitt
396 2589 568 2661 Similiter
585 2590 750 2662 Socrates
766 2591 921 2663 civitatis
944 2603 1015 2663 snoe
1025 2590 1161 2685 judicio

113 2708 302 2779 damnatus
319 2706 460 2800 capitali
484 2706 631 2779 effeetus
654 2716 709 2778 est
734 2730 858 2800 poena:
883 2710 1043 2801 nunquid
1062 2710 1162 2781 irrita

114 2822 209 2895 faeta
232 2830 328 2905 sunt,
345 2844 423 2915 quae
449 2830 532 2894 sunt
556 2823 602 2894 ab
627 2846 671 2893 eo
695 2824 743 2894 de
767 2824 935 2909 moribus,
962 2825 1160 2907 virtutibus,

113 2948 153 3011 et
169 2940 292 3011 offioiis
309 2940 499 3033 disputata,
519 2940 602 3033 quia
620 2940 750 3033 injuria
764 2940 971 3033 e'xpnlsuee
993 2943 1067 3013 vita
1083 2942 1161 3013 esti

113 3056 388 3129 innumerabiles
404 3056 464 3129 alii
480 3056 602 3151 gloria,
620 3065 658 3128 et
679 3057 823 3141 virtute,
841 3066 880 3129 et
900 3059 1161 3131 existimatione

114 3170 299 3265 pollentes,
316 3173 617 3245 aoerbissimerum
642 3174 812 3244 mortium
832 3174 971 3266 experti
993 3182 1077 3244 sunt
1093 3174 1163 3245 ior·

114 3310 210 3359 mas:
253 3298 295 3361 ut
329 3287 507 3383 Aquilius,
540 3288 745 3372 Trebonius,
780 3288 962 3383 Regulus:
1003 3291 1163 3382 uunquid

115 3404 246 3477 idoneo
271 3414 353 3499 poet
377 3406 488 3477 vitam
511 3406 663 3498 judicati
693 3413 778 3477 sunt
805 3415 948 3499 turpes3
982 3408 1066 3499 quia
1090 3430 1162 3477 non

115 3520 259 3615 publiea
283 3521 363 3616 lege
387 3522 552 3606 fatorum,
577 3522 640 3593 sed
667 3524 791 3594 mortis
817 3524 1009 3615 asperrimo
1032 3541 1164 3617 genere

116 3636 261 3709 laoerati
295 3640 558 3732 axoruoiatiqne
597 3639 801 3733 peuenmtt
849 3639 970 3711 Nemo
1006 3662 1162 3733 unquam

116 3755 285 3829 innoeens
308 3754 403 3828 male
431 3758 667 3851 interemptas
689 3756 831 3829 Mamis
855 3767 930 3829 est:
960 3781 1029 3831 nee
1052 3760 1164 3851 turpi-

116 3872 250 3947 tudinis
284 3872 433 3965 alionjus
466 3872 745 3945 tommaoulatur
778 3880 873 3958 noto,
903 3876 965 3967 qni
996 3898 1069 3947 non
1098 3898 1163 3947 sno

115 3990 244 4061 merito
261 4006 381 4084 poenas
397 4012 530 4085 graves,
548 3992 610 4062 sed
627 3990 831 4063 omniatoris
850 3994 1047 4085 perpetitur
1063 3994 1162 4065 som

116 4112 239 4177 tatem

166 4221 269 4297 XLI.
297 4224 346 4295 Et
372 4233 492 4297 tamen
518 4222 539 4295 ὀ
565 4225 633 4306 isti,
660 4227 720 4318 qui
746 4225 927 4299 hominem
952 4247 1017 4299 nos
1046 4227 1161 4301 oolere

592 4363 612 4403 s
628 4358 684 4405 na
