2867 4817
465 956 614 1031 FIDES
641 957 1118 1045 NlcmN100N01L11;

264 1170 380 1229 Extant
399 1180 467 1229 ente
487 1168 623 1229 codicem
641 1167 794 1227 canonum
815 1168 954 1227 Veterem
970 1168 1111 1229 Eecleniae
1132 1168 1282 1241 Romnum,
1298 1194 1316 1230 a

285 1248 334 1309 Fr.
346 1250 464 1309 Pithoeo
474 1249 655 1318 adornatum,
668 1248 761 1307 Parin.
776 1249 995 1329 etypogruphie
1009 1249 1089 1328 regie
1102 1250 1189 1327 1687,
1201 1272 1231 1331 p.
1245 1271 1294 1311 22.

305 1420 466 1486 Onnmuue
487 1420 521 1485 in
542 1442 641 1485 unum
662 1420 769 1485 Deum
795 1420 936 1499 Patrem,
959 1422 1222 1507 omnipotentem,
1247 1448 1314 1491 om-

260 1523 349 1589 nium
357 1524 525 1589 visibilium
535 1544 657 1588 neenon
668 1530 702 1588 et
709 1521 911 1588 invisibilium
919 1523 1096 1590 faetorem:
1114 1526 1313 1594 Etinunum

260 1628 433 1694 Dominum
446 1634 591 1693 nostrum
605 1624 629 1691 J
630 1648 720 1691 enum
733 1626 907 1702 Christum,
923 1627 1041 1693 Filium
1055 1628 1127 1710 Dei,
1142 1636 1257 1697 netum
1271 1650 1345 1711 ers

262 1732 370 1811 Patre,
386 1730 595 1818 unigenitum,
610 1730 671 1794 hoe
689 1736 748 1806 eet,
764 1752 805 1794 ex
820 1730 1001 1797 substantie
1016 1732 1134 1813 Putris,
1151 1732 1257 1799 Deum
1271 1757 1313 1800 ex

260 1834 339 1915 Deo,
355 1836 462 1900 lumen
482 1856 523 1900 ex
543 1832 669 1912 lumine,
685 1833 791 1899 Deum
811 1855 922 1899 verum
942 1856 984 1900 ex
1004 1834 1076 1899 Deo
1096 1858 1181 1917 uero,
1197 1845 1314 1903 netum

260 1959 324 2003 non
338 1944 490 2016 ereetum,
505 1933 702 2013 homousion,
717 1934 778 1998 hoe
792 1942 851 2013 eet,
867 1935 1009 2021 ejusdem
1024 1938 1222 2004 eubetnntiae.
1245 1942 1314 2005 Per

259 2062 353 2127 quem
367 2040 473 2105 omniu
494 2039 581 2104 fectu
599 2044 682 2117 eunt,
699 2036 842 2104 eoeleetiu
861 2045 895 2103 et
913 2044 1051 2105 terrene.
1097 2041 1160 2123 Qui
1175 2050 1313 2129 propter

258 2166 316 2210 noe
330 2143 483 2221 homines,
499 2148 533 2207 et
551 2149 685 2227 propter
698 2141 835 2207 sulutem
848 2149 1001 2221 nostrum,
1017 2144 1191 2223 deseendit,
1206 2153 1242 2211 et
1261 2147 1367 2218 in-10

257 2253 409 2313 cernetur
422 2251 491 2321 eet3
516 2251 550 2309 et
560 2244 656 2308 homo
665 2242 770 2309 iaetus
783 2266 896 2329 pueeue
907 2251 966 2324 eut,
977 2252 1012 2309 et
1020 2247 1195 2311 resurrexit
1209 2249 1311 2315 tertio

258 2349 320 2415 die.
365 2346 521 2413 Aseendit
542 2345 576 2410 in
597 2345 721 2425 eoelnm,
736 2352 889 2419 uenturus
909 2347 983 2413 inde
1000 2348 1146 2432 judieere
1165 2348 1252 2415 vivon
1274 2358 1310 2417 et

261 2458 414 2517 mortum.
437 2450 483 2514 Et
496 2450 529 2513 in
545 2448 699 2535 Spiritum
714 2447 878 2513 Sanctum.
901 2448 968 2513 Eos
981 2456 1090 2514 nutem
1105 2450 1161 2536 qui
1175 2451 1308 2530 dietmt3

254 2556 337 2622 Erat
359 2560 486 2641 tempus
506 2552 634 2637 quando
654 2573 720 2615 non
742 2558 822 2629 eret,
846 2558 881 2616 et
902 2551 1087 2637 priusquam
1108 2563 1306 2637 nuberetur,

253 2680 317 2724 non
331 2666 412 2732 erat,
428 2663 462 2720 et
476 2652 552 2741 quie
561 2676 602 2718 ex
615 2652 709 2717 nullis
723 2652 968 2719 subsistentibus
981 2654 1087 2720 inutile
1099 2664 1170 2733 αις
1193 2665 1253 2724 eut
1264 2681 1309 2725 ex
1322 2680 1360 2739 15

253 2762 318 2829 ulie
338 2759 527 2837 substantie,
546 2756 594 2821 vel
611 2754 760 2833 essentie,
774 2754 886 2823 dieunt
905 2778 976 2823 enee
996 2764 1138 2843 trepton,
1158 2758 1220 2825 hoo
1240 2768 1307 2841 eet,

254 2862 498 2940 convertibilem,
508 2857 760 2927 entmutnbilem
770 2858 887 2925 Filium
895 2859 971 2937 Dei;
985 2858 1044 2926 hoe
1052 2861 1309 2930 anathematizet

255 2967 411 3034 catholiea
425 2972 459 3031 et
473 2961 649 3049 apostoliea
663 2962 805 3028 eeclesia.
