2867 4817
619 714 681 775 Ex

356 888 590 1001 LIBRO
632 884 938 1001 DIURNO

257 1133 630 1217 socerorum
660 1128 1033 1227 permirtum,

143 1339 175 1401 A
195 1339 372 1403 JOANNE
395 1339 625 1401 GARNERIO
646 1338 936 1401 PRESBYTERO
957 1325 986 1396 Ε
1009 1337 1149 1399 flocus.

317 1441 561 1506 inussisse
581 1446 632 1505 IN
652 1444 805 1505 LUCEM
826 1442 972 1503 EDITO.

512 1658 781 1701 ...ο-..-

398 1846 559 1923 Secunda
574 1842 757 1945 Preseseio
773 1842 891 1919 Fidei.

121 2020 243 2173 Illis
277 2026 462 2119 episcopus
500 2031 634 2097 nudes
667 2022 855 2095 eutholicss
888 2030 928 2093 et
966 2020 1171 2116 spostolicae

182 2140 341 2213 ecclesie
354 2142 453 2212 urbis
473 2140 607 2225 Rome,
624 2138 916 2211 reverentissimis
932 2138 1112 2222 detribus,
1133 2146 1172 2209 et

119 2256 356 2329 dilectissimis
372 2256 463 2341 liliis,
480 2278 544 2329 seu
560 2258 734 2329 universe
751 2255 861 2351 plebi.

170 2372 392 2468 Apostolicae
419 2375 513 2446 sodis
537 2373 703 2458 efficium,
729 2368 959 2455 dilectissimi,
988 2372 1035 2443 od
1063 2372 1170 2465 quod,

90 2510 272 2586 5superue
292 2491 407 2586 gretie
430 2491 484 2561 ito
506 2492 715 2585 providente
739 2510 782 2562 tc
804 2488 1028 2585 suffragante,
1048 2508 1172 2581 perve-

119 2609 251 2692 nimus,
273 2627 356 2680 com
380 2617 484 2680 tento
508 2608 624 2680 cordis
647 2616 793 2702 stupore
815 2624 857 2678 oo
880 2604 1084 2677 humilitate
1107 2626 1172 2675 nos

120 2727 299 2821 suscipere
331 2726 462 2798 debere
499 2726 760 2820 perpendimus,
798 2733 972 2817 qnantum
1009 2723 1054 2793 sd
1094 2722 1171 2813 ejus

119 2840 400 2939 secessnmlsor.
410 2844 611 2934 excessum)
624 2849 782 2913 nostram
794 2838 1026 2935 pusillitatem
1037 2839 1171 2907 incom-

120 2960 326 3055 parabiliter
349 2960 523 3052 imperem
549 2981 627 3030 esse
651 2958 916 3051 cognoscimus:
946 2956 1030 3048 quie
1053 2972 1170 3047 neque

74 3099 185 3171 ,0pro
201 3077 338 3148 meritis
353 3075 636 3170 praecedentibus
653 3075 723 3145 hoc
739 3074 841 3145 nobis
858 3072 1028 3144 collatum
1048 3072 1171 3142 edver-

119 3194 240 3277 timus,
274 3213 390 3286 neque
422 3200 567 3287 propter
601 3190 781 3262 solertiam
820 3189 1040 3285 gubemsndi
1073 3208 1171 3259 com·

119 3310 267 3379 missum
297 3309 406 3380 luisse
435 3307 674 3401 permittimus
704 3306 767 3396 (oo
795 3306 1008 3399 percipimus
1017 3302 1047 3397 i)
1096 3301 1169 3374 Sed

120 3424 387 3496 clementissimi
404 3422 475 3496 Dei
491 3424 603 3494 nostri
616 3421 889 3492 misericorditer
904 3420 1073 3491 inclinate
1089 3420 1171 3491 sub-

120 3540 253 3612 limitas
280 3539 350 3615 hoc
376 3540 453 3612 fieri
478 3541 604 3611 vestris
628 3539 928 3611 obsecrationibus
953 3537 1098 3623 sunnit3
1132 3544 1171 3607 et

76 3657 330 3751 15cligentinm
371 3679 436 3728 nos
475 3665 583 3748 utque
621 3655 907 3726 concurrentium
946 3654 1170 3735 sententium,

121 3783 291 3866 tauquam
301 3775 431 3882 jugum
448 3774 518 3866 piae
535 3771 638 3842 nobis
654 3771 934 3864 dispensationis,
948 3769 1136 3864 impressit.

172 3888 320 3975 Idcirco,
338 3891 517 3971 carissimi,
534 3887 875 3982 pusillanimitatem,
892 3908 999 3981 quam
1015 3887 1052 3957 in
1069 3884 1171 3957 nobis

121 4007 286 4100 aspicitis,
304 4007 436 4078 crebris
452 4006 668 4077 orationibus
684 4004 860 4098 adjuvate,
877 4028 942 4100 pro
958 4005 1060 4076 nobis
1077 4004 1171 4098 apud

123 4122 193 4193 Dei
218 4124 446 4196 clementiam
471 4146 554 4194 cum
580 4121 723 4194 fletibus
748 4123 969 4206 intercedite,
995 4131 1037 4193 ut
1060 4124 1173 4215 impo-

77 4272 113 4311 20
122 4243 273 4315 tentiam
299 4262 380 4335 quae
405 4242 443 4311 in
467 4241 570 4312 nobis
593 4250 658 4324 est,
684 4239 754 4311 Dei
779 4243 890 4313 nostri
916 4241 1173 4334 omnipotentis

614 4364 681 4429 ot
