2867 4817
282 296 347 361 180
616 295 995 363 ANNO'l'A'l'lONES

283 465 387 529 denuo
400 462 486 613 tIpis
495 462 634 529 extudit.
663 464 766 545 Quem
780 470 909 531 secutus
924 464 1129 531 Abiubnmus
1145 462 1336 542 Wheloesn,

283 570 367 614 enno
385 568 399 613 1
423 569 469 631 44
481 549 670 649 fragments,
682 571 753 633 quae
764 550 798 613 in
814 549 1109 699 Testimonioffits
1119 556 1206 627 sunt,
1216 550 1337 649 episte-

283 634 385 699 larum
414 633 545 699 AEliriei
568 634 609 699 ed
635 634 857 701 Wullstenum
881 642 916 701 et
941 635 987 698 W
1060 656 1146 712 num,
1174 635 1339 706 Ssxomoe

284 720 392 805 lingue
406 720 665 805 eonseriptsmm,
680 740 745 785 une
759 742 831 784 cum
849 720 916 785 inte
955 721 1113 786 rotatione
1128 742 1187 789 sus
1205 719 1336 797 Lutim,

284 806 395 871 retulit
409 805 442 872 in
457 805 561 870 Notus
573 804 618 870 ed
631 804 728 871 Bedae
737 804 909 871 Historias
915 742 1172 871 ¹bledesslsets'sem
1185 826 1261 891 pag.
1271 826 1290 889 3
1293 824 1337 889 32

285 907 405 976 -335.
449 891 552 955 Porro
576 896 686 954 sutem
708 889 780 975 plus
805 890 872 955 viee
897 890 1030 976 simplici
1053 891 1183 977 prodiit,
1211 890 1338 958 omissis

287 998 361 1042 vero
376 975 540 1041 Saxonieis
554 975 667 1053 verbis,
681 975 911 1041 Testimonium
924 976 1012 1043 istud
1022 976 1251 1060 Antiquitatis.
1284 977 1338 1039 ltu

286 1067 482 1128 memoretur
495 1060 594 1125 editio
608 1060 686 1144 ejus,
701 1080 773 1145 quse
788 1082 872 1128 enno
891 1063 974 1161 1736
993 1061 1080 1147 typis
1099 1060 1258 1146 impressa
1276 1068 1337 1135 est.

286 1147 321 1211 in
334 1144 526 1212 Bibliotheca
539 1146 711 1211 Panium
728 1146 877 1232 uacans,
893 1168 944 1210 οιη
959 1146 1087 1231 quidem
1100 1146 1183 1210 libro
1201 1146 1265 1209 boe
1281 1146 1337 1211 ed-

287 1238 455 1297 notsverst
469 1231 690 1297 eeleberrimus
703 1230 773 1315 ejus
793 1252 974 1317 possessum
1000 1238 1020 1267 “
1034 1232 1078 1302 ln
1092 1231 1158 1295 this
1174 1232 1263 1295 book
1280 1230 1338 1295 the

289 1324 308 1353 “
323 1317 469 1402 opinions
491 1318 528 1381 ol
544 1316 600 1383 tbe
622 1316 731 1381 Sexon
752 1316 871 1382 ebumh
892 1339 914 1380 u
956 1316 978 1381 u
998 1316 1055 1381 the
1078 1322 1261 1381 seersment
1281 1336 1339 1379 ene

289 1409 308 1438 “
400 1402 511 1467 'ested
532 1402 576 1486 by
596 1424 618 1465 u
639 1400 736 1466 Lutin
758 1401 870 1487 epistle
888 1424 909 1467 ο
943 1400 1062 1467 AElfiie
1080 1409 1116 1465 to
1140 1401 1338 1465 Woll'stsm.

289 1494 308 1523 “
325 1486 430 1571 Every
454 1486 656 1636 22¹3th
680 1486 822 1552 member
846 1487 883 1551 ol
904 1486 961 1552 the
984 1486 1103 1551 ehureh
1128 1485 1165 1551 oi
1184 1486 1339 1585 Euglund

289 1572 436 1636 “should
550 1571 607 1636 it.”
625 1594 656 1656 p.
668 1574 743 1656 619.
787 1572 868 1637 Haee
887 1571 936 1637 vir
956 1571 1133 1639 abundanti
1153 1571 1282 1656 ingemo
1303 1578 1338 1635 et

287 1656 530 1723 literatissimum
568 1656 659 1721 Idem
673 1657 714 1721 ‹le
729 1658 789 1723 hee
802 1679 839 1723 ru
853 1657 987 1723 sensisse
1002 1658 1088 1742 ipsos
1102 1656 1240 1721 eeelesiae
1255 1676 1339 1741 prm·

287 1743 381 1821 sules,
396 1742 525 1821 videbis,
540 1763 616 1807 nem
635 1741 697 1807 fine
711 1742 854 1827 opuseuli
873 1764 982 1807 omnes
1003 1750 1112 1827 pestes
1129 1741 1227 1805 libelli
1243 1762 1340 1806 vetes

288 1850 326 1893 ue
354 1847 523 1914 germanus
548 1849 617 1891 esse
646 1827 825 1913 quindesim
855 1828 994 1912 episeupi
1020 1827 1252 1912 subseriptione
1278 1848 1340 1891 sus

288 1913 400 1979 testum
420 1912 544 1998 dignati
561 1919 645 1977 sunt.
691 1912 836 1997 Denique
857 1934 943 1977 enno
960 1912 1129 2012 ⁸superiore
1153 1911 1268 1976 attulit
1290 1912 1341 1975 vir

286 1998 477 2063 reverendus
492 1997 653 2063 Henrieus
672 1996 804 2063 Soemes
823 1998 857 2062 in
873 1996 1070 2064 emmeles
1089 1998 1338 2081 Rammium,

287 2105 344 2149 seu
362 2082 465 2151 doctis
479 2082 545 2147 suis
558 2081 830 2167 Diuquisiciouitus
849 2082 886 2147 de
901 2081 1045 2147 Beeleeioe
1061 2082 1341 2167 Aequumne

287 2166 492 2252 Dsymats’bsm
514 2167 667 2266 plurimos
687 2167 817 2231 AElfriei
839 2167 925 2231 loeos
949 2168 992 2233 ud
1016 2166 1243 2234 eucharistum
1266 2188 1340 2251 pen-

287 2252 438 2319 tinentes.
483 2252 560 2315 V1d.
574 2258 668 2317 notes
683 2252 761 2337 ejus,
800 2271 979 2335 ,μη-441.

332 2337 370 2400 Ρ.
389 2340 460 2418 167.
482 2337 502 2401 l.
518 2354 549 2421 5.
581 2338 634 2401 Ex
657 2336 772 2422 Episto
827 2338 870 2403 ud
893 2337 1130 2422 wulstanum]
1157 2336 1209 2401 De
1238 2336 1341 2421 priori

288 2423 370 2487 istae
387 2422 523 2508 epistola
535 2421 580 2487 sd
594 2422 815 2488 Wulfstunum
830 2422 945 2489 Latine
963 2421 1092 2507 seriptis,
1112 2423 1169 2487 sed
1191 2429 1340 2487 eontrse-

288 2506 373 2584 timi,
400 2529 496 2593 quem
526 2507 684 2573 Sunonieu
714 2530 786 2593 quse
814 2509 967 2594 sequitur,
997 2508 1137 2593 positum
1165 2514 1217 2571 est
1249 2506 1341 2573 istud

288 2593 322 2657 in
347 2593 522 2659 Teumesia
543 2593 879 2677 Antiquitatu--lis
904 2592 1077 2678 (AEllrie's)
1101 2593 1201 2677 bstyuo
1266 2593 1275 2607 '
1330 2640 1339 2669 ,

288 2676 384 2741 selim
398 2680 426 2742 s's
439 2677 581 2743 recorded
592 2678 627 2742 in
638 2676 720 2743 bokos
725 2679 822 2762 fem
835 2678 953 2743 writm
961 2681 1001 2763 os
1007 2678 1072 2743 olle
1081 2680 1117 2743 iu
1127 2678 1173 2745 lle

289 2762 427 2828 cheseles
450 2765 490 2848 ef
514 2764 676 2827 Werooster
696 2762 763 2827 mid
785 2764 935 2829 ueste.
959 2762 1012 2828 fol.
1024 2780 1077 2848 54.
1097 2784 1128 2827 u.
1166 2762 1339 2839 Nimirum,

288 2855 417 2932 reperte
431 2855 482 2913 est
495 2847 640 2932 epistole,
656 2870 721 2913 ηοη
739 2855 869 2914 tentum
886 2848 920 2913 in
933 2848 1015 2913 libro
1032 2848 1107 2912 olim
1122 2847 1339 2932 vigorniensi,

290 2954 384 3017 quem
394 2932 838 3083 mewsiffleffltize
849 2932 1339 3083 alterglljllliSffinunelzuaessmte

290 3040 306 3080 c
330 3040 355 3080 ο.
375 3037 387 3080 1
416 3064 425 3080 .

290 3038 439 3187 cbipoiis
457 3040 580 3170 unffi
598 3068 838 3189 cantebrigia,
854 3040 932 3169 illo
949 3042 1037 3169 1οηίἳη
1059 3039 1220 3168 ffiosffit
1240 3040 1341 3188 pebgbli

290 3188 454 3253 eeclesiam
483 3186 705 3267 Exoniensem,
735 3211 757 3255 u
787 3187 932 3255 Leosrieo
960 3188 1063 3274 primo
1091 3189 1162 3273 ejus
1189 3188 1341 3275 episeopo

291 3274 437 3352 donatus,
452 3279 489 3338 ut
503 3272 538 3336 in
550 3272 738 3357 praeietione
755 3273 930 3339 Testimenis'
943 3273 983 3339 de
998 3296 1036 3338 eo
1046 3273 1198 3351 scribunt,
1210 3273 1264 3338 lul
1279 3292 1342 3336 10-

294 3378 344 3423 12.
359 3359 415 3423 sed
429 3364 560 3422 venerut
573 3358 607 3423 in
746 3358 851 3423 ionem
864 3358 1028 3443 utriusque
1043 3358 1162 3427 eodieis
1176 3358 1341 3423 Perkerus

292 3443 398 3509 urchie
420 3444 553 3528 iseopus,
587 3442 620 3507 ui
643 3442 729 3509 'bros
739 3466 812 3508 suos
825 3443 948 3523 MStos,
961 3445 1120 3530 quantivis
1134 3443 1250 3528 pretii!
1268 3444 1341 3509 Gol-

291 3527 374 3617 legio
388 3466 537 3614 leporis
618 3528 626 3542 '
660 3528 826 3595 idonuvit.

336 3614 417 3679 lbid.
442 3614 463 3679 l.
481 3616 533 3679 26.
557 3612 604 3678 Et
627 3614 784 3712 reponite]
809 3613 1044 3679 Vetustissimis
1068 3635 1193 3699 quoque
1217 3622 1342 3703 tempo-

291 3701 379 3765 ribus
406 3698 585 3765 eonservuri
612 3698 742 3764 sobtum
765 3720 834 3763 esse
861 3704 880 3764 ὲ
905 3699 1103 3777 christianis,
1131 3701 1173 3763 ob
1198 3699 1342 3765 diversus

293 3808 415 3859 canem.
435 3807 550 3870 punem
570 3782 823 3863 euebsnistieum,
843 3787 1017 3851 ostendunt
1035 3784 1059 3849 J
1060 3785 1185 3851 ustinus
1206 3784 1299 3869 Apol.
1314 3786 1340 3849 Ι.

294 3874 323 3955 ξ.
340 3873 390 3954 87.
419 3870 632 3937 Tertullianus
658 3869 695 3935 de
722 3870 876 3949 Οναηὶοηο,
903 3892 941 3935 ee
965 3919 972 3935 .
997 3891 1046 3955 19.
1072 3892 1109 3936 su
1194 3892 1270 3955 ρης.
1289 3890 1340 3955 13.

292 3957 434 4022 Irenaeus
456 3979 477 4021 e
500 3955 543 4021 ud
565 3954 740 4021 Eusebium
763 3955 846 4021 Hs'sl.
869 3893 962 4021 libelj
977 3978 1005 4019 v.
1019 3974 1070 4036 24.
1139 3955 1344 4043 ionysiusque

292 4042 388 4107 Alex.
402 4064 467 4126 epu
503 4043 638 4107 eundem
654 4039 826 4106 Eusebium
841 4041 880 4105 vi.
890 4060 942 4121 44

336 4127 374 4192 P.
391 4128 460 4191 168.
477 4127 498 4191 l.
514 4144 563 4211 15.
588 4126 661 4191 Non
680 4127 724 4191 sit
743 4134 852 4191 tamen
869 4126 929 4191 boe
947 4125 1344 4212 saerilieium-spestnlus

291 4212 351 4299 uit]
378 4212 481 4279 Extat
503 4212 630 4299 quidem
651 4212 691 4277 sit
712 4212 745 4276 in
769 4211 943 4277 Teesimonte
961 4212 1095 4298 Antiqui
1112 4220 1183 4283 tem
1202 4212 1344 4280 editione
