2867 4817
268 341 334 410 256
592 342 985 409 'ANNOTATIONES

270 523 290 554 “
304 515 384 582 ticet
408 514 566 581 Marcion.
609 490 683 581 lion
708 514 909 602 rebaptizant
932 514 1125 580 alterutrum
1146 514 1189 578 ad
1211 534 1246 579 se
1260 518 1320 579 've-

270 610 290 639 “
304 600 457 667 uiantes?

313 688 351 752 P.
368 688 440 772 236.
460 687 542 772 l.15.
558 709 616 753 nec
632 687 805 775 [Spiritum
822 686 1009 787 Sanctum]]
1029 687 1162 753 Comum
1179 693 1230 752 est
1248 686 1320 751 bsec

269 775 333 839 dno
355 773 508 838 vocabula
529 795 593 839 non
614 780 727 839 extare
744 774 777 838 in
796 774 885 839 libris
905 781 1025 838 nostris
1045 795 1104 837 nec
1127 773 1161 837 in
1180 780 1321 874 quatuor

269 858 464 947 Anglicanis.
510 859 563 924 Ita
582 860 680 925 etiam
699 861 741 925 de
760 882 824 924 uno
843 880 901 925 suo
920 866 1061 925 testatur
1077 860 1248 935 Pamelrus,
1285 857 1320 923 ui

269 953 379 1011 tamen
392 945 448 1009 illa
461 945 586 1011 addidit
600 968 641 1010 ex
660 946 768 1011 codice
782 946 880 1023 edito,
895 946 929 1009 in
942 947 1033 1030 cujus
1050 946 1247 1032 marginibus
1260 882 1320 1009 do-

269 1054 368 1097 ennes
389 1031 546 1097 Cauchius
569 1031 803 1116 Ultrajectinus
823 1054 844 1096 a
866 1039 1016 1117 posuerat
1038 1032 1265 1118 castigationes
1278 1053 1321 1095 ex

270 1118 365 1183 variis
384 1117 544 1182 codicibus
563 1118 796 1204 manuscriptis.
890 1124 999 1183 manet
1018 1124 1128 1182 tamen
1142 1118 1247 1182 adhuc
1262 1117 1321 1181 du-

269 1204 358 1270 bium
372 1226 414 1267 an
428 1203 496 1268 haec
511 1204 574 1268 duc
589 1204 743 1269 voeabula
756 1203 869 1269 addita
882 1204 1000 1269 fuerint
1011 1226 1052 1267 ex
1062 1204 1144 1268 libro
1155 1204 1266 1281 veteri,
1276 1225 1322 1267 an

270 1312 345 1355 vero
359 1311 400 1353 ex
413 1290 596 1374 conjectura
610 1290 741 1356 Cauchii
755 1296 893 1356 tantum.
925 1290 1009 1354 Nam
1023 1290 1099 1375 quie
1112 1290 1146 1353 in
1159 1290 1322 1355 veteribus

269 1377 358 1442 libris
373 1384 446 1461 post
460 1376 680 1459 vocemfilium
694 1377 826 1441 additur
837 1399 903 1453 ceo,
919 1377 967 1441 ita
981 1384 1019 1441 nt
1032 1376 1200 1441 videantur
1213 1376 1323 1461 aliqua

270 1465 388 1540 deesse,
405 1462 584 1548 conjecerat
599 1462 760 1527 Pamelius
773 1462 922 1527 addenda
935 1484 1005 1527 esse
1015 1462 1079 1525 duo
1090 1462 1145 1527 illa
1154 1463 1320 1541 vocabula,

270 1556 304 1615 et
323 1548 457 1627 addidit,
476 1548 585 1613 videns
602 1549 819 1633 conjecturam
832 1571 924 1613 suam
943 1548 1164 1613 confirmatam
1181 1549 1322 1613 auctori·

270 1642 340 1701 tate
361 1634 433 1697 libri
456 1634 640 1699 canoniani.
685 1634 725 1698 ln
748 1634 855 1700 codiee
876 1656 973 1720 porro
995 1634 1126 1700 Canchli
1147 1642 1323 1700 annotatas

270 1721 376 1799 fuisse,
401 1741 464 1785 non
487 1720 590 1785 solum
612 1720 717 1785 varias
740 1720 891 1786 lectiones
912 1726 1055 1785 veterum
1076 1720 1239 1799 librorum,
1264 1722 1324 1785 sed

270 1807 369 1872 etiam
392 1806 591 1891 conjectures
614 1807 691 1891 ejus,
715 1813 825 1871 monet
853 1806 864 1869 i
947 1805 1108 1871 Pamelius
1130 1806 1163 1869 in
1185 1814 1322 1871 annote-

270 1893 410 1959 tionibus
429 1892 502 1957 suis.
552 1892 669 1977 lteque
690 1915 748 1957 nos
769 1894 838 1958 haec
881 1914 923 1958 uo
942 1892 1104 1971 vocabda,
1121 1915 1192 1978 quse
1213 1894 1323 1979 posita

270 1986 346 2043 sunt
360 1978 427 2043 sine
447 1979 648 2055 auctoritate,
665 2000 705 2043 ex
725 1980 908 2064 conjectura
926 1985 1064 2057 tantum,
1086 1978 1176 2043 uncis
1195 1979 1322 2044 conclu·

271 2064 378 2129 simus.
408 2066 528 2131 Binuz.
578 2063 727 2130 Indicant
750 2065 877 2151 quidem
902 2064 982 2130 Ver.
1007 2064 1112 2129 Leott.
1133 2064 1221 2150 apud
1242 2065 1322 2130 edit.

271 2150 375 2215 Oxon.
391 2150 530 2215 collectae
545 2150 610 2215 tria
624 2150 721 2215 verba
734 2172 789 2216 uec
802 2152 957 2236 spirim
971 2153 1118 2215 &caum
1135 2151 1169 2214 in
1183 2159 1324 2237 quatuor

271 2236 332 2300 illis
346 2236 435 2301 libris
450 2235 593 2323 Anglicis
608 2236 736 2312 deesse;
762 2238 818 2301 scd
832 2259 942 2301 revera
960 2237 994 2300 in
1008 2237 1132 2301 duobus
1145 2259 1186 2301 ex
1200 2236 1271 2316 illis,
1288 2236 1322 2302 bi

271 2328 347 2386 erint
370 2322 562 2386 Bodleianus
582 2331 616 2387 et
636 2322 718 2387 Novi
736 2323 866 2409 collegii
884 2323 994 2401 codex,
1016 2344 1038 2386 a
1059 2329 1152 2408 paret
1174 2344 1228 2387 uec
1246 2331 1323 2409 post

272 2408 493 2491 vocemfilium
503 2430 576 2473 oum
587 2408 791 2510 sequentibus
801 2408 1015 2493 conjunctum.
1036 2346 1084 2472 ln
1097 2408 1201 2473 altero
1211 2416 1322 2473 autem

271 2494 477 2579 epistolarum
492 2494 641 2580 prrianr
661 2495 777 2571 codice,
794 2495 847 2580 qui
862 2516 959 2581 penes
973 2502 1023 2559 est
1042 2495 1127 2559 idem
1145 2495 1322 2581 collegium,

270 2580 358 2643 haud
373 2586 464 2645 extat
480 2580 657 2645 Firmiliani
672 2580 817 2666 epistole.

316 2666 355 2730 P.
370 2668 442 2751 236.
459 2666 480 2730 l.
493 2684 543 2749 25.
564 2666 618 2730 ubi
637 2667 813 2752 praesident
832 2668 969 2753 majores
988 2666 1083 2753 natu]
1103 2668 1224 2743 (iraece,
1245 2668 1323 2732 ὅπου

272 2750 474 2835 προκάθηνται
488 2754 517 2817 ol
535 2755 744 2835 πρεσβύτεροι.
789 2753 842 2819 Sic
857 2762 891 2817 et
910 2753 979 2839 jum
993 2775 1090 2838 supra
1105 2754 1323 2831 Firmilianus,

273 2838 349 2903 Mos
362 2838 451 2923 opscd
462 2858 515 2903 oca
520 2838 599 2921 suit,
615 2839 729 2940 inquit,
745 2850 780 2903 ut
791 2862 853 2925 per
864 2839 997 2924 einpuios
1009 2860 1104 2903 mcor
1123 2840 1263 2904 seniores
1279 2843 1327 2925 (cl

272 2926 483 3006 πρεσβύτεροι)
500 2934 527 2989 ci
562 2926 697 3009 roepcceti
711 2926 747 2989 iu
760 2947 855 2990 unum
869 2926 1087 2990 oocomimuus.
1104 2927 1133 3009 ξ.
1145 2926 1189 2990 iii.
1204 2950 1236 3012 p.
1248 2945 1325 3007 224.

273 3009 422 3095 Utroque
440 3010 509 3075 loco
549 3011 743 3097 esignantur,
757 3012 791 3075 ni
809 3010 911 3090 fallor,
931 3011 1102 3096 superioris
1121 3012 1250 3090 ordinis,
1264 3033 1324 3077 seu

272 3094 327 3245 zui
341 3096 521 3180 praesident,
538 3098 724 3183 presbyteri.
754 3097 973 3162 Praedonem
986 3098 1130 3163 nominat
1140 3099 1326 3184 episcopum

301 3181 487 3247 ertullianus
511 3182 545 3247 in
569 3181 623 3247 lib.
648 3184 685 3248 de
707 3183 872 3249 Pudicitia
895 3204 966 3270 cap.
985 3204 1033 3265 14·
1059 3191 1093 3249 et
1115 3183 1170 3249 illo
1195 3185 1326 3270 quidem

265 3266 510 3421 ssucsbytmm
523 3268 649 3333 nomine
664 3269 804 3356 episcopi
823 3292 844 3334 a
857 3271 1017 3335 veteribus
1036 3270 1197 3335 interdum
1215 3293 1258 3356 ap
1299 3271 1327 3334 l·

328 3361 396 3429 tur;
413 3375 487 3419 raro
498 3354 643 3434 vicissim,
653 3354 749 3441 idque
757 3356 1050 3421 accommodatione
1059 3358 1240 3422 tantumad
1278 3365 1325 3422 et.

275 3436 481 3519 Testlocum,
493 3440 697 3526 epsicopum
707 3441 803 3507 titulo
813 3443 974 3507 donentur
984 3442 1173 3591 presbyteri.
1196 3442 1325 3509 Confer.

273 3526 447 3592 Annotatt.
459 3527 502 3591 ad
513 3527 630 3593 Ooncil.
639 3535 754 3594 contra
763 3528 905 3593 Noetum
914 3528 974 3593 vol.
1004 3528 1032 3592 l.
1047 3528 1222 3615 Relipaicr.
1233 3532 1326 3596 Scor.

272 3634 304 3699 p.
313 3626 388 3699 377.
410 3612 464 3677 ubi
479 3621 588 3678 tamen
601 3614 706 3679 minus
724 3622 813 3680 recte
832 3614 995 3679 dubitasse
1014 3636 1066 3679 me
1084 3614 1197 3695 fateor,
1213 3623 1327 3681 utrum

272 3700 379 3785 plures
393 3698 531 3785 episcopi
545 3699 579 3763 in
593 3722 701 3779 unum,
716 3700 827 3765 sivein
838 3700 1024 3786 provinciali
1034 3701 1175 3779 concilio,
1187 3702 1325 3779 collecti,

265 3782 439 3871 presbytcri
451 3785 550 3851 tertio
563 3785 678 3851 saeculo
690 3787 828 3851 ecclesiia
838 3786 1088 3852 nominarentur.
1120 3788 1223 3851 Porro
1237 3788 1328 3873 apud

273 3872 456 3957 episcopum
466 3872 562 3937 sitam
572 3893 641 3937 esse
651 3879 847 3958 potestatem
857 3872 939 3937 ritus
947 3894 1057 3937 omnes
1067 3873 1324 3952 administrandi,

273 3957 466 4043 baptizandi,
486 3958 645 4036 offerendi,
665 3980 794 4024 manum
812 3958 1003 4044 imponendi,
1022 3959 1200 4037 ordinandi,
1216 3960 1326 4025 crede-

273 4043 354 4109 bant
368 4043 512 4128 antiqni3
539 4043 595 4108 sed
615 4050 656 4109 et'
666 4044 862 4131 presbyteris
875 4045 979 4121 licere,
995 4051 1033 4109 ut
1051 4045 1167 4109 muniti
1186 4046 1326 4110 auctori·

274 4136 344 4193 tate
365 4128 504 4214 episcopi
525 4130 567 4193 ba
588 4129 725 4196 tizarent
746 4138 843 4215 atque
868 4130 1027 4196 offerrent
1070 4130 1184 4196 Dandi
1202 4132 1329 4233 quidem

291 4214 497 4297 batismum)
591 4224 603 4279 l
617 4216 673 4299 jos
693 4238 826 4281 summus
847 4216 996 4295 mdes,
1020 4217 1075 4302 qui
1097 4228 1140 4283 est
1160 4239 1326 4304 apiacum

344 4298 772 4387 impresipterietdiccoci
793 4304 1329 4392 mutomeosimepisccpiuude
