2867 4817
274 305 339 367 124
664 306 935 372 PRAEFATIO.

274 474 360 552 lices,
383 472 644 559 (lhrysostomum
665 474 746 541 talia
767 498 967 562 nequequam
989 475 1160 562 scripsisse,
1180 485 1217 542 et
1236 476 1333 542 Mar-

274 585 379 669 tyrem
401 598 465 640 uon
491 576 587 639 modo
609 576 787 662 deceptum,
812 579 868 643 sed
893 578 1015 643 fraudis
1039 578 1218 657 authorem,
1245 602 1331 665 opus

275 679 426 765 spurium,
442 686 476 743 et
490 679 608 758 forsan,
624 680 724 744 Annii
739 680 952 747 viterbiensis
968 680 1243 767 impostorumque
1258 683 1330 767 plu·

274 782 426 847 rimorum
437 787 507 845 arte
518 788 552 845 et
562 781 725 861 methodo,
734 782 816 847 hano
829 782 1007 868 Epistulam
1018 780 1155 863 finxisse,
1170 792 1208 849 ut
1219 785 1332 849 fuum

275 882 408 947 inimicis
422 882 552 947 iaceret.
582 882 628 947 Et
642 905 753 948 revera
766 885 863 950 latuit
878 884 1035 969 Epistola,
1047 886 1148 951 donec
1160 886 1331 952 Emericus

274 984 428 1070 Bigotius,
440 984 517 1048 mihi
528 1006 549 1047 a
563 984 681 1048 teneris
691 985 784 1049 annis
794 986 838 1050 ad
849 993 985 1051 mortem
996 1008 1096 1072 usque
1104 988 1329 1065 amicissimus,

275 1086 328 1171 qui
342 1109 385 1151 au
400 1084 577 1151 eruditione
594 1086 783 1166 vastissima,
799 1095 858 1153 aut
875 1110 998 1153 morum
1017 1089 1203 1175 integritate
1217 1092 1330 1176 potius

273 1188 396 1254 laudari
423 1189 549 1266 debeat,
573 1188 726 1255 indubio
751 1189 888 1275 reliquit,
912 1191 994 1256 hane
1015 1212 1055 1255 ex
1079 1192 1191 1257 eodem
1217 1194 1330 1257 codice

272 1293 359 1375 apud
373 1291 599 1357 Dominiesnos
609 1291 769 1371 latitante,
782 1292 950 1378 descripsit
960 1300 994 1359 et
1008 1294 1041 1357 in
1055 1292 1192 1359 Galliam
1203 1295 1329 1359 ettulit.

272 1393 372 1457 Artes
397 1394 625 1459 monachorum
650 1395 705 1479 qui
728 1404 869 1473 noverat,
896 1417 960 1473 eos,
986 1394 1143 1481 Martyris
1167 1398 1327 1481 exemplo,

272 1495 394 1573 celavit,
410 1503 444 1560 et
458 1497 642 1580 frequenter
651 1519 761 1561 eorum
781 1498 1006 1563 bibliothecam
1024 1498 1216 1582 pervolvens,
1233 1498 1329 1584 plura

272 1620 313 1661 ex
326 1597 397 1663 aliis
411 1596 572 1664 codicibus
586 1600 763 1685 descripsit,
780 1606 817 1665 ut
837 1600 996 1665 iutentmn
1017 1599 1196 1675 obtineret3
1220 1610 1256 1665 et
1273 1624 1327 1676 ne,

272 1698 445 1765 dilacerato
459 1700 575 1777 codice,
591 1700 713 1765 fraudis
727 1700 870 1767 accusari
884 1709 993 1787 posset
1007 1703 1094 1787 apud
1109 1703 1262 1782 eruditos
1279 1704 1327 1768 in-

271 1809 397 1887 tegmm
410 1802 548 1888 reliquit.
578 1801 653 1867 Hoc
666 1803 851 1889 opusculum
866 1802 899 1868 iu
914 1802 1016 1869 lucem
1031 1812 1102 1869 erat
1121 1804 1329 1891 proditurum

271 1924 342 1966 eum
352 1903 420 1968 vita
429 1903 648 1989 chrysostomi
658 1926 680 1969 a
691 1904 836 1969 Palladio
848 1904 976 1991 scripta,
991 1912 1025 1971 et
1036 1904 1163 1992 scriptis
1174 1904 1326 1978 Patr-um,

271 2024 341 2089 quae
363 2003 511 2091 Bigotius
528 2006 708 2071 itinerando
728 2007 1008 2093 transscripserat:
1043 2008 1100 2071 sed
1123 2028 1271 2072 censores
1289 2008 1328 2071 li-

270 2106 400 2171 brorum
414 2108 444 2172 ei
458 2108 547 2173 litem
560 2109 799 2174 intentavenmt
814 2110 899 2175 eirea
912 2110 1016 2174 locum
1031 2110 1173 2195 superius
1192 2132 1214 2174 a
1227 2110 1326 2175 nobis

270 2208 464 2284 indicatum
489 2217 667 2275 metuentes
689 2211 809 2275 scilieet
834 2211 1022 2296 triumphos,
1047 2232 1126 2296 quos
1149 2230 1189 2274 ex
1215 2210 1325 2275 verbis

270 2412 479 2477 autoritatem
493 2414 613 2499 regiam
628 2414 919 2499 interpellaverunt.
951 2414 975 2477 J
976 2415 1056 2480 ussit
1070 2436 1127 2478 rex
1143 2413 1326 2499 Epistolam

270 2514 313 2579 ad
327 2513 510 2591 (laesarium,
522 2516 591 2599 jam
605 2515 735 2593 editam,
752 2516 927 2581 dssecerari.
968 2518 1203 2602 Argumentum
1221 2516 1325 2581 habes

270 2624 304 2688 iu
317 2617 440 2691 lacuna,
455 2638 527 2702 quoe
541 2624 615 2703 post
629 2617 767 2682 Palladii
779 2618 888 2683 Vitam
901 2620 1118 2705 Ohrysostomi
1132 2619 1325 2684 observatur

270 2740 291 2783 a
314 2718 431 2804 pagina
451 2736 524 2802 235.
547 2719 590 2782 ad
615 2737 687 2803 245.
735 2720 893 2786 Poenituit
917 2721 1119 2805 postmodum
1147 2721 1189 2785 D.
1202 2720 1323 2798 Fame,

270 2820 406 2884 amioum
435 2820 563 2905 Bigotit
588 2827 622 2884 et
650 2828 760 2885 tamen
786 2822 905 2886 consilii
931 2830 999 2886 tam
1024 2822 1123 2907 iniqui
1152 2827 1323 2897 autorem

270 2922 387 3008 quippe
401 2922 455 3007 qui
472 2923 620 2987 maluerit
638 2921 676 2986 P.
688 2923 868 3008 Martyrem
889 2946 910 2988 a
931 2922 1062 2988 erimine
1080 2923 1231 2989 falsitatis
1245 2924 1324 2987 olim

270 3025 396 3114 objecto
410 3024 571 3103 vindicari,
584 3047 681 3110 quam
695 3026 958 3110 Ohrysostomum
968 3026 1324 3091 transsubstantiaticui

271 3123 461 3210 oppositum,
483 3124 545 3188 hac
565 3125 735 3209 iniquitate
758 3125 894 3211 publica,
915 3125 1077 3189 confiteri:
1100 3125 1156 3189 sed
1177 3124 1279 3191 latam
1301 3148 1325 3191 a

269 3248 372 3311 pauco
384 3234 530 3311 tempore
544 3228 736 3293 senteutiam
750 3227 886 3313 impulsu
901 3249 1066 3291 censorum
1081 3248 1137 3291 rex
1155 3227 1258 3293 noluit
1272 3248 1322 3292 re-

269 3350 390 3393 vocare.
422 3328 568 3392 Perierat
583 3350 658 3414 ergo
669 3330 773 3393 denuo
784 3330 852 3393 haeo
864 3327 1020 3415 Epistola,
1030 3336 1064 3394 et
1075 3338 1198 3394 aetemo
1208 3330 1322 3395 luisset

269 3430 422 3494 damnata
437 3429 570 3507 silentio,
586 3430 646 3494 nisi
661 3438 788 3495 nostras
799 3430 832 3493 iu
845 3452 958 3495 manus
973 3430 1135 3495 invidisset
1146 3430 1323 3516 Exemplar

269 3532 398 3617 aliquod
424 3532 638 3619 Bigotianum
665 3535 750 3617 quod
776 3532 892 3618 publici
912 3533 994 3616 juris
1018 3532 1148 3597 fecimus
1172 3533 1215 3597 ab
1235 3554 1322 3598 anno

273 3636 366 3717 1687.
401 3636 466 3719 [At
480 3656 555 3699 vero
569 3636 685 3700 scimus
698 3656 827 3700 recusas
841 3634 937 3699 fuisse
952 3656 1036 3698 auno
1055 3636 1136 3699 1686
1152 3634 1184 3697 in
1199 3634 1322 3720 Anglia

269 3736 328 3800 has
358 3736 492 3801 schedas
523 3736 730 3823 Bigotianas;
770 3737 833 3801 imo
864 3736 960 3800 etiam
994 3736 1204 3801 antecedente
1235 3756 1322 3800 suno

270 3836 449 3923 Epistolam
477 3839 520 3903 ad
549 3839 723 3903 Gaesarium
754 3838 900 3925 Lugduni
935 3838 1131 3903 Batavorum
1155 3859 1176 3902 a
1206 3838 1320 3923 Steph.

272 3940 461 4024 Lemoynaeo
480 3940 601 4025 publici
624 3940 707 4024 juris
733 3962 801 4005 esse
824 3941 952 4005 factam.
1000 3940 1052 4005 Sic
1077 3940 1124 4005 ait
1149 3940 1265 4005 Gavius
1289 3942 1322 4005 in

269 4041 411 4105 Hierone
421 4044 580 4107 Litcram'a
591 4065 658 4122 sua,
668 4066 744 4107 voce
754 4043 888 4108 secan.
898 4044 1153 4129 Ohrysostomus‚
1167 4044 1321 4108 “—Tsn-

271 4144 380 4206 “dem
401 4144 511 4229 paucis
533 4145 649 4210 abhinc
670 4146 762 4209 annis
786 4168 814 4209 v.
838 4146 875 4209 cl.
899 4146 1063 4210 Emericus
1086 4146 1232 4232 Bigotius
1253 4166 1322 4211 ver-

271 4252 290 4277 “
306 4242 424 4303 sionem
445 4243 540 4305 istam
560 4263 599 4305 ex
620 4244 727 4306 codice
750 4244 935 4308 Florentino
950 4246 982 4309 iu
1003 4246 1194 4310 bibliotheca
1209 4246 1320 4311 Domi-
