2867 4817
285 268 329 332 24
396 269 428 334 S.
452 269 656 336 CYRILLI
680 270 829 337 ALEX.
855 272 921 337 AD
946 271 1236 338 NESTORIUM

288 439 358 524 ὑπὸ
388 443 507 544 νόμον,
539 445 652 526 καίτοι
681 444 852 545 λαλήσας
884 443 990 529 αύτὸς
1023 445 1088 526 τὸν
1121 445 1247 546 νόμον,
1281 451 1342 527 καὶ

287 569 479 670 νομοθέτης
497 571 667 676 ὑπάρχων
685 575 734 656 ὡς
752 569 855 656 Θεύς.

800 757 837 807 θ’.

344 847 621 952 Παραιτούμεθα
651 847 689 929 δὲ
721 849 840 951 λέγειν
871 852 931 930 ἐπὶ
962 855 1140 954 Χριστοῦ·
1182 849 1244 930 διά
1273 851 1341 931 τὸν

287 983 470 1084 φοροῦντα
502 972 566 1055 τὸν
598 976 821 1083 φορούμενον
849 977 964 1071 σέβω·
1004 975 1064 1056 διὸ
1091 975 1156 1058 τὸν
1184 977 1366 1081 ἀύρατονς

284 1109 479 1208 προσκυνῶ
510 1099 574 1182 τὸν
604 1104 794 1208 ὁρώμενον.
844 1103 994 1211 φρικτὸν
1026 1104 1065 1185 δὲ
1096 1103 1188 1207 πρὸς
1222 1108 1342 1214 τούτῳ

286 1232 425 1337 κᾴκεῖνο
443 1236 564 1311 εἰπεῖν·
599 1233 620 1311 ὁ
638 1235 791 1339 ληφθεὶς
808 1239 861 1342 τῷ
882 1230 1036 1328 λαβόντι
1057 1235 1342 1338 συγχρηματίζει

286 1357 392 1442 Θεός.
428 1358 448 1436 ὁ
477 1357 549 1462 γάρ
578 1367 692 1440 ταῦτα
717 1359 838 1462 λέγων
865 1359 1038 1458 διατίμνει
1060 1357 1173 1440 πάλιν
1197 1367 1246 1446 είς
1274 1361 1342 1442 δύο

285 1482 469 1590 Χρωτοθς
508 1485 579 1584 (for.
603 1504 727 1564 addend.
746 1526 784 1565 ex
801 1517 860 1565 vet.
883 1507 995 1588 Interp.
1027 1484 1091 1567 τὸν
1128 1487 1191 1567 ἕνα
1221 1487 1341 1597 ὅπα),

284 1616 343 1694 καὶ
371 1613 561 1716 ἄνθρωπον
592 1612 740 1712 ἵστησιν
767 1609 836 1692 ἀνὰ
861 1611 968 1716 με’ρος
995 1618 1121 1712 Ξδικῶς,
1151 1618 1210 1695 καὶ
1241 1617 1341 1697 Θεὸν
1356 1648 1387 1686 10

285 1740 426 1840 ὁμοίως.
469 1742 625 1843 ἀρνεῖται
656 1738 729 1843 γάρ
761 1740 1057 1841 ὁμολογουμένως
1092 1741 1160 1842 τήν
1195 1742 1341 1842 ἕνωσιν,

284 1869 362 1948 καθ
382 1865 427 1967 ήν
445 1867 512 1972 οὐχ
529 1869 578 1950 ῶς
596 1865 712 1969 ἔτερος
733 1868 771 1945 ἐν
794 1866 901 1974 ἑτέρῳ
919 1871 1253 1973 συμπροσκυνεῖταί
1272 1905 1339 1969 τις,

284 1997 364 2106 οὔτε
376 1993 448 2096 μήν
459 1991 740 2100 ονγχρηματίζει
752 1991 857 2090 Θεὸς,
870 1995 955 2073 ἀλλ’
971 1994 1020 2081 εἷς
1035 2004 1163 2077 νοεῖται
1173 1997 1341 2102 Χριστὸς

282 2123 435 2224 Ἰησοῦς,
461 2121 534 2207 υίὸς
559 2119 763 2225 μονογενής,
781 2126 847 2227 μιᾷ
872 2121 1119 2226 προσκυνήσει
1139 2126 1339 2226 τιμώμενος

282 2249 373 2350 μετά
396 2254 461 2350 τῆς
484 2250 573 2334 ἰδίας
596 2247 743 2352 σαρκός.
774 2251 1023 2352 ὁμολογοῦμεν
1044 2251 1083 2332 δὲ
1105 2252 1160 2333 ὅτι
1183 2253 1291 2339 αι’ττὸς
1317 2257 1386 2351 615

283 2381 323 2459 ἐκ
348 2383 443 2459 θεοῦ
461 2375 597 2483 πατρὸς
614 2379 795 2480 γεννηθεὶς
820 2375 903 2476 υίὸς,
925 2381 985 2458 καὶ
1012 2377 1106 2464 Θεὸς
1129 2382 1339 2484 μονογενὴς,

283 2507 396 2586 καίτοι
415 2504 638 2612 κατὰφύσιν
661 2507 753 2585 ίδίαν
775 2503 944 2610 ύτάρχων
968 2505 1119 2606 ἀπαθής,
1138 2513 1247 2612 σαρκὶ
1264 2511 1336 2591 τιέ-

281 2638 413 2715 πονθεν
438 2630 526 2737 ὑπὲρ
550 2632 651 2730 ἡμῶν
673 2628 766 2710 κατὰ
789 2630 854 2716 τὰς
874 2631 1031 2740 γραφάς,
1061 2638 1120 2714 καὶ
1147 2632 1193 2734 ήυ
1216 2638 1255 2716 ἐν
1282 2646 1340 2746 τῷ

282 2760 524 2865 σταυρωθέντι
542 2758 685 2858 σώματι
700 2755 747 2837 τὸ
763 2764 828 2858 τής
845 2759 936 2844 ἰδίας
953 2759 1089 2865 σαρκὸς
1109 2765 1258 2847 ἀπαθῶς
1276 2771 1334 2844 οῦ-

281 2887 480 2989 κειούμενος
506 2884 618 2986 πύθη.
657 2883 777 2991 χάριτι
804 2886 842 2966 δὲ
866 2892 962 2968 Θεοῦ
992 2891 1051 2968 καὶ
1081 2887 1169 2992 ὑπὲρ
1198 2891 1338 2976 παντὸς
1350 2921 1388 2960 ²0

281 3015 456 3120 ἐγεύσατο
474 3013 630 3095 θανάτου
641 3023 668 3113 ⁸,
687 3013 803 3098 διδούς
818 3016 913 3121 αὐτῷ
930 3011 973 3094 τὸ
983 3013 1073 3094 ’ίδιον
1083 3022 1204 3117 σῶμα,
1219 3019 1339 3100 καίτοι

281 3141 374 3225 κατὰ
391 3141 506 3252 φύσιν
524 3141 695 3247 ἀντάρχων
712 3138 794 3244 ζωή,
811 3143 870 3220 καὶ
888 3137 993 3226 αύτὸς
1009 3139 1061 3222 ῶν
1078 3143 1333 3243 ήάνάστασις.

281 3273 340 3352 ἵνα
357 3269 429 3376 γάρ
447 3269 589 3378 ἀῤῥήτιρ
607 3267 754 3369 δυνάμει
770 3265 939 3368 πατήσας
956 3267 1020 3350 τὸν
1037 3267 1204 3371 θάνατον,
1223 3275 1272 3358 ῶς
1294 3275 1336 3354 ἔν

280 3435 323 3503 γε
341 3398 386 3500 υ
404 3400 529 3505 μοι
542 3399 614 3500 ιο.
632 3395 877 3502 πρασιή,
895 3402 1105 3503 vimara
1121 3399 1193 3507 νο
1210 3405 1334 3505 σου,

281 3526 426 3630 γίνηται
438 3522 663 3630 πρωτότοκος
681 3525 721 3605 ἐκ
734 3529 877 3628 νεκρῶν,
892 3527 950 3604 καὶ
963 3522 1109 3629 ἀπαρχὴ
1127 3531 1199 3605 τῶν
1212 3559 1328 3607 κεκοι-
1345 3567 1361 3606 2
1364 3567 1382 3625 5

281 3655 458 3756 μημένωυ,
481 3649 679 3758 ὃδοποιήσῃ
697 3685 736 3731 τε
760 3656 806 3757 τῇ
829 3661 894 3732 τοῦ
917 3651 1107 3756 ἀνθρῶυου
1132 3651 1242 3759 φύσει
1264 3653 1333 3755 τήν

281 3788 329 3866 εἷς
348 3782 558 3888 ἀφθαρσίαν
575 3778 791 3884 ἀναδρομὴν,
808 3776 926 3885 χάριτι
939 3784 1045 3877 Θεοῦ,
1061 3777 1222 3882 καθάπερ
1235 3779 1330 3888 ἔφη·

280 3943 347 4010 μεν
361 3910 499 4012 ἀρτίως,
513 3907 601 4014 ύτέρ
614 3905 749 3991 παντὸς
766 3906 941 4010 ἐγεύσατο
955 3905 1122 3987 θανάτου·
1143 3905 1331 4011 τριήμερος

281 4035 320 4118 δὲ
347 4037 477 4133 ἀνεβίω
505 4036 711 4122 σκυλεύσας
739 4035 803 4116 τὸν
829 4032 932 4142 ᾅδην.
963 4033 1058 4115 ὥστε
1086 4032 1154 4142 κᾷν
1179 4035 1331 4138 λέγηται

707 4224 723 4257 ⁸
737 4211 816 4273 neb.
830 4211 861 4272 ii.
876 4231 905 4290 9.
