2867 4817
272 310 337 373 118
625 310 968 375 TERTULLIANI

270 483 533 555 solemnitatem
551 486 796 580 dispungimur
813 483 905 581 (sor.
927 484 1153 557 solemnitate
1177 486 1322 580 dispun-

269 603 392 696 gitur).
444 601 614 673 Ceterum
637 604 734 673 omni
758 602 815 673 die
839 604 916 695 quis
934 602 1075 673 dubitet
1097 611 1322 696 prosternere

271 742 309 790 se
326 718 407 790 Deo
424 718 481 790 vel
504 720 618 813 prima
639 719 767 791 saltem
791 723 959 803 oratione,
977 744 1048 813 qua
1070 719 1185 791 lucem
1203 722 1323 815 ingre-

271 838 397 907 dimur.
449 837 600 930 Jejuniis
625 846 748 909 autem
773 846 811 908 et
840 837 1052 909 stationibus
1081 836 1179 907 nulla
1206 840 1322 909 oratio

270 954 346 1024 sine
361 977 466 1048 genu,
484 964 522 1026 et
538 954 674 1047 reliquo
686 953 899 1025 humilitatis
915 978 1014 1025 more
1027 954 1239 1025 celebranda
1252 963 1350 1039 ests

271 1072 358 1142 Non
387 1074 482 1143 enim
509 1096 648 1144 oramus
675 1081 828 1155 tautum,
857 1074 919 1143 sed
948 1082 987 1143 et
1014 1074 1253 1165 deprecamur,
1282 1082 1322 1143 et

269 1188 503 1259 satisfacimus
533 1188 612 1260 Deo
643 1188 799 1260 Domino
829 1197 960 1260 nostro.
1012 1189 1070 1260 De
1099 1190 1322 1283 temporibus

270 1306 437 1376 orationis
466 1305 724 1377 nihilomnino
755 1307 999 1400 praescriptum
1027 1315 1091 1389 est,
1117 1308 1184 1377 nisi
1214 1306 1322 1400 plane

270 1424 365 1492 omni
383 1425 421 1493 in
437 1432 599 1517 tempore
616 1431 653 1494 et
670 1422 749 1493 loco
768 1446 876 1494 orare.

218 1589 226 1602 .
322 1539 394 1610 Sed
421 1541 598 1634 quomodo
625 1541 721 1611 omni
745 1540 833 1622 loco,
864 1562 973 1632 quum
1004 1538 1253 1632 prohibeamur
1283 1542 1377 1611 iuro

208 1654 235 1736 ,’
271 1656 437 1749 publico?
474 1655 589 1741 Omni,
611 1658 736 1749 inquit,
760 1657 795 1745 (1
816 1658 860 1727 ad
878 1656 968 1725 Tim.
982 1656 1017 1725 ii.
1037 1658 1086 1747 8.)
1107 1652 1189 1737 boo,
1212 1678 1322 1747 quem

271 1775 524 1866 opportunitas,
541 1783 604 1845 aut
621 1777 730 1845 etiam
749 1774 938 1845 necessitas
961 1775 1179 1866 importaret.
1233 1772 1321 1842 Nou

271 1892 366 1960 euim
391 1898 515 1961 contre
536 1900 755 1984 praeceptum
780 1898 966 1984 reputatur
987 1891 1033 1960 ab
1056 1889 1224 1983 apostolis
1248 1891 1323 1961 fac-

270 2015 358 2089 tum,
376 2009 436 2099 qui
454 2008 491 2077 in
513 2031 652 2079 carcere
675 2008 901 2078 audientibus
918 2007 1086 2077 custodiis
1110 2007 1258 2077 orabant
1282 2016 1322 2078 et

270 2125 444 2194 canebant
463 2124 551 2207 Deo,
563 2126 657 2219 apud
675 2124 828 2197 Paulum
840 2122 932 2220 (sor.
950 2132 1013 2194 aut
1030 2146 1052 2193 a
1066 2122 1178 2194 Paulo
1192 2122 1323 2195 Mura-
1339 2156 1348 2195 r
1355 2155 1373 2214 5

271 2242 367 2334 tori.)
385 2244 445 2335 qui
462 2244 499 2311 in
515 2243 596 2313 nari
613 2265 732 2313 coram
750 2242 913 2312 omnibus
930 2240 1179 2311 eucharistiam
1196 2240 1294 2313 fecit.

223 2403 230 2418 ·
323 2358 381 2430 De
405 2368 563 2452 tempore
586 2383 670 2430 vero
693 2382 766 2429 non
789 2360 856 2429 erit
880 2360 993 2429 otiosa
1015 2359 1235 2429 extrinsecus
1257 2357 1323 2428 ob-

105 2435 423 2565 afflasservatio
445 2478 553 2547 etiam
575 2476 740 2547 boramm
765 2478 1007 2569 quarumdam.
1059 2474 1212 2545 Istorum
1239 2474 1322 2546 dico

271 2595 523 2677 communium,
549 2618 630 2687 quae
659 2595 730 2665 diei
759 2594 967 2686 interspatia
991 2593 1107 2687 signat
1133 2590 1227 2688 (sor.
1251 2593 1324 2687 sig-

269 2715 382 2806 nant),
404 2712 520 2794 tertia,
542 2719 654 2795 sexta,
675 2733 778 2793 nona,
797 2732 883 2803 quas
906 2708 1134 2780 solemniores
1151 2709 1188 2779 in
1213 2710 1375 2803 scrip-20

270 2832 359 2901 turis
376 2830 533 2900 iuvenire
551 2837 614 2899 est.
666 2827 808 2899 Primus
829 2827 982 2921 Spiritus
1003 2827 1156 2898 Sanctus
1173 2850 1324 2921 cougre-

268 2949 361 3043 gatis
384 2945 564 3039 discipulis
584 2945 671 3016 hora
695 2946 803 3015 tertia
826 2945 962 3015 infusus
985 2952 1039 3014 est
1064 2942 1320 3038 (acuitis).

270 3063 408 3146 Petrus,
432 3086 502 3155 qua
524 3064 582 3133 die
606 3063 777 3132 visionem
800 3062 1066 3132 communitatis
1090 3061 1204 3131 omnis
1225 3058 1321 3157 (sor.

269 3182 443 3274 omnium)
461 3181 498 3249 in
520 3178 582 3249 illo
600 3178 741 3248 vasculo
762 3187 930 3272 expertus
952 3186 1017 3262 est,
1035 3187 1138 3249 sexta
1159 3178 1246 3248 hora
1266 3202 1323 3249 as-

270 3297 437 3368 cenderat
454 3296 576 3366 orandi
596 3296 711 3389 gratia
732 3296 769 3364 in
791 3296 979 3388 superiora.
999 3294 1061 3385 (ib.
1079 3318 1113 3364 x.
1128 3297 1178 3385 9.)
1215 3293 1320 3366 Idem
1334 3329 1372 3389 ²5

268 3437 351 3484 cum
368 3413 507 3484 Joanne
524 3414 569 3483 ad
586 3434 716 3483 nonam
734 3414 771 3482 in
788 3412 962 3505 templum
980 3412 1110 3495 adibat,
1129 3412 1191 3500 (ib.
1202 3412 1250 3481 iii.
1268 3416 1320 3507 l.)

269 3531 330 3600 ubi
348 3528 579 3623 paralyticum
596 3530 739 3599 sanitati
762 3530 967 3601 reformavit
987 3552 1072 3601 suae.
1121 3528 1170 3599 Et
1187 3530 1216 3599 si
1235 3529 1321 3600 sim-

268 3647 409 3742 pliciter
441 3670 479 3717 se
507 3646 662 3717 habeant
692 3648 768 3717 sine
799 3645 906 3717 ullius
942 3646 1194 3717 observationis
1227 3670 1321 3740 prae·

268 3773 384 3859 cepto,
410 3764 543 3835 bonum
573 3772 695 3834 tamen
725 3764 771 3833 sit
800 3762 954 3856 aliquam
984 3764 1200 3834 constituere
1227 3786 1321 3856 prae·

268 3884 494 3965 sumtionem,
511 3904 582 3975 qua
603 3878 696 3977 (sor.
718 3884 813 3975 quae)
837 3889 874 3951 et
895 3882 1016 3951 orandi
1039 3882 1318 3952 admonitionem
1330 3918 1372 3976 30

270 3996 364 4094 (sor.
382 3999 638 4090 admonitione)
655 4000 883 4093 constringat,
901 4006 939 4068 et
956 4000 1054 4091 quasi
1076 3998 1155 4094 lege
1176 4000 1221 4069 ad
1246 3998 1320 4071 tale

268 4139 398 4186 munus
414 4124 625 4207 extorqueat
641 4138 663 4185 a
678 4116 830 4210 negotiis
848 4116 1048 4199 interdum3
1073 4125 1115 4185 ut
1132 4117 1225 4207 quod
1246 4115 1319 4187 Da·

268 4230 351 4302 nieli
370 4231 430 4319 (vi.
446 4235 519 4323 10.)
539 4254 679 4323 quoque
696 4231 847 4326 legimus
870 4231 1105 4312 observatum,
1124 4232 1248 4323 utique
1270 4254 1317 4303 ex
