2867 4817
195 326 247 391 IN
272 328 306 392 S.
330 327 470 393 CYPR.
495 328 559 393 DE
582 329 775 395 IDOLOR.
800 331 1065 397 VANITATE.
1099 332 1165 402 339

113 498 184 650 {lin
210 521 273 649 ‹ffio
295 498 482 651 10400οᾚ
504 501 832 652 Arimatheahootppus
853 501 937 603 illius
949 502 1164 652 {prolueretf

114 608 228 737 seii„
243 607 385 737 tal}
399 608 752 760 0031110101.
765 611 940 760 matt
954 596 1164 761 1:55?th

113 759 265 843 Cypriani
280 756 379 822 editio
394 758 548 837 Romana,
571 782 704 846 quaeque
723 760 777 824 rix
796 760 881 838 alibi,
898 762 982 846 quod
997 762 1105 842 seiam,
1121 764 1163 827 ab

112 866 154 909 ea
176 844 320 921 discedit,
337 844 476 929 positum
498 853 548 909 est
569 847 674 910 rudes
719 846 800 911 Haeo
821 868 884 911 vox
906 848 1018 912 itidem
1040 848 1074 912 in
1099 848 1160 913 edi-

111 931 202 995 tione
213 931 351 1016 quadum
359 937 486 996 vetusta
497 932 564 996 sine
574 932 643 997 1000
653 940 687 998 et
700 954 785 998 anno
795 940 967 1017 comparet,
980 934 1013 998 in
1024 934 1163 1000 editione

112 1038 239 1102 qnoque
250 1017 440 1082 Erasmiana
451 1027 484 1082 et
496 1018 528 1081 in
543 1020 613 1082 eod.
627 1018 706 1083 Nov.
724 1019 800 1084 Ooll.
814 1038 845 1104 3.
861 1019 929 1084 siue
938 1042 1032 1084 sensu
1042 1027 1161 1087 tamen.

112 1104 219 1183 Quam
232 1102 332 1167 facilis
346 1102 469 1169 interea
483 1104 639 1170 transitus
649 1112 735 1171 esset
745 1105 831 1171 voois
837 1106 971 1189 meaos,
981 1106 1160 1189 veljrmotia

111 1189 145 1252 in
160 1190 295 1253 alteram
310 1188 426 1253 annu
446 1190 519 1255 inde
538 1197 638 1276 patet,
659 1192 745 1276 quod
763 1192 796 1255 in
816 1192 923 1255 oodioe
939 1192 1020 1256 Novi
1034 1192 1113 1258 0011.
1133 1215 1160 1257 1.

109 1272 390 1444 apppdgirmiliani
405 1276 572 1361 epistolam
590 1277 641 1341 hae
656 1298 748 1342 voees
761 1277 846 1342 inter
862 1300 897 1342 se
917 1278 1161 1344 ooniuuduntur.

141 1384 152 1425 1
176 1410 185 1425 .
224 1411 231 1424 .
268 1380 296 1424 2.

155 1448 194 1510 P.
211 1380 319 1529 27211.
335 1469 383 1533 19.
400 1448 512 1513 ultoris
522 1448 629 1533 vigore
639 1455 675 1513 et
684 1448 802 1534 judicis
813 1447 990 1535 potestate]
1009 1448 1162 1515 Fortasse

109 1533 140 1597 le
181 1534 279 1597 ndum
301 1541 359 1613 est
383 1534 419 1598 io
438 1534 555 1599 alteas¹
602 1534 704 1599 Panlo
726 1556 824 1622 supra
845 1535 956 1604 soribit
973 1535 1159 1621 Cyprianus,

146 1640 185 1683 on
209 1619 400 1704 teullipmdo
417 1622 559 1706 primam
586 1620 748 1685 01000000
772 1622 827 1707 qai
854 1621 890 1685 ia
911 1623 1054 1707 possiem
1076 1644 1161 1708 γνω-

108 1707 228 1770 mear
241 1706 379 1783 moes,
399 1728 493 1771 rmum
503 1716 632 1771 *teretem
650 1707 785 1785 eredunt,
801 1708 928 1794 quierit
946 1707 979 1770 in
999 1714 1161 1793 potestate

107 1792 306 1943 mmuh
328 1792 681 1943 tffieffriumag'
699 1814 781 1943 lpap.
795 1794 882 1944 (leil
901 1793 974 1857 libri
1004 1794 1162 1860 Adversus

180 1900 246 1943 cros.
308 1900 327 1941 x
505 1901 682 1943 remeo.
730 1901 778 1943 ov.
864 1900 919 1943 .1.

153 1964 237 2029 Ibid.
252 1964 274 2027 1.
286 1982 336 2028 21.
353 1964 508 2051 magistro
522 1980 556 2029 et
571 1962 657 2050 Deo]
675 1964 829 2030 Fortasse
843 1965 1010 2030 delendum
1022 1975 1059 2029 ot.
1090 1966 1159 2031 Ha-

107 2050 164 2115 bet
184 2052 285 2116 eodex
301 2050 503 2129 Veronensis,
518 2050 676 2136 probante
696 2051 846 2137 Rigaltio‚
868 2073 929 2115 uon
946 2051 1089 2135 maqiuro
1107 2053 1161 2117 sod

105 2138 183 2216 Deo,
196 2138 359 2222 eodexque
374 2136 455 2202 Novi
471 2137 547 2203 0011.
563 2158 588 2202 1.
604 2138 737 2201 Damon
750 2139 825 2202 Deo.
855 2137 920 2202 Sed
934 2136 1042 2201 malim
1055 2136 1159 2223 legere

104 2224 252 2308 mopiam
277 2224 352 2297 Deo,
378 2231 510 2289 auotore
540 2223 748 2301 Tertulliano,
778 2245 873 2310 quem
969 2221 1078 2287 rianus
1106 2223 1159 2289 hio

106 2309 270 2395 produxit,
327 2310 335 2324 '
370 2309 377 2323 '
436 2310 444 2325 ⁰
467 2310 579 2395 inquit,
595 2330 707 2395 quoque
720 2309 829 2393 difflui
840 2331 949 2395 perer
1024 2331 1159 2395 supra

105 2406 189 2481 cepto
203 2395 348 2545 mepistri
396 2395 425 2460 ei
433 2406 616 2482 peramant.

151 2482 236 2545 Ibid.
270 2500 346 2561 .24.
369 2482 545 2567 ocularent]
572 2482 687 2546 Visum
712 2482 837 2547 darent.
881 2480 1068 2545 Tertulliani
1090 2503 1158 2546 ven-

104 2567 192 2647 bum‚
217 2590 281 2654 quo
305 2568 460 2654 magistro
481 2590 566 2654 saepe
591 2568 768 2654 Cyprianus
789 2589 866 2632 usus
889 2573 948 2633 est.
994 2566 1093 2633 Libro
1117 2568 1158 2633 de

104 2653 306 2721 Paenitentia
337 2676 408 2739 cap.
428 2672 478 2720 12.
512 2654 658 2719 Himedo
682 2654 711 2717 ei
733 2654 927 2718 0000000011
991 2652 1053 2732 ilos,
1076 2654 1159 2718 meir

102 2738 175 2805 illos
187 2740 308 2805 mulera
322 2762 430 2805 mersas
443 2740 480 2804 do
493 2762 546 2805 suo
562 2740 737 2805 chelidonio.
781 2739 827 2804 Et
845 2745 954 2825 metap
977 2738 1062 2803 oriae
1076 2739 1158 2804 libro

103 2826 146 2891 da
165 2826 328 2891 Pudioitia
346 2848 415 2911 oap.
433 2827 463 2891 8.
483 2825 516 2889 in
534 2826 675 2891 vestibus
693 2846 844 2910 purpurae
865 2823 1037 2889 eordandis.
1081 2825 1158 2890 000-

102 2934 224 2977 namus.

150 2998 233 3063 Ibid.
258 2996 281 3061 l.
317 3019 349 3077 4.
374 2997 401 3061 si
426 2997 588 3064 ohneum
613 2996 767 3061 fuerimus
788 2995 901 3080 seauti]
926 2995 1050 3064 [nutui
1080 2996 1156 3060 edit

101 3083 214 3150 Belus.
246 3017 327 3149 Feli
348 3084 425 3148 edit.
451 3084 610 3168 eliaeque).
655 3082 791 3148 Veteres
812 3081 970 3147 editiones
991 3088 1026 3181 et
1044 2999 1156 3181 plures

101 3169 177 3234 libri
192 3176 316 3236 veteres
334 3170 456 3234 habent
472 3170 573 3235 secuti.
619 3168 729 3233 Aliam
743 3168 911 3233 lectionem
925 3168 1027 3231 invem
1042 3189 1076 3231 m
1091 3168 1157 3234 edr-

101 3256 193 3321 tione
208 3278 279 3341 quae
293 3256 411 3320 dieitur
421 3256 530 3322 Gravii
541 3262 575 3321 et
589 3255 622 3319 in
636 3255 677 3319 nli
701 3261 759 3319 uot
769 3254 903 3319 vetustis
912 3253 1154 3340 exemplaribus.

102 3342 247 3409 Libellus
266 3363 396 3443 pneoum
416 3340 594 3407 Mareellini
614 3348 648 3405 et
669 3278 834 3405 liaustu:
858 3340 972 3405 Perdit
986 3340 1066 3405 enim
1079 3340 1115 3404 ia
1128 3361 1158 3404 re

103 3428 281 3493 Clln'sts'uae
309 3428 439 3492 walaia
599 3427 695 3491 10000
716 3427 771 3512 qui
799 3426 912 3491 attat
936 3447 997 3489 000
1020 3426 1157 3512 sepuitw

100 3514 312 3600 dimplens.
335 3514 448 3579 Bsnus.
546 3510 722 3579 vocandum
741 3511 879 3597 jndiesvi
903 3510 1072 3598 pristinam
1095 3512 1156 3577 leo·

101 3600 226 3666 tionem
239 3601 341 3680 mnu,
358 3621 454 3685 quam
468 3599 667 3685 praestabant
685 3598 810 3665 oodioes
823 3620 880 3663 sex
898 3597 1010 3682 scripti
1029 3596 1062 3661 in
1076 3596 1154 3662 edit.

101 3686 209 3752 Oxon.
236 3686 391 3751 nominati
421 3685 562 3771 liberque
588 3684 670 3748 Novi
696 3683 773 3750 0011.
795 3706 820 3748 ι.
851 3684 977 3768 duoque
1006 3705 1047 3747 ex
1074 3682 1155 3749 meis

103 3773 304 3837 Mearmann.
324 3778 358 3837 et
373 3772 553 3837 Drurianus
572 3770 739 3837 vetustior.
784 3770 898 3836 Addua
912 3769 1053 3835 oodioem
1075 3767 1154 3834 Vin-

100 3859 318 3923 dobonensem
333 3880 405 3923 seeo.
421 3859 464 3922 ix.
487 3866 524 3923 ut
545 3881 585 3923 ex
600 3857 756 3942 catalogo
770 3856 881 3921 Denis.
897 3861 1032 3919 oonstet.
1048 3854 1109 3920 vol.
1126 3853 1152 3917 l.

99 3945 162 4009 001.
181 3946 259 4031 580.
303 3944 420 4027 Quidni
448 3944 551 4011 altera
576 3944 670 4009 lectio
698 3942 814 4008 invitati
841 3942 937 4028 hujus
964 3940 1153 4024 interpreta-

99 4040 247 4097 mentum
261 4032 447 4097 densentur!
