2867 4817
285 322 349 385 304
644 320 963 383 LACTANTIUS.

287 496 399 576 posium
414 494 506 554 edidit
521 493 574 551 Ch.
590 495 663 572 Aug.
683 494 876 552 Heumannus
895 493 1059 552 Hanovern
1077 513 1152 552 anno
1171 512 1256 569 1722,
1274 492 1321 551 sed

287 590 350 651 aliis
363 592 433 649 viris
445 590 567 650 eruditis
580 591 753 649 sententiam
767 611 847 649 sunm
862 591 982 649 minime
994 590 1147 669 probavit.)

327 685 343 731 ὓ
357 688 445 748 Liber
459 688 496 747 de
506 688 563 755 Ire,
573 700 604 748 et
618 699 729 768 septem
739 688 822 747 Libri
836 688 1059 749 Institutionum
1073 690 1238 769 saepissime,
1249 692 1322 750 inter
1432 755 1433 784 p

288 786 432 847 Lactantii
446 806 534 865 opera
547 785 618 845 editi
634 796 702 845 sunt
716 805 775 843 una
788 806 855 862 cum
868 787 922 845 bac
939 786 1078 865 Epitoma
1091 788 1223 865 ι’κεφάλς,
1238 788 1280 847 ita
1291 802 1324 847 ut
1432 787 1433 794 '

287 904 350 943 enm
364 883 472 963 legerat
487 867 694 962 Hieronymus,
710 883 868 962 incipiente
881 884 918 943 sb
931 884 978 943 bis
991 885 1095 952 verbis,
1113 885 1192 943 Num
1201 885 1324 965 rijssts'-

289 982 331 1041 tia
345 991 386 1041 est
399 982 459 1040 veri
474 981 531 1039 Dei
541 980 642 1047 cultus.
652 982 703 1040 ubi
717 981 822 1060 incipit
831 980 1002 1041 Lactantius
1011 983 1138 1042 breviter
1148 982 1283 1062 pasequi
1291 1002 1324 1041 ω

288 1098 352 1157 que
372 1079 404 1136 in
424 1078 646 1137 Institutionum
667 1098 756 1158 opere
775 1099 793 1136 a
812 1077 862 1137 lib.
877 1077 918 1136 V.
934 1097 996 1157 cap.
1011 1079 1057 1136 16.
1077 1098 1138 1157 seq.
1157 1078 1324 1139 tradiderat.

289 1174 347 1236 sed
368 1177 412 1235 vir
432 1176 643 1235 eruditissimus
664 1175 890 1256 Christopborus
910 1176 1072 1235 Mattheus
1093 1177 1216 1237 Pfsllius
1234 1178 1267 1235 in
1285 1178 1326 1236 bi·

288 1272 438 1333 bliothecae
459 1272 559 1351 Regin
578 1272 766 1347 Taurinensis
779 1272 878 1333 codice
898 1274 1098 1353 antiquissimo
1112 1274 1273 1355 Epitomen
1290 1274 1326 1332 il.

287 1371 345 1429 lam
366 1369 508 1429 Pentadio
529 1370 612 1429 fratri
634 1392 651 1430 a
670 1371 825 1431 Lactantio
851 1371 973 1431 dicatam
996 1372 1115 1451 reperit,
1134 1372 1279 1451 integram
1297 1384 1327 1431 et

287 1469 431 1550 prioribus
452 1486 503 1525 nv.
524 1468 668 1547 capitibus
688 1468 857 1539 auctiorem,
878 1489 1000 1547 eumque
1014 1468 1134 1528 Parisiis
1147 1490 1226 1528 anno
1243 1487 1324 1545 1712·

287 1566 453 1647 publicavit.
496 1565 668 1644 (Epitomen
686 1566 747 1643 jam
768 1564 877 1625 editsm
896 1567 1051 1637 recensuit,
1066 1577 1156 1645 etque
1176 1568 1327 1647 insigniter

287 1665 461 1733 emendavit,
474 1663 495 1719 J
496 1684 603 1723 osnnes
617 1664 756 1723 Davisius
769 1664 1014 1743 cantabrigiensis
1024 1684 1101 1724 anno
1118 1665 1207 1741 1'718.
1236 1664 1329 1743 Cujus

288 1763 417 1824 editione
437 1764 468 1821 in
489 1761 664 1821 recensendo
678 1760 818 1842 opusculo
835 1762 1018 1838 potissimum
1032 1782 1104 1822 usus
1116 1783 1192 1833 sum,
1206 1762 1261 1823 sed
1278 1762 1329 1821 ad·

288 1860 381 1919 bibita
403 1861 435 1923 in
453 1858 605 1919 consilium
626 1858 867 1919 Bunemsnninns
886 1859 938 1918 illa
957 1880 1078 1941 operum
1100 1861 1233 1920 omnium
1255 1861 1330 1920 Iac·

289 1959 376 2020 tantii
389 1958 525 2025 editione,
541 1978 605 2037 quae
619 1958 727 2037 Lipsiae
748 1958 856 2038 prodiit
869 1976 947 2017 anno
964 1960 1050 2033 1738.
1064 1976 1132 2017 curn
1150 1958 1332 2036 subsequens

289 2075 409 2136 operum
422 2056 568 2115 Lactantii
581 2054 672 2114 editio
687 2054 858 2115 Purisiensis
870 2075 918 2115 me
931 2054 1029 2113 minus
1042 2052 1218 2133 adjuvaret.)

330 2163 342 2191 ⁶
356 2154 416 2213 Hic
429 2164 474 2214 est
487 2152 676 2233 Asclepiades
690 2152 799 2231 dequo
813 2154 983 2213 Lactnntius
996 2152 1048 2211 rii.
1057 2170 1088 2228 4.
1110 2152 1223 2231 Optime
1239 2154 1332 2231 igitur

291 2251 478 2332 Asclepiades
498 2261 596 2311 noster
618 2249 654 2309 de
674 2250 865 2311 Providentia
882 2252 988 2311 summi
1007 2251 1066 2310 Dei
1085 2250 1230 2309 disset-m
1251 2250 1284 2310 in
1302 2271 1333 2309 eo

292 2350 364 2409 libro
378 2370 457 2430 quem
472 2349 587 2429 scripsit
601 2349 639 2408 ad
652 2369 707 2407 me.
751 2349 810 2409 Sed
823 2361 854 2411 et
871 2349 1018 2409 Iaactantii
1028 2347 1066 2408 ed
1078 2348 1285 2428 Asclepisdem
1301 2360 1333 2408 et

291 2446 473 2527 Asclepiadis
487 2446 523 2505 ad
538 2446 724 2505 Lactantium
737 2447 844 2526 scripta
857 2467 1001 2525 nusquam
1013 2446 1101 2505 bodie
1112 2456 1224 2505 extem.

331 2542 348 2587 (ἱ
366 2542 538 2619 (Perierunt
556 2554 622 2602 octo
646 2544 677 2601 bi
697 2542 765 2603 libri
786 2544 992 2623 epistolarum
1013 2542 1092 2603 haud
1115 2543 1218 2603 itidem
1238 2544 1265 2603 is
1284 2544 1332 2604 De

291 2642 417 2723 Opificio
432 2640 490 2700 Dei
511 2640 637 2707 libellus,
652 2639 699 2700 vel
719 2639 770 2699 ille
790 2640 838 2700 De
859 2639 1076 2708 Persecutione‚
1093 2641 1154 2700 sive
1169 2640 1207 2700 de
1228 2642 1331 2703 Perse·

290 2753 425 2802 cutorum
439 2741 598 2810 Mortibus,
613 2762 631 2799 a
642 2740 765 2800 Balusio
778 2740 904 2819 primum
917 2738 1039 2813 editus)

331 2838 480 2917 eCrispus
496 2859 513 2897 a
532 2837 726 2899 Constantino
744 2838 917 2898 interfectus
929 2837 1011 2896 A.C.
1024 2838 1092 2914 326.
1135 2836 1215 2897 Vide
1237 2838 1331 2899 Tille-

290 2938 434 2996 montium
463 2948 542 2995 tomo
566 2948 670 3014 quarto
696 2935 835 2997 Historia
857 2936 1029 3015 Imperator.
1056 2947 1087 2996 et
1114 2936 1151 2995 de
1174 2936 1331 2996 hotantio

291 3048 371 3095 tomo
386 3034 443 3095 VI.
458 3034 582 3093 Memor.
618 3035 667 3093 Ex
683 3034 865 3115 Hieronymo
879 3034 987 3093 Cbron.
1001 3033 1120 3112 colligas
1135 3034 1272 3115 Crispum
1285 3038 1329 3095 in-

291 3134 438 3192 stitutioni
448 3132 593 3192 Luctantii
608 3131 790 3193 commissum
805 3132 844 3190 A.
857 3148 926 3207 317.
1210 3142 1213 3147 '
