2867 4817
279 293 345 355 252
435 290 635 355 ARNOBII
659 290 906 357 ADVERSUS
928 290 1117 354 GENTES

282 473 499 537 sacramenta
518 464 712 559 patefecit?
742 462 815 537 Sed
838 465 1066 559 pestilentias,
1085 468 1273 558 inquiunt,
1295 472 1335 535 ct

283 584 467 667 siccitates,
489 582 593 667 bella,
610 584 751 677 frugum
766 584 932 676 inopiam,
952 584 1114 666 locustas,
1136 606 1275 665 mures,
1294 591 1336 651 et
1433 616 1434 654 ς

282 702 477 799 grandines,
494 724 618 793 resque
641 700 879 784 alins‘noxias,
895 700 1023 794 quibus
1042 701 1194 793 negocia
1209 701 1336 769 incur-

283 830 406 893 santur
427 820 603 913 humana,¹
618 817 666 888 dii
690 817 792 888 nobis
816 819 1009 911 important
1033 816 1169 908 injuriis
1201 816 1335 885 vestris

284 946 391 1030 atque
414 934 661 1007 offensionibus
683 934 889 1027 exasperati.
941 932 981 1003 Si
1002 934 1040 1001 in
1061 932 1168 1002 rebus
1191 932 1335 1024 perspi-

285 1056 369 1137 cuis,
387 1062 425 1125 et
445 1052 579 1123 nullam
602 1051 878 1123 desiderantibus
895 1050 1145 1131 defensionem,
1162 1072 1240 1118 non
1256 1057 1332 1117 stc-

285 1170 431 1241 liditatis
448 1176 540 1239 esset
561 1167 693 1237 diutius
714 1167 902 1249 immorari,
919 1168 1140 1237 ostenderem
1162 1167 1329 1259 profecto

285 1284 460 1378 replicatis
494 1284 665 1376 prioribus
695 1282 831 1365 seculis,
860 1282 955 1353 mnia
988 1285 1056 1354 ista
1083 1307 1167 1375 quae,
1196 1284 1327 1365 dicitis,

285 1425 357 1481 non
386 1423 461 1472 esse
489 1400 677 1493 incognito,
705 1421 778 1469 non
805 1401 1008 1493 repentina:
1042 1423 1107 1469 nec
1134 1409 1326 1493 postquam

284 1540 372 1612 gens
400 1522 519 1589 nostra
546 1516 715 1587 felicitate
745 1515 865 1586 donari
893 1517 998 1609 hujus
1026 1518 1221 1587 vocaminis
1255 1539 1327 1586 mo·

286 1635 367 1716 ruit,
392 1634 554 1727 irrupisse
578 1632 641 1704 has
665 1631 774 1715 labes,
793 1640 832 1702 ct
855 1632 1012 1703 infestari
1036 1634 1183 1726 coepisse
1205 1633 1328 1703 discri-

286 1750 423 1821 minum
448 1749 617 1819 vnrietate
640 1745 814 1817 mortalia.
865 1747 904 1818 Si
931 1750 1026 1819 enim
1051 1771 1115 1819 nos
1143 1772 1271 1821 snmus
1292 1752 1328 1820 in

288 1890 401 1949 causa,
419 1873 456 1936 et
471 1866 509 1935 in
524 1864 634 1935 nostri
657 1864 811 1934 criminis
830 1866 996 1935 meritum
1012 1866 1228 1959 excogitata
1245 1875 1330 1935 sunt

287 1984 342 2055 hae
376 1990 501 2076 pestes,
530 1981 624 2051 unde
653 1980 752 2050 novit
784 1981 974 2073 antiquitas
1001 1982 1220 2052 miseriarum
1253 1982 1332 2052 hacc

288 2096 453 2169 nomina?
488 2097 582 2167 unde
610 2093 713 2167 bellis
741 2094 976 2189 significatum
1002 2095 1124 2199 dedit?
1158 2096 1333 2187 pestilen-

288 2215 387 2297 tiam,
415 2212 609 2307 grandines,
638 2235 708 2305 qua
740 2212 857 2304 potuit
885 2212 1030 2281 notione
1062 2212 1221 2305 signare3
1266 2222 1331 2283 aut

289 2332 382 2400 inter
415 2351 494 2400 suas
524 2351 635 2413 voces,
661 2329 789 2422 quibus
817 2331 929 2399 oratio
941 2328 1207 2422 explicabatur,
1231 2352 1333 2402 amu·

290 2445 410 2517 mere?
437 2444 533 2517 Nam
555 2448 584 2515 si
606 2446 746 2517 novella
767 2454 851 2516 sunt
869 2446 944 2516 hoec
960 2446 1064 2529 mnia,
1080 2455 1119 2517 et
1138 2448 1183 2517 ab
1206 2470 1332 2517 recen-

291 2562 396 2633 tibus
422 2562 557 2631 ducunt
584 2560 832 2632 offensionibus
845 2585 976 2647 causas,
1005 2565 1067 2655 qui
1092 2565 1212 2656 potuit
1239 2564 1330 2645 fieri,

292 2686 333 2749 ut
358 2678 407 2748 eis
431 2677 535 2747 rebus
560 2677 666 2747 rerba
690 2676 866 2760 formaret,
892 2701 978 2771 quas
1001 2702 1069 2750 nec
1093 2681 1169 2772 ipsa
1192 2681 1332 2751 sciebat

292 2802 474 2887 expertam
497 2816 534 2864 se
557 2816 642 2877 esse,
663 2816 779 2887 neque
800 2792 881 2863 ullis
906 2796 1132 2887 comperisset
1153 2798 1332 2888 majorum

292 2912 329 2981 in
355 2911 571 3005 temporibus
597 2910 797 2983 factitatas?
833 2911 994 2997 Penuria,
1021 2915 1145 3007 inquit,
1174 2914 1331 3008 frugum,

292 3039 330 3103 et
351 3028 520 3124 angustiae
541 3027 775 3098 frumentaria
794 3031 925 3099 arctius
946 3053 1010 3101 nos
1028 3031 1171 3101 habent.
1221 3030 1333 3102 Anti·

293 3172 362 3242 qua
383 3148 478 3218 enim
504 3154 541 3217 et
566 3146 803 3217 vetustissima
827 3145 952 3217 saecula
981 3148 1198 3218 necessitatis
1225 3148 1332 3217 istius

293 3265 479 3357 aliquando
495 3262 638 3332 fuerunt
654 3263 836 3355 expertia?
863 3286 980 3334 nonne
996 3265 1072 3356 ipsc
1087 3265 1238 3345 nomina
1251 3265 1332 3355 qrri·

292 3382 359 3452 bus
387 3388 574 3451 censentur
600 3379 676 3449 haec
703 3378 806 3462 mula,
835 3380 1077 3462 testificantur,
1107 3389 1145 3451 et
1172 3378 1331 3451 clamant

294 3496 431 3568 nullum
466 3497 511 3567 ab
545 3495 600 3567 his
635 3519 791 3590 unquam
825 3496 1020 3565 immunem
1054 3495 1167 3565 abisse
1198 3504 1331 3566 mortn-

295 3613 405 3685 linm?
449 3611 553 3697 Quod
589 3613 617 3681 si
646 3612 691 3682 ad
721 3612 933 3683 credendum
963 3610 1113 3682 difficilis
1141 3633 1196 3681 res
1225 3621 1329 3694 esset,

295 3729 505 3803 testimoniis
526 3750 630 3823 agere
651 3750 832 3821 possemus
855 3727 1221 3820 authorum,>quantoe,
1243 3752 1331 3821 qno·

295 3849 373 3929 ties,
399 3854 436 3917 et
462 3868 539 3938 quac
567 3854 692 3938 gentes
720 3845 851 3916 famem
880 3845 1051 3916 senserint
1077 3844 1265 3927 horridam,
1292 3854 1330 3915 et

296 3970 462 4058 aggerata
487 3962 683 4033 interierint
701 3962 876 4033 vastitate.
927 3960 1037 4031 Casus
1058 3959 1330 4051 frequentissimi

296 4079 472 4175 grandinis
488 4078 662 4161 accidunt,
679 4087 785 4171 atque
801 4078 963 4151 adicmut
979 4085 1116 4148 cuncta
1161 4076 1206 4147 In
1221 4077 1332 4149 literis

298 4196 392 4265 eninr
429 4195 549 4286 priscis
571 4194 876 4286 ,comprehensum
895 4276 898 4280 ,
914 4203 952 4266 et
989 4195 1223 4285 compositum
1262 4216 1332 4273 uon
