2867 4817
364 1235 402 1319 S.
431 1233 678 1318 CYRILLI
708 1235 879 1319 ALEX.

305 1445 596 1520 EPISTOLAE
625 1445 934 1520 SYNODIOAE

247 1643 652 1710 INTERPRETATIO
675 1644 992 1710 DIONYSIANA.

167 1853 337 1915 INCIPIT
358 1852 560 1913 DIONYSII
581 1852 740 1914 EXIGUI
762 1853 991 1916 PRAEFA'I'IO
1011 1854 1072 1915 AD

387 1957 570 2020 PETRUM
592 1958 853 2021 EPISCOPUM.

485 2191 752 2228 ...Q-..-

117 2354 244 2416 Domino
257 2352 419 2414 beatissimo
428 2352 511 2433 potrr'
526 2351 614 2410 Petro
627 2349 758 2430 episcopo
772 2351 931 2434 Dionysius
949 2351 1084 2431 Erigone
1097 2349 1128 2409 in

492 2449 615 2508 Donrino
627 2449 758 2510 salutem.

97 2602 454 2700 BENEFICIORUM
478 2611 639 2662 vestrorum
663 2621 785 2672 memor,
807 2601 980 2662 venerabilia
1003 2611 1096 2682 poter,
1118 2613 1150 2662 et

160 2699 326 2760 antistitum
349 2699 458 2758 christi
480 2697 569 2758 deeuo
589 2698 748 2776 egregium,
770 2717 942 2778 semperque
959 2709 1028 2758 anto
1049 2697 1150 2758 oonloo

95 2797 205 2858 mentia
223 2797 372 2877 adponens
385 2807 484 2856 saneta
500 2794 747 2855 nutrimentorum
761 2805 923 2856 vestrorum
937 2795 1034 2855 studio
1047 2815 1066 2854 a
1082 2816 1149 2875 por.

95 2893 168 2954 vulo
181 2894 252 2954 mihi
267 2893 403 2974 depensa,
418 2913 483 2972 quae
497 2891 578 2951 nullo
588 2891 682 2972 spatia
694 2891 825 2952 looorum
835 2901 976 2972 poterunt
984 2891 1149 2954 obliterare,

95 2991 145 3052 vel
158 3003 340 3072 temporum:
362 3010 462 3068 quoero
475 2989 567 3049 vicem
582 2991 691 3050 referre
704 2991 815 3069 gratio,
832 3009 919 3067 qnam
932 3009 980 3048 me
993 2989 1053 3048 aoio
1066 3009 1150 3068 repe-

95 3089 156 3148 rire
169 3109 229 3148 non
242 3107 337 3168 porra.
374 3085 434 3148 Sed
448 3087 516 3166 quin
530 3087 703 3168 plerumque
717 3086 867 3166 perficitor
880 3096 950 3145 voto
960 3085 1039 3164 quod
1050 3085 1150 3146 deeaoe

97 3187 215 3248 videtur
228 3185 333 3257 officio,
352 3185 527 3246 desiderium
547 3185 626 3263 quod
645 3206 713 3263 erga
733 3196 859 3244 vestram
878 3182 1084 3264 paternitatem
1100 3184 1150 3262 ju·

97 3285 175 3366 giter
188 3305 268 3364 gero,
281 3304 341 3362 quo
354 3305 472 3364 possum
492 3282 591 3342 studio
610 3283 737 3363 pandere
753 3303 812 3340 non
827 3282 953 3353 deaiato;
977 3292 1065 3359 etque
1083 3281 1151 3341 ideo

96 3382 181 3442 vobio
198 3380 351 3462 epistolam
369 3381 535 3462 synodicam
553 3381 645 3440 sancti
664 3379 766 3459 Cyrilli
788 3379 983 3438 Alexandrini
1004 3378 1150 3458 pontificio

96 3477 239 3538 Nestorio
262 3477 409 3558 quondam
435 3475 767 3556 Constantinopolitanae
792 3475 873 3533 urbia
897 3472 1033 3553 episeopo
1060 3472 1151 3532 desti.

96 3584 205 3642 notum,
218 3574 265 3634 oui
279 3573 433 3632 duodecim
451 3582 521 3632 nunt
535 3571 647 3631 adnexa
661 3569 800 3650 Capitula
816 3569 1009 3649 blasphemiae
1019 3568 1149 3647 ejusdem

96 3665 231 3728 Nestorii
250 3667 305 3726 nub
323 3665 516 3726 anathematio
533 3664 732 3725 obsecratione
749 3664 925 3732 damnantia,
947 3684 1034 3742 quam
1056 3684 1151 3743 nuper

98 3765 136 3825 de
164 3765 268 3824 Grrooo
294 3764 326 3822 in
353 3763 494 3823 Latinum
521 3763 670 3840 eloquium
698 3763 846 3832 mannuli,
874 3782 928 3842 per
950 3773 1150 3821 veneratorem

97 3871 225 3922 vetrum
235 3861 355 3920 frenent
368 3859 541 3919 Sonotulum
554 3857 708 3917 destinavi.
737 3859 946 3939 Opportunum
961 3878 1080 3939 prorouo
1095 3859 1151 3918 hoo

97 3969 230 4038 tempore
250 3957 428 4026 existimant,
451 3977 510 4036 quo
530 3955 606 4017 tanti
628 3954 756 4015 doctoris
773 3955 932 4035 apostolice
951 3955 1021 4016 fider
1041 3956 1151 4015 Graeoir

95 4053 156 4132 jam
180 4051 291 4112 dudum
312 4054 388 4114 bene
407 4063 564 4134 comperto,
580 4051 631 4112 oed
652 4050 786 4130 ignorata
805 4051 921 4112 naonis
940 4053 1091 4121 haetenus,
1105 4052 1151 4112 in-

98 4159 247 4210 notescat:
274 4159 309 4210 ut
329 4149 507 4210 Nestoriona
526 4150 605 4210 labes
627 4148 778 4209 evidenter
802 4160 975 4228 agnoaoatur
998 4149 1035 4208 ob
1056 4149 1151 4208 homi.

98 4245 186 4308 nibus
192 4269 202 4319 ;
224 4257 255 4308 et
275 4267 329 4328 pro
343 4267 396 4308 oua
416 4246 598 4328 malignitate
618 4246 725 4307 merito
738 4258 903 4328 respuatur,
917 4267 983 4327 qua
1003 4247 1058 4308 auh
1077 4267 1152 4328 prro·

145 4363 220 4410 VOL·
237 4363 278 4409 11.
613 4365 632 4406 I?
