2867 4817
407 356 473 419 DE
499 354 871 421 MORTALITATE.
1104 354 1169 419 287

115 540 293 627 cognatos
308 534 368 625 pie
391 530 550 625 diligant,
567 554 614 602 an
636 532 871 603 misereantur
892 550 1074 599 servorum
1097 527 1173 598 lan·

114 649 303 742 guentium
329 648 475 731 domini,
501 670 547 717 an
577 648 808 741 deprecantes
833 668 948 739 aegros
972 667 1047 717 non
1073 644 1173 714 dese·

115 773 193 836 rant
205 765 349 849 medici,
367 784 413 834 an
431 765 566 835 feroces
582 762 790 836 violentiam
807 784 908 833 suam
925 761 1172 853 comprimant,
1242 758 1253 784 ¹

114 905 158 953 an
198 904 347 975 rapaces
385 882 543 951 avaritiae
579 881 730 951 furentis
757 878 995 949 insatiabilem
1034 900 1174 970 semper

5 1074 6 1077 ,
90 1000 278 1073 sardorem
308 996 365 1068 vel
394 1007 498 1068 metu
523 998 647 1068 mortis
675 998 898 1088 extinguant,
926 1017 973 1064 an
998 995 1174 1064 cervicem

114 1114 264 1185 flectant
295 1114 447 1207 superbi,
477 1136 523 1183 an
556 1113 742 1184 andaciam
771 1110 907 1181 leniant
936 1111 1097 1204 improbi,
1128 1134 1174 1182 an

115 1230 351 1323 pereuntibus
368 1230 467 1312 caris,
485 1227 542 1299 vel
564 1230 615 1299 sio
637 1226 771 1321 aliquid
788 1228 916 1298 divites
933 1227 1175 1320 indigentibus

5 1336 8 1361 '
116 1345 315 1441 largiantur
337 1353 375 1415 et
396 1345 529 1415 donent
551 1346 628 1417 sinc
648 1342 781 1415 herede
801 1341 984 1414 morituri!
1011 1340 1066 1413 Ut
1086 1340 1174 1412 nihil

117 1462 213 1533 alind
245 1460 443 1532 mortalitas
470 1462 539 1531 ista
569 1459 773 1542 contulerit,
799 1459 869 1529 hoo
898 1458 1107 1529 Christianis
1138 1468 1176 1528 et

79 1610 109 1649 ιο
119 1578 188 1649 Dei
202 1578 314 1649 servis
331 1576 524 1670 plurimum
540 1577 720 1669 praestitit,
732 1576 829 1668 quod
844 1575 1055 1668 martyrium
1069 1576 1177 1668 coepi-

117 1718 197 1767 mus
228 1694 383 1766 libenter
407 1701 584 1786 appetere,
613 1693 699 1762 dum
725 1700 879 1762 mortem
906 1689 1075 1761 discimus
1104 1714 1176 1760 non

5 1904 6 1907 Ἴ
118 1814 257 1882 timere.
303 1809 484 1879 Exercitia
500 1816 584 1879 sunt
606 1809 709 1880 nobis
734 1810 812 1892 ista,
829 1832 902 1879 non
918 1808 1064 1891 funera3
1089 1809 1176 1879 dant

119 1928 239 1997 animo
263 1924 483 1995 fortitudinis
505 1923 664 2018 gloriam,
689 1932 875 1996 contemtu
894 1926 1019 1997 mortis
1041 1948 1177 2019 praepa·

5 2072 6 2081 ¹
120 2050 199 2113 rant
216 2040 263 2112 ad
282 2062 458 2111 coronam.

5 2138 6 2205 3
81 2190 112 2249 ¹5
171 2158 243 2228 XI.
273 2158 346 2229 Sed
371 2158 519 2229 fortasse
544 2156 671 2248 aliquis
697 2165 852 2250 opponat
872 2165 912 2228 et
941 2158 1056 2229 dicat:
1094 2157 1177 2229 Hoc

122 2298 180 2346 me
197 2297 285 2369 ergo
306 2276 344 2345 in
363 2276 526 2368 praesenti
549 2272 769 2345 mortalitate
785 2276 982 2357 contristat,
1003 2277 1099 2367 quod
1115 2277 1176 2367 qui

122 2398 267 2484 paratus
291 2390 336 2461 ad
359 2390 616 2462 confessionem
643 2391 791 2473 fueram,
818 2400 856 2461 et
878 2393 923 2462 ad
950 2391 1177 2463 tolerantiam

123 2508 295 2600 passionis
312 2516 390 2578 toto
412 2530 472 2579 me
495 2510 600 2580 corde
617 2518 655 2579 et
678 2507 785 2600 plena
805 2508 939 2578 virtute
955 2509 1178 2591 devoveram,

123 2625 294 2716 martyrio
311 2647 392 2694 meo
409 2626 536 2717 privor,
555 2626 639 2696 dnm
661 2632 778 2695 morte
798 2626 1007 2717 praevenior.
1060 2625 1180 2697 Primo

84 2741 160 2818 20in
185 2739 267 2810 loco
294 2763 364 2810 non
390 2748 445 2811 est
468 2742 506 2810 in
527 2750 591 2812 tna
612 2748 792 2834 potestate
817 2741 941 2811 sedin
967 2741 1037 2813 Dei
1061 2741 1183 2836 digna·

125 2857 224 2926 tione
258 2858 477 2949 martyrium,
511 2880 578 2928 nec
617 2865 720 2950 potes
754 2866 793 2927 te
832 2859 950 2928 dicere
989 2857 1183 2950 perdidisse

126 2974 222 3064 quod
257 2974 371 3045 nescis
404 2996 449 3045 an
483 2976 649 3046 merearis
683 2976 854 3067 accipere.
913 2974 1015 3045 Tunc
1055 2974 1184 3045 deinde

128 3089 228 3161 Dens
254 3098 430 3161 scrutator
454 3094 547 3163 renis
578 3101 615 3163 et
646 3092 761 3162 cordis
787 3100 825 3162 et
850 3092 1072 3163 occultorum
1101 3115 1185 3162 con-

5 3292 6 3299 *
126 3204 322 3300 templator
350 3215 389 3277 et
418 3209 579 3303 cognitor
605 3208 704 3279 videt
734 3216 773 3278 te
802 3216 841 3279 et
868 3207 991 3279 laudat
1020 3218 1059 3278 et
1089 3232 1185 3279 com·

85 3324 266 3420 25probat,
289 3332 327 3393 et
349 3326 410 3415 qui
434 3327 602 3419 perspicit
627 3326 723 3420 apud
745 3334 783 3395 te
808 3333 968 3417 paratam
992 3326 1100 3396 fuisse
1117 3327 1186 3395 vir·

129 3450 258 3523 tutem,
271 3440 397 3511 reddet
413 3464 477 3533 pro
494 3443 627 3512 virtute
643 3443 856 3513 mercedem.
895 3441 1081 3533 Numquid
1096 3442 1186 3515 Cain

130 3580 214 3629 cum
246 3556 325 3627 Deo
354 3581 483 3629 munus
513 3558 655 3629 offerret
679 3559 756 3650 jam
785 3565 985 3649 peremerat
1015 3558 1185 3629 fratrem?

133 3672 181 3744 Et
205 3684 328 3744 tamen
350 3674 575 3767 parricidium
598 3682 722 3745 mente
744 3682 957 3767 conceptum
980 3672 1080 3745 Deus
1106 3697 1187 3767 pro-

132 3792 235 3861 vidus
269 3798 354 3861 aute
388 3792 579 3862 damnavit.
632 3790 686 3861 Ut
720 3789 795 3861 illic
824 3790 995 3885 cogitatio
1025 3790 1120 3861 mala
1149 3798 1188 3861 et

87 3907 331 3999 30perniciosa
358 3909 543 4000 conceptio
570 3906 649 3978 Deo
675 3908 884 4001 providente
908 3915 1095 4000 prospecta
1121 3918 1186 3990 est,

134 4023 186 4092 ita
210 4032 248 4092 et
275 4024 312 4091 in
337 4021 407 4094 Dei
434 4024 551 4106 servis,
577 4023 673 4117 apud
698 4047 786 4117 qnos
812 4024 985 4095 confessio
1010 4026 1188 4119 cogitatur

5 4150 7 4173 ³
135 4150 173 4208 et
197 4140 405 4231 martyrium
431 4149 553 4211 ruente
579 4142 785 4233 concipitur,
811 4142 950 4212 animus
979 4142 1024 4212 ad
1053 4143 1187 4213 bonnm

137 4255 279 4326 deditus
303 4254 382 4327 Deo
403 4256 525 4348 judice
552 4268 750 4329 coronatur.
803 4258 914 4329 Aliud
938 4268 993 4328 est
1019 4260 1187 4350 martyrio
