2867 4817
435 338 583 404 LIBER
605 339 799 404 PRIMUS.
1076 338 1140 407 259

102 514 174 585 hoc
195 522 336 608 tempus
357 536 469 609 genus
492 516 553 608 qui
569 512 661 609 (sor.
679 515 804 607 quiret,
827 510 991 605 Ursinus)
1012 511 1137 591 durare

101 631 318 714 mortalium,
344 632 373 700 si
398 653 469 701 non
494 632 622 714 omnia,
648 652 725 725 quae
754 653 837 702 usus
863 638 1033 723 posceret,
1058 631 1140 702 sub-

101 747 319 818 ministraret
336 746 498 818 fertilitas
514 748 655 819 rerum?

156 862 244 935 XV.
271 863 341 935 Sed
368 864 512 934 firenmt
540 863 728 956 aliquando
757 861 927 935 nonnulla
953 863 991 933 in
1019 884 1140 933 necas·

100 979 268 1050 sitatibus
296 988 466 1073 tempora
518 979 568 1050 Et
599 980 758 1052 relaxata
790 988 873 1051 sunt
905 977 1138 1049 abundantiis.

101 1096 240 1167 Rursus
270 1104 392 1167 contra
426 1096 647 1169 voluntatem
677 1098 840 1191 quaedam
869 1095 964 1167 bella
992 1096 1141 1167 admini-

101 1221 224 1284 strata.
268 1210 317 1283 Et
333 1214 487 1285 victoriis
508 1214 734 1306 postmodum
757 1211 1043 1305 successibusque
1064 1234 1140 1281 cor-

99 1338 211 1401 recta
263 1328 358 1413 Quid
387 1352 471 1423 ergo
495 1330 676 1401 dicemus?
711 1330 916 1421 injuriarum
941 1335 1139 1399 nostrarum

102 1447 191 1519 deos
215 1447 321 1517 modo
345 1470 519 1518 memores
545 1469 631 1528 esse,
647 1447 754 1517 modo
775 1469 851 1517 esse
872 1466 991 1515 mrsus
1015 1446 1140 1513 imme-

101 1562 243 1635 mores?
262 1562 300 1634 si
318 1587 387 1656 quo
404 1572 564 1657 tempore
580 1564 691 1635 fames
701 1571 766 1646 est,
783 1563 864 1634 irati
877 1584 952 1633 esse
965 1563 1138 1642 dicuntur,

102 1680 265 1771 sequitur
293 1689 334 1750 ut
363 1680 588 1751 abundantiae
618 1689 778 1773 tempore
806 1680 887 1750 irati
917 1687 954 1749 et
982 1676 1140 1748 difficiles

102 1819 177 1868 non
205 1798 296 1868 sint:
333 1805 440 1890 atque
468 1797 520 1867 ita
544 1796 749 1890 perducitur
774 1817 829 1866 res
859 1817 912 1878 eo,
934 1802 976 1865 ut
1005 1793 1140 1863 vicibus

103 1913 258 1997 ludicris,
276 1920 313 1984 et
335 1921 478 2006 ponant,
496 1922 534 1984 et
556 1922 720 2006 repetant
736 1914 823 1983 iras:
850 1920 887 1982 et
903 1913 940 1981 in
962 1911 1141 2005 integrum

102 2054 144 2101 se
161 2054 299 2124 semper
314 2030 545 2101 offensionum
561 2030 803 2101 recordatione
819 2029 1017 2099 restituant.

157 2146 266 2220 XVI.
297 2146 507 2239 Quanquam
536 2147 630 2217 istud
665 2147 759 2238 quod
793 2146 932 2229 dicitur,
961 2145 1065 2238 quale
1094 2145 1141 2217 sit

103 2264 307 2357 explicabili
324 2286 396 2333 non
412 2270 530 2356 potest
550 2262 859 2355 comprehensione
876 2263 1049 2355 cognosci.
1101 2260 1140 2332 Si

104 2380 333 2464 Alamannos,
360 2379 494 2463 Persas,
522 2378 680 2473 Scythas,
710 2380 836 2449 iccirco
865 2377 1053 2449 voluerunt
1081 2379 1142 2449 de·

104 2498 210 2580 vinci,
240 2498 333 2589 quod
362 2496 563 2567 habitarent
588 2504 625 2566 et
651 2496 821 2590 degerent
846 2496 883 2565 in
907 2518 1030 2565 eorum
1055 2516 1141 2589 gen-

104 2615 202 2685 tibus
233 2613 433 2697 Christiani,
463 2612 760 2705 quemadmodum
790 2611 957 2683 Romanis
986 2611 1141 2683 tribuere

106 2732 298 2813 victoriam,
335 2754 417 2801 cum
451 2730 651 2802 habitarent
681 2739 719 2800 et
752 2729 920 2823 degerent
952 2728 990 2798 in
1019 2750 1140 2798 eorum

106 2870 246 2941 quoque
270 2848 435 2942 gentibus
460 2845 673 2918 Christiani?
709 2845 747 2916 Si
775 2847 813 2915 in
837 2842 935 2929 Asia,
961 2842 1069 2938 Syria,
1093 2843 1142 2914 ic.-

107 2963 200 3033 circo
234 2984 363 3045 mures,
395 2969 431 3031 et
460 2959 613 3031 locustas
645 2958 871 3031 effervescere
904 2957 1142 3052 prodigialiter

106 3076 303 3162 voluerunt,
316 3080 411 3171 quod
424 3078 559 3148 ratione
572 3077 745 3148 consimili
756 3076 957 3147 habitarent
969 3076 1006 3145 in
1018 3097 1141 3147 eorum

106 3196 270 3291 gentibus
293 3195 501 3266 Christiani:
527 3195 565 3264 in
587 3192 768 3286 Hispania,
787 3191 913 3275 Gallis,
930 3214 993 3262 our
1013 3190 1139 3262 eodem

106 3323 267 3407 tempore
282 3312 409 3383 horum
425 3309 513 3381 nihil
536 3318 659 3382 natum
676 3318 740 3392 est,
758 3333 839 3380 cum
856 3310 1030 3379 innumeri
1046 3308 1141 3378 rive-

106 3438 187 3501 rent
210 3431 248 3500 in
272 3429 327 3500 his
353 3451 491 3520 quoque
519 3428 705 3521 provinciis
732 3426 943 3498 Christiani?
978 3425 1018 3496 Si
1046 3423 1140 3518 apud

108 3546 258 3620 Getulos
295 3546 524 3639 Tinguitanos
566 3544 669 3636 hujus
711 3545 762 3614 rei
802 3566 906 3615 causa
944 3543 1139 3614 siccitatem

107 3666 192 3737 satis
220 3664 491 3753 ariditatemque
520 3661 700 3744 miserunt,
730 3683 774 3730 eo
802 3683 894 3731 anno
923 3682 986 3730 our
1008 3680 1140 3730 messes

107 3780 338 3873 amphssimas
356 3776 493 3849 Mauris
507 3776 798 3868 Nomadibusque
811 3775 1032 3847 tribuerunt?
1056 3798 1139 3845 curn

107 3896 230 3992 religio
247 3894 370 3967 similis
385 3895 441 3965 his
458 3916 597 3987 quoque
613 3894 650 3963 in
667 3894 866 3988 regionibus
883 3899 1088 3963 verteretur.

158 4013 288 4086 XVII.
316 4011 353 4084 Si
379 4014 416 4083 in
442 4011 584 4082 civitate
607 4010 834 4103 unaqualibet
857 4011 951 4081 farne
971 4008 1141 4103 plurimos

107 4133 217 4203 emori
241 4132 348 4201 nostri
368 4128 518 4200 nominis
540 4129 720 4199 aversione
735 4129 904 4212 fecerunt,
922 4151 985 4199 cur
1008 4127 1141 4199 ibidem

107 4248 463 4319 annonariacaritate
487 4268 558 4317 non
584 4238 723 4316 tantum
751 4249 905 4339 wcorporis
926 4270 999 4318 non
1012 4244 1138 4328 nostri,

587 4358 664 4425 ula
