2867 4817
264 221 307 287 60
675 225 894 289 CANONES

264 402 348 492 κοῖς,
380 393 510 477 διὰτὸ
540 394 605 480 τὰς
635 396 856 481 συστατικὰς
888 395 1084 482 ἐπιστολὰς
1115 395 1318 501 προσήκειν

263 528 337 607 τοῖς
363 522 467 604 οδσιν
498 524 536 603 ἐν
567 521 751 631 ι’πτολήψει
782 521 904 624 μόνοις
935 524 1157 630 παρέχεσθαι
1187 557 1311 627 προσ-

264 642 386 735 ὥποις.

650 783 838 863 ΚΑΝΩΝ
865 786 926 865 ΙΒ.

314 916 459 1001 Ἦλθεν
473 902 521 1004 είς
542 919 645 1020 ἡμᾶς,
660 918 707 1003 ὥς
725 952 817 1004 τινες
836 917 937 1024 παρὰ
955 918 1038 1004 τοὺς
1051 922 1313 1019 ἐκκλησιαστι·
1327 945 1347 1005 5

263 1045 346 1133 κοῧς
365 1044 519 1146 θεσμοῦς
542 1043 838 1151 προσδραμόντες
862 1046 1095 1147 δυναστείοιις,
1113 1046 1171 1127 διὰ
1188 1081 1315 1151 πραγ-

261 1182 421 1277 ματικῶν
438 1172 505 1275 τὴν
520 1175 607 1275 μίαν
627 1174 802 1279 ε’παρχίαυ
822 1180 870 1259 είς
898 1174 962 1255 δύο
987 1174 1188 1275 κατέτεμον,
1207 1177 1256 1259 ὡς
1275 1176 1318 1253 ἐκ

262 1302 390 1385 τούτου
414 1301 478 1382 δύο
501 1301 768 1407 μητροπολίτας
793 1298 880 1383 εἶναι
904 1305 943 1383 ἐν
967 1307 1012 1409 τῇ
1036 1303 1125 1408 αἰτῇ
1149 1302 1318 1409 ἐπαρχίᾳ.

263 1428 394 1537 ὥρισεν
410 1428 529 1509 τοίνυν
546 1429 570 1529 ἡ
588 1428 674 1531 ἁγία
692 1426 855 1529 σιίνοδος,
873 1438 938 1511 τοῦ
957 1438 1086 1511 λοιποῦ
1102 1428 1214 1531 μηδὲν
1235 1463 1314 1509 τοι·

262 1566 346 1639 οῦτο
363 1561 572 1658 τολμᾶσθαι
584 1555 685 1661 παρὰ
701 1555 919 1657 ἐπισκόπων,
930 1560 1005 1638 ἐπεὶ
1022 1556 1087 1638 τὸν
1103 1556 1218 1667 τούτῳ
1232 1559 1314 1639 ἐπι-
1332 1596 1370 1636 ιο

261 1693 449 1792 χειροῦντα
474 1684 654 1765 ἐκπίπτειν
679 1692 745 1765 τοῦ
773 1684 861 1765 ίδίου
884 1691 1039 1785 βαθμου.
1070 1685 1156 1765 ὅσαι
1179 1684 1217 1766 δὲ
1243 1684 1318 1787 ἤδη

262 1810 386 1898 πόλεις
404 1809 463 1894 διὰ
488 1810 710 1916 γραμμάτων
734 1817 940 1907 βασιλικῶν
962 1820 1013 1921 τῷ
1036 1817 1099 1914 τῆς
1124 1810 1317 1919 μητροπό-

262 1951 354 2027 λεως
382 1938 603 2041 ἐτιμήθησαν
623 1938 786 2039 ὀνόματι,
806 1936 918 2040 μόνης
939 1939 1224 2021 ἀπολαυέτωσαν
1250 1946 1319 2041 τῆς

262 2072 376 2169 τιμῆς,
394 2069 453 2148 καὶ
471 2068 493 2147 ὁ
510 2064 576 2167 τὴν
599 2067 796 2166 ἐκκλησίαν
817 2067 926 2168 αι’πῆς
944 2072 1084 2148 διοικῶν
1106 2069 1318 2169 ἐπίσκοπος,

263 2192 431 2297 δηλονότι
459 2192 672 2297 σοιῷμένων
699 2198 745 2299 τῇ
771 2192 864 2273 κατὰ
893 2192 1065 2294 ἀλήθειαν
1091 2192 1319 2299 μητροπόλει
1331 2249 1368 2309 15

263 2329 335 2403 τῶν
352 2322 489 2403 οίκείοιν
507 2320 662 2402 δικαίων.

637 2565 930 2685 κκΝοΝις

318 2709 454 2798 Ξένους
471 2708 660 2814 κληρικοὺς
681 2710 741 2789 καὶ
766 2706 1002 2810 ἀναγνώστας
1020 2711 1059 2789 ε’ν
1083 2709 1187 2817 ἑτέρᾳ
1207 2707 1318 2792 πόλει

264 2947 296 2997 ct
314 2954 375 2996 non
396 2933 642 2995 commendatitiis
661 2932 767 3003 literis,
809 2930 892 3011 liquo
920 2932 995 2992 nihil
1024 2934 1061 2994 ab
1088 2934 1232 3016 episcopio
1255 2936 1317 2999 talc

284 3026 384 3095 ropter
410 3012 490 3095 quod
518 3012 769 3075 commendatitias
809 3012 1186 3095 tentari3alioqni,quihoc
1197 3016 1316 3079 adriam

262 3037 363 3156 iiteraa
381 3095 616 3155 honoratioribus
637 3105 769 3155 tantum.
810 3092 910 3163 fucrit,
938 3096 1093 3155 amissione
1116 3096 1224 3175 gradun
1248 3118 1316 3178 pro-

262 3176 351 3236 modo
364 3176 495 3257 praentnri
514 3177 646 3256 personia
663 3192 770 3235 conve-
810 3172 867 3253 prii
878 3170 1048 3252 subjacebit.
1064 3178 1255 3257 Quaecnnque
1264 3199 1315 3238 ve·

263 3258 337 3318 nint,
809 3272 843 3312 ro
858 3253 990 3315 civitaten
1004 3256 1098 3316 literis
1116 3256 1316 3337 imperialibus

387 3392 638 3454 cnmmxn.
809 3334 1315 3485 ibffifflbbfflfflffibffi

304 3490 445 3553 Pervenit
465 3491 502 3550 ad
522 3511 585 3561 noa,
605 3490 685 3569 qnod
702 3490 769 3570 qui.
810 3494 898 3554 modo
911 3496 1110 3575 perfruantur,
1121 3507 1151 3557 et
1162 3500 1213 3577 qui
1224 3498 1315 3559 eccle·

264 3574 331 3633 dnm
381 3584 465 3631 raetcr
488 3570 682 3631 ecclesiactica
708 3583 767 3631 nta-
810 3575 882 3633 tiam
903 3576 966 3655 ejus
987 3579 1130 3657 gubernat
1151 3578 1314 3659 episcopua,

195 3696 209 3722 0
263 3664 331 3716 tntn
397 3654 489 3712 'entca
514 3652 706 3712 convolarunt
731 3652 769 3714 nd
810 3654 897 3717 aalvia
920 3653 1031 3717 scilicet
1055 3678 1131 3717 verm
1159 3660 1315 3740 metropoli

263 3744 433 3815 potentatui,
448 3744 479 3793 ct
493 3752 547 3813 per
561 3732 769 3814 pragmaticam
810 3736 971 3817 privilegiis
984 3738 1055 3798 suia.

264 3816 388 3875 formam
407 3815 438 3873 in
457 3814 517 3874 duo
538 3832 627 3872 unam
650 3814 769 3893 provin-

264 3896 338 3956 ciam
352 3894 534 3955 diriacrunt:
556 3892 600 3953 ita
612 3903 648 3953 nt
662 3912 699 3952 ex
713 3894 769 3956 boo
929 3876 1082 3938 ΟᾹΝΟΝ
1103 3878 1195 3938 ΧῙῙῙ·

264 3976 411 4036 iactoduo
420 3972 638 4055 metropolitani
650 3994 713 4035 eane
724 3974 767 4036 vi·
851 3972 1026 4055 Peregrinos
1049 3974 1176 4045 clericos,
1199 3986 1231 4035 et
1255 3974 1315 4036 leo-

264 4056 388 4117 dcantur
401 4058 432 4117 in
446 4075 505 4116 una
518 4055 684 4135 provincia:
708 4066 768 4117 ata.
808 4068 896 4127 torea,
920 4057 952 4115 in
981 4054 1038 4115 alia
1066 4056 1186 4117 civitate
1207 4067 1315 4137 practer

264 4136 324 4200 tuit
338 4158 407 4219 crgo
421 4148 520 4201 macta
533 4136 662 4216 synodua
674 4136 711 4199 da
721 4159 767 4200 re.
809 4136 1059 4198 commendatitias
1072 4134 1173 4199 litarat
1189 4136 1236 4198 aui
1251 4134 1315 4218 cpi·
