2867 4817
264 294 329 355 324
639 292 670 354 S.
696 292 935 356 CYPRlANI

264 488 370 559 quam
404 466 647 557 praevaricatio
677 475 733 538 est
762 468 871 538 divini
911 468 1072 549 neminie,
1111 488 1218 559 quam
1253 468 1320 539 de:

265 582 371 651 sertio
396 581 533 651 itineris
559 580 731 665 salutaris,
753 583 894 674 quando
915 583 990 674 ipse
1012 581 1140 651 doceat
1160 590 1199 651 et
1220 582 1318 653 dicat

266 720 348 767 eum
378 696 423 767 ad
453 697 563 768 vitam
593 700 713 770 venire
743 700 803 790 qui
838 700 1006 769 mandata
1040 700 1242 781 servaverit,
1278 708 1317 769 et

266 836 348 884 eum
366 834 442 883 esse
459 813 656 905 sapientem
673 816 734 906 qui
747 815 855 885 verba
868 816 944 907 ejus
960 814 1112 885 audierit
1125 824 1163 885 et
1180 816 1318 898 fecerit,

265 931 449 1001 doctorem
471 952 612 1021 quoque
636 953 720 1001 eum
742 933 939 1002 maximnm
956 932 994 1001 in
1012 954 1122 1025 regno
1146 929 1317 1001 coelomm
1328 961 1346 1017 5

265 1048 382 1118 vocari
407 1049 467 1139 qui
494 1047 618 1117 fecerit
648 1056 686 1117 et
710 1048 760 1118 sic
786 1048 968 1132 docuerit;
994 1056 1081 1119 tuuc
1107 1047 1317 1141 praedicanti

264 1164 488 1258 profutrnum
518 1165 613 1255 quod
646 1163 738 1235 bene
771 1173 879 1256 atque
911 1165 1050 1236 utiliter
1081 1166 1318 1259 praedicatum

265 1279 382 1361 fuerit,
413 1280 442 1349 si
471 1280 508 1349 id
538 1280 634 1371 quod
663 1302 724 1349 ore
753 1281 929 1372 promitur
958 1281 1060 1351 factis
1087 1280 1319 1372 sequentibus

266 1394 466 1488 impleatur.
519 1395 615 1479 Quid
638 1418 721 1466 vero
741 1397 933 1466 insinuavit
955 1396 1111 1467 crebrius
1134 1395 1319 1489 discipulis

265 1512 337 1581 suis
363 1510 548 1595 Dominus,
574 1512 659 1603 quid
685 1512 780 1581 inter
809 1511 976 1583 salutaria
1001 1513 1138 1582 monita
1164 1522 1203 1583 et
1229 1536 1320 1606 prae-
1334 1540 1368 1578 ιο

265 1636 370 1720 cepta
403 1625 561 1699 coelestia
590 1627 862 1697 custodiendum
891 1629 1005 1721 magis
1035 1627 1318 1720 servandumque

266 1742 456 1825 mandavit,
482 1763 588 1833 quam
611 1750 653 1811 ut
676 1744 802 1813 eadem
825 1742 1016 1813 dilectione
1036 1766 1106 1835 qua
1126 1743 1318 1837 discipulos

118 1883 228 1932 aare·
266 1858 341 1951 ipse
370 1857 497 1929 dilexit
525 1881 590 1928 nos
620 1881 760 1950 quoque
789 1859 941 1928 invicem
972 1858 1183 1952 diligamus?
1219 1858 1319 1942 Quo-

100 1964 141 1995 ¹''
265 1975 372 2043 modo
389 1982 510 2044 autem
528 1974 585 2043 vel
608 1997 734 2066 pacem
758 1973 904 2044 Domini
921 1974 978 2044 vel
1001 1976 1186 2045 caritatem
1203 1984 1317 2057 tenet,

265 2091 324 2180 qui
350 2090 593 2161 intercedente
618 2090 695 2161 zelo
721 2112 788 2161 nec
812 2090 979 2184 pacificus
1003 2099 1124 2183 potest
1149 2113 1226 2161 esse
1248 2114 1317 2161 nec
1333 2122 1367 2178 ¹5

264 2206 388 2277 carus?
423 2206 511 2277 Ideo
534 2214 572 2277 et
592 2206 773 2299 apostolus
796 2206 928 2278 Paulus
949 2229 1032 2277 cum
1053 2207 1150 2300 pacis
1173 2214 1215 2277 et
1228 2207 1319 2277 cari-

264 2322 348 2391 tatis
365 2322 492 2393 merita
510 2324 743 2415 depromeret,
761 2346 914 2415 cumque
930 2332 1147 2394 asseveraret
1166 2324 1319 2394 firmiter

264 2446 302 2507 et
327 2438 471 2509 doceret
491 2462 558 2509 nec
579 2438 687 2509 fidem
708 2439 776 2510 sibi
797 2461 864 2509 nec
884 2437 1126 2532 eleemosynas
1148 2462 1215 2509 nec
1236 2462 1318 2533 pas-

264 2555 398 2624 sionem
429 2578 569 2647 quoque
594 2556 706 2648 ipsam
737 2555 946 2626 confessoris
975 2564 1013 2626 et
1041 2556 1205 2648 martyris
1233 2579 1316 2648 pro-

264 2670 431 2753 futuram,
454 2672 520 2741 nisi
539 2671 694 2741 caritatis
710 2670 845 2741 foedera
860 2672 1000 2765 integra
1019 2680 1128 2764 atque
1144 2672 1317 2743 inviolata
1328 2700 1368 2743 20

103 2824 113 2857 t
175 2810 246 2860 ,1111
264 2796 445 2869 servasset,
474 2788 604 2879 adjecit
629 2794 666 2858 et
691 2787 803 2857 dixit:
842 2784 984 2859 Gnatae
1009 2787 1230 2884 mcpncnima
1255 2798 1315 2869 cst,

263 2903 392 2975 caritas
416 2900 561 3000 deniqne
585 2910 643 2984 cst,
674 2902 804 2974 caritas
833 2924 902 2988 non
931 2899 1030 2973 zelat.
1081 2901 1224 2973 Docens
1249 2905 1317 2974 sci-

263 3018 349 3089 licet
371 3027 409 3090 et
432 3020 620 3089 ostendens
641 3042 725 3089 eum
748 3041 851 3111 posse
868 3018 1054 3089 caritatem
1076 3026 1200 3090 tenere
1221 3022 1317 3111 quis-

263 3136 342 3226 quis
358 3135 603 3227 magnanimus
619 3134 728 3205 fuerit
745 3143 783 3204 et
799 3133 974 3228 benignus
990 3144 1029 3206 et
1045 3135 1113 3206 aeli
1137 3158 1178 3205 ac
1195 3134 1316 3207 livoris

264 3249 409 3319 alienus.
460 3248 554 3319 Item
593 3250 663 3319 alio
696 3249 776 3319 loco
813 3271 896 3319 cum
931 3258 1094 3321 moneret
1130 3259 1173 3320 ut
1205 3251 1367 3342 homo25

258 3365 335 3457 jam
372 3362 504 3434 Sancto
543 3363 678 3457 Spiritu
715 3363 842 3457 plenus
880 3372 918 3436 et
955 3367 1142 3437 nativitate
1178 3366 1316 3438 coelesti

265 3478 335 3551 Dei
364 3479 458 3550 filius
488 3480 602 3551 factus
631 3502 703 3551 non
733 3480 799 3550 nisi
829 3480 1001 3572 spiritalia
1025 3490 1063 3551 et
1092 3482 1212 3552 divina
1240 3504 1319 3553 sec-

102 3616 231 3667 morsm.
264 3602 371 3679 tetur,
397 3597 561 3689 penitet
589 3596 696 3666 dicit:
734 3594 784 3666 Et
810 3619 870 3692 epo
899 3595 1047 3690 quidem,
1065 3594 1216 3692 fratres,
1245 3620 1317 3669 non

259 3711 362 3805 potui
390 3709 482 3783 cobis
511 3709 606 3806 loqui
635 3712 737 3806 quasi
765 3709 990 3805 spiritalibus,
1020 3712 1082 3783 sed
1109 3713 1210 3807 quusi
1239 3736 1317 3784 car-

265 3824 408 3911 nalibus,
439 3836 601 3921 tanquam
631 3824 823 3922 insentibus
851 3827 891 3896 in
921 3826 1073 3900 Christo,
1122 3825 1228 3899 Lacte
1257 3852 1371 3910 ooa30

207 4026 213 4035 ,
259 3944 388 4037 potavi,
414 3967 483 4015 aon
517 3941 600 4014 cibo.
652 3940 816 4013 Nondum
845 3943 937 4013 enim
957 3943 1138 4037 poteratis,
1167 3944 1230 4015 sed
1256 3970 1317 4017 ne-

264 4082 329 4153 que
343 4084 436 4131 nanc
455 4060 607 4155 potestis.
658 4056 785 4129 Adhuc
806 4058 899 4129 enim
922 4058 1189 4132 atteramus.
1246 4060 1317 4135 Ubi

263 4174 355 4245 enim
379 4177 417 4246 ia
439 4174 531 4248 cobis
553 4172 646 4247 zetus
669 4183 701 4248 ct
724 4175 892 4246 contentio
917 4185 949 4248 et
971 4175 1198 4249 dissessiones
1221 4186 1315 4261 sunt,
