2867 4817
131 344 183 407 IN
207 345 454 410 TERTULL.
478 345 542 409 DE
566 344 860 410 PRAESCRIPT.
885 346 1012 411 HAER.
1058 349 1123 417 199

77 516 155 579 eirea
168 537 289 580 annum
303 516 421 583 Christi
437 540 544 581 ouoerv.
569 516 697 582 Videsis
711 524 747 582 ot
757 516 931 582 Beronium
945 519 988 582 ad
1002 539 1121 582 annum

77 601 209 687 vulgaris
245 623 319 666 aerae
355 624 396 665 ιι.
434 625 494 689 pro
530 602 728 689 Hieronymo
755 610 869 668 eontra
904 603 1121 690 Augustinum

76 688 284 761 scribentem
310 696 345 752 et
370 687 521 753 Natalem
545 688 774 767 Alexandrum,
823 689 855 753 ui
881 690 1057 753 Baronium
1081 712 1121 755 ea

76 772 106 835 in
129 795 164 837 re
187 773 338 837 refutavit
361 774 481 839 Disser.
504 775 551 838 X.
573 775 616 839 ad
636 774 776 839 seoulum
799 711 949 840 Seelesiae
971 775 1118 861 primum.

77 858 274 921 Tnoussmru
288 866 398 923 textus
412 861 526 925 editor.
542 860 579 925 ol.
598 859 741 925 Vezzosi.

117 943 155 1007 P.
173 964 243 1025 14¹·
258 944 280 1009 l.
294 966 325 1025 4.
341 946 520 1010 doetrinam
540 946 748 1032 superiorem]
767 947 870 1028 Quam
891 947 1120 1033 praedicaverat

78 1030 199 1107 Petrus,
216 1038 254 1095 ut
269 1038 451 1097 constater
463 1033 531 1116 jam
546 1033 760 1117 supradietis.

118 1115 197 1180 Ibid.
208 1115 231 1178 l.
240 1139 273 1201 9.
288 1118 320 1181 in
335 1139 406 1202 quae
421 1125 456 1183 et
469 1116 833 1203 ipsi-oommittebant]
844 1118 996 1183 Similiter
1009 1119 1119 1185 soribit

77 1202 244 1286 Septimius
259 1225 329 1289 oap.
344 1225 375 1283 4.
398 1204 497 1289 Apolo
515 1205 595 1282 aiei,
611 1206 654 1267 In
674 1226 780 1268 oenus
797 1205 994 1268 committitur
1006 1206 1121 1270 odmen

75 1288 312 1388 {nebpioet'tatie
324 1311 436 1390 errore.
480 1226 563 1355 lisia
577 1312 646 1375 oap.
664 1309 716 1373 29.
738 1290 815 1354 Ideo
828 1312 897 1375 erpo
910 1291 1121 1355 emmnidimus

75 1384 428 1526 Ἥιᾞῖηἶιιο
444 1463 520 1547 quid
536 1420 795 1613 ‘nunpaemspme
808 1462 945 1526 rorasse
960 1462 1000 1543 Q.
1016 1462 1120 1547 sepo-

76 1545 154 1609 mius
177 1546 219 1610 ad
244 1546 339 1610 Pauli
362 1548 588 1634 Apoealypsim
668 1556 839 1613 retroorum
860 1548 1056 1633 figmentum,
1079 1548 1120 1613 de

77 1654 136 1715 quo
149 1632 233 1696 inter
247 1642 372 1697 eeteros
385 1634 485 1699 videri
507 1635 626 1718 poterit
641 1634 843 1721 Augustinus
857 1640 1000 1699 tractatu
1018 1635 1072 1717 98.
1087 1634 1120 1698 in

76 1716 240 1782 Joannem.
288 1718 378 1784 Idem
394 1720 538 1784 Vnzzosr.

117 1803 197 1867 Ibid.
212 1804 234 1867 l.
252 1820 305 1889 25.
321 1813 359 1871 ut
380 1805 531 1890 diximus]
560 1804 673 1890 Capite
700 1823 750 1871 22.
796 1806 878 1869 Post
902 1805 981 1870 alios
1006 1806 1120 1871 reduxi

77 1897 133 1952 vet.
146 1890 218 1954 leot.
232 1890 289 1955 sed
301 1912 359 1955 uon
368 1893 480 1970 omnio,
495 1914 554 1978 pro
567 1912 627 1955 nou
641 1900 741 1955 tamen
755 1892 867 1956 munim
911 1891 1118 1977 Inferiusque,

76 1974 100 2039 si
114 1976 188 2123 puid
201 1976 236 2040 id
249 1975 359 2055 refert,
375 1980 547 2061 medicatus
560 1987 602 2041 eet
615 1999 674 2063 pro
688 1986 811 2042 testum
824 1987 874 2041 est.

135 2062 195 2126 bid.
211 2064 232 2127 l.
249 2081 304 2148 32.
333 2063 415 2145 Quid
442 2066 503 2130 boo
528 2064 707 2149 depositum
732 2071 782 2129 est
805 2071 874 2128 tam
897 2063 1055 2142 idoneum,
1081 2071 1120 2129 ut

78 2148 145 2235 bn]
170 2148 234 2213 Sio.
263 2149 335 2213 edd.
361 2150 506 2215 Rhenani
527 2158 562 2214 et
585 2148 687 2213 Paris.
713 2150 827 2234 prima.
871 2150 1035 2214 Praestant
1056 2160 1120 2213 tem

76 2235 197 2298 mum
218 2256 280 2321 pro
304 2245 369 2300 lum
393 2236 543 2313 idmtmm,
569 2236 640 2299 edd.
672 2234 776 2300 Paris.
802 2235 897 2300 unda.
922 2241 957 2299 et
980 2236 1119 2300 Franelr.

78 2318 186 2386 Posuit
209 2323 340 2385 tacitum
365 2322 433 2387 siue
461 2332 525 2386 tum
549 2329 607 2387 aut
637 2322 778 2385 ideamus
804 2321 971 2407 Rigaltius.
1037 2322 1120 2385 Mihi

77 2404 238 2490 legendum
261 2408 397 2487 videtur,
427 2408 510 2487 Quid
537 2408 591 2472 boo
622 2408 789 2493 depositum
820 2418 862 2472 eet
890 2416 955 2471 tam
985 2407 1120 2472 taeitum

77 2491 221 2571 idoneum
253 2504 289 2558 ut
320 2496 377 2559 tuo.
444 2495 524 2558 Mox
547 2494 603 2571 ait,
630 2494 773 2579 montedo
796 2494 879 2557 nibil
905 2492 1040 2558 tacitum
1055 2496 1118 2577 su-

78 2579 140 2655 eru,
155 2587 189 2679 et
203 2602 275 2665 eap.
292 2584 344 2645 26.
357 2581 423 2645 eine
444 2580 510 2645 alb
530 2581 749 2666 sospitatione
768 2580 900 2664 alicujus
913 2579 1005 2644 taciti
1018 2601 1121 2644 suera-

119 2750 282 2831 P.142.1.
302 2772 350 2831 14.
374 2773 431 2817 neo
454 2752 529 2837 quia
553 2752 641 2816 illum
664 2754 785 2836 monet]
815 2750 868 2816 Sio
892 2750 941 2814 ed.
964 2751 1120 2836 princeps.

79 2836 135 2901 Ait
148 2838 319 2915 Pamelius,
336 2845 355 2873 “
368 2837 455 2925 lego
476 2848 580 2917 moveat,
603 2858 716 2987 nempe
736 2837 865 2914 Paulus,
887 2859 946 2921 pro
971 2859 1010 2901 eo
1035 2837 1121 2921 quod

80 2923 201 3009 “vulgo
222 2924 391 3009 legebatur
411 2924 513 2989 solutu
529 2924 597 3007 (sio.
613 2926 662 2989 ed.
708 2923 781 2988 aris.
799 2925 890 3008 1566.
904 2929 939 2987 et
953 2944 1054 3009 marg.
1070 2924 1120 2987 ed.

82 3016 100 3043 “
114 3008 212 3073 Paris.
226 3010 339 3095 1545.)
354 3017 423 3075 tum
437 3033 478 3076 ex
494 3011 566 3075 MS.
581 3011 650 3075 ood.
667 3010 837 3087 Vaticano,
853 3011 950 3093 quam
968 3009 1122 3090 Quintino

83 3101 101 3129 ‘²
115 3096 179 3179 (qui
205 3096 290 3160 huno
315 3096 431 3160 librum
459 3096 510 3161 De
534 3097 667 3161 Prtesor.
698 3096 800 3161 edidit
825 3094 929 3159 Paris.
953 3096 1062 3179 1561.)
1087 3103 1121 3160 et

83 3186 100 3215 “
115 3181 262 3247 Maoereo
278 3182 415 3267 (Gellieo
429 3182 524 3267 hujus
537 3182 610 3247 libri
624 3182 800 3267 interprete
814 3182 944 3246 eodan.
957 3188 991 3245 et
1005 3181 1121 3262 loeo).”

81 3264 156 3331 Haeo
179 3268 349 3333 Pamelius.
394 3268 480 3333 Hine
501 3269 548 3346 fit,
564 3275 602 3333 ut
616 3274 705 3333 extet
721 3268 852 3333 verbum
871 3277 969 3331 monet
987 3266 1021 3329 in
1042 3267 1119 3332 edit.

82 3350 213 3419 Frauelr.
228 3376 301 3439 quae
323 3374 363 3418 ex
385 3354 523 3419 editione
539 3354 672 3419 Pamelii
690 3353 829 3439 repetita
843 3360 903 3418 est.
948 3352 997 3416 Ibi
1012 3360 1121 3417 temen

79 3438 175 3503 nolum
188 3440 320 3526 praesert
333 3440 357 3504 J
359 3441 459 3519 unius,
475 3448 512 3505 ut
530 3464 569 3507 ex
591 3440 721 3526 optimis
742 3461 867 3525 quoquo
888 3438 1121 3525 exemplaribus

79 3525 262 3609 proiectum.
308 3527 425 3591 Melius
446 3527 545 3592 habet
565 3528 660 3591 uoluit
674 3526 842 3612 Rigaltius.
888 3526 953 3591 Sed
973 3526 1121 3589 editionis

80 3613 407 3784 puiliidmldibtlblpbtd
419 3635 659 3787 imbuam]
673 3698 721 3761 H.
733 3719 762 3762 e.
774 3698 936 3783 dogmata,
949 3718 1021 3781 quae
1035 3696 1122 3782 apud

82 3804 113 3846 se
126 3784 207 3849 solos
220 3784 395 3850 habebant.

122 3868 200 3935 Ibid.
214 3871 236 3937 l.
255 3872 306 3936 26.
321 3871 412 3935 tsoiti
432 3870 638 3957 sacramenti]
655 3870 717 3936 Sio.
733 3870 827 3934 editt.
844 3875 921 3933 ante
936 3868 1120 3954 Rigaltium‚

83 3954 131 4037 qui
145 3958 212 4022 leoli
226 3956 403 4022 substituit.
448 3958 528 4022 (lum
542 3980 617 4022 vero
639 3957 725 4021 istud
744 3956 813 4040 jam
834 3977 931 4041 snpra
945 3954 1122 4039 scripsisset

81 4050 195 4121 suntor,
210 4043 331 4129 prendo
352 4043 435 4109 nibil
453 4045 579 4109 modum
595 4044 709 4128 suerit,
725 4042 807 4127 quod
819 4040 873 4106 ereb
887 4040 991 4105 multis
1004 4039 1125 4104 testibus

78 4128 291 4211 proferebatur,
305 4150 413 4195 votem
428 4131 633 4195 revocabam:
658 4130 691 4193 id
706 4128 792 4214 quod
807 4149 890 4192 nuno
905 4126 996 4191 video
1010 4126 1122 4190 fouisse

83 4214 267 4281 cardinalem
281 4216 496 4281 Thomasium.

122 4298 158 4364 P.
177 4322 247 4387 ¹43·
267 4302 353 4383 l.14.
376 4324 473 4388 quam
499 4302 653 4367 oetholioe
679 4302 712 4364 in
737 4299 876 4365 medium
902 4296 1122 4383 proferebant]
