2867 4817
267 330 332 404 396
682 325 902 391 CANONES

269 511 341 585 τῶν
371 502 582 607 σωζομένων
611 498 685 582 ἀπὸ
721 503 903 603 αίρετικῶν
932 495 1108 602 δεχόμεθα
1136 492 1229 575 κατὰ
1257 493 1329 594 τὴν

270 631 555 734 ι’τιτοταταγμένην
581 629 796 710 ἀκολουθίαν
822 629 881 707 καὶ
907 623 1113 725 συνήθειαν.
1177 625 1325 727 Ἀρειον

273 759 354 844 νοῦς
377 758 442 858 μὲν
471 759 530 837 καὶ
559 752 848 838 Μακεδονιανοῦς
877 756 936 833 καὶ
966 749 1240 848 Σαββατιιινοῦς
1268 753 1330 829 καὶ

274 884 521 970 Ναυατιανοῦς
555 882 636 968 τοῦς
675 882 851 985 λέγοντας
882 880 1025 964 ἑαυτοῦς
1058 877 1236 983 καθαροῦς
1268 881 1330 957 καὶ

274 1014 541 1118 καθαρωτέρους
580 1013 786 1118 (δᾶ-ἔνοικοι)
825 1014 884 1090 καὶ
926 1006 1010 1092 τοῦς
1045 1015 1361 1112 Τεσσαρεσκαι-ς,

275 1143 456 1227 δεκατίτας
494 1139 607 1220 είτουν
644 1139 873 1241 Τετραδίτας,
905 1139 964 1216 καὶ
996 1131 1333 1238 Ἀπολλιναριστᾶς

276 1268 452 1375 δεχόμεθα
484 1265 645 1351 διδόντας
678 1264 884 1363 λιβέλλους,
921 1269 981 1344 καὶ
1011 1260 1334 1363 ἀναθεματιζοιτας

277 1404 403 1478 πᾶσαν
426 1396 575 1499 αἵρεσιν,
597 1390 648 1493 μὴ
674 1397 884 1499 φρονοῦσαν
902 1394 951 1475 ὡς
975 1390 1141 1498 φρονεῖὴ
1163 1389 1250 1490 ἁγία
1268 1394 1334 1467 τοῦ

279 1531 376 1626 Θεοῦ
394 1521 568 1622 καθολικὴ
588 1524 646 1602 καὶ
665 1518 892 1620 ἀτοστολικὴ
912 1519 1096 1620 ἐκκλησία·
1126 1520 1185 1597 καὶ
1203 1521 1333 1623 σφρα-

279 1652 480 1757 γιζομένους
509 1650 587 1749 ἤτοι
618 1651 825 1754 χριομένους
852 1655 995 1751 πριῦτον
1022 1653 1074 1754 τῷ
1102 1647 1195 1754 ἁγίῳ
1221 1643 1337 1752 μύρῳ,
1350 1686 1392 1724 ιο

280 1779 322 1863 τό
350 1816 388 1861 τε
421 1779 586 1880 μέτωπον
614 1780 672 1856 καὶ
698 1774 783 1861 τοῦς
810 1775 1022 1885 ὀφθαλμοὺς
1049 1776 1108 1853 καὶ
1140 1771 1205 1857 τὰς
1234 1775 1339 1877 ῥῖνας

281 1905 400 1990 καὶτὸ
419 1904 540 1996 στόμα
561 1907 619 1985 καὶ
640 1904 687 1983 τὰ
709 1901 795 1984 aira.
828 1909 886 1984 καὶ
911 1901 1172 2011 σφραγίζοντες
1196 1899 1339 2000 αι’ντοῦς,

281 2035 452 2138 λέγομεν·
485 2035 650 2140 Σφραγὶς
671 2035 805 2135 δωρεᾶς
829 2030 1039 2131 Πνεῦματος
1063 2030 1178 2131 ἁγίου.
1216 2029 1338 2107 Εὐνο-

281 2158 430 2262 μιανοῦς
462 2160 528 2260 μέν
564 2193 620 2239 τοι
651 2155 734 2242 τοῦς
765 2163 813 2242 εἷς
848 2160 934 2259 μίαν
970 2155 1168 2238 κατάδυσιν
1199 2163 1338 2250 βατιτι·

284 2289 451 2393 ῷμένους
478 2290 538 2367 καὶ
566 2284 826 2371 Μοντανιστδις
843 2284 925 2370 τοῦς
946 2288 1100 2367 ἐνταῦθα
1123 2282 1341 2386 λεγομένους
1353 2310 1391 2371 ¹5

284 2414 443 2520 Φρύγας,
472 2418 532 2495 καὶ
564 2412 834 2510 Σαβελλιανοῦς
862 2410 944 2497 τοῦς
977 2415 1205 2518 υίοπατορίαν
1241 2408 1342 2491 διδιί·

284 2577 451 2642 σκοντας,
479 2547 538 2624 καὶ
563 2540 666 2646 ἕτεροί
691 2577 771 2622 τινα
793 2540 939 2647 χαλεπὰ
961 2549 1162 2625 ποιοῦντας·
1192 2543 1250 2620 καὶ
1275 2537 1344 2623 τὰς

286 2671 405 2754 ἄλλος
428 2668 552 2754 πάσας
577 2669 731 2772 αἱρέσεις
751 2667 888 2778 (ἐπειδὴ
905 2669 1044 2749 πολλοί
1066 2674 1159 2747 εἰσιν
1175 2670 1343 2765 ἐνταῦθα,

286 2795 450 2899 μάλιστα
468 2804 501 2877 oi
520 2796 592 2878 ἀπὸ
605 2801 669 2896 τῆς
684 2802 861 2878 Γαλατῶν
873 2796 993 2903 χώρας
1011 2793 1229 2901 mximam)-
1249 2792 1344 2876 τοίν-

288 2961 352 3019 τας
370 2922 454 3010 τοῦς
472 2927 532 3006 ἀπ’
553 2927 669 3005 αὐτῶν
687 2925 858 3008 θέλοντας
876 2926 1140 3028 προστίθεσθαι
1158 2927 1204 3029 τῇ
1229 2925 1339 3027 ὀρθο-
1353 2961 1393 3000 ιο

287 3137 432 3197 haeretioin
450 3147 611 3204 servantur,
627 3136 793 3214 recipimur,
834 3147 866 3195 et
885 3135 996 3203 oeulos,
1017 3145 1048 3195 et
1069 3155 1162 3206 nares,
1187 3146 1218 3195 et
1242 3155 1285 3205 oa,
1310 3146 1342 3194 et

290 3217 448 3278 secundum
470 3218 630 3295 subjectam
655 3217 702 3274 hic
725 3237 793 3275 oon·
834 3237 928 3276 aurea.
970 3217 1013 3276 Et
1029 3237 1080 3275 eos
1097 3217 1246 3294 signantes
1266 3215 1341 3274 dioi-

293 3299 474 3376 sequentiam
493 3309 524 3356 et
541 3297 793 3358 consuetudinem.
834 3318 910 3366 mus,
924 3298 1113 3378 signaculum
1127 3297 1195 3356 doni
1210 3296 1343 3375 Spiritus

291 3379 418 3437 Arianos
432 3376 559 3456 quidem,
575 3389 605 3437 et
623 3377 794 3437 Macedoni.
836 3379 947 3438 Sancti.
971 3377 1343 3455 AtquiEunomianoo‚qni

291 3480 372 3526 anon,
387 3471 418 3518 et
433 3458 631 3526 Sabbatianos,
647 3469 677 3518 et
694 3457 795 3517 Nova.
836 3459 867 3517 in
891 3481 978 3519 unam
1007 3459 1220 3517 immersionem
1244 3457 1343 3538 bapti.

291 3541 396 3609 tianoa,
417 3539 466 3618 qui
489 3539 591 3599 dicunt
610 3541 719 3618 seipsos
739 3539 794 3598 Ca·
836 3551 959 3611 nantum
974 3539 1344 3617 etMontnnistas,qnihio

292 3622 390 3680 tharos
403 3631 434 3679 et
448 3618 607 3690 Aristoma,
618 3633 648 3680 et
661 3621 796 3678 Tessata·
836 3620 976 3681 dicuntui
996 3621 1137 3700 Phryges,
1158 3633 1189 3678 et
1217 3619 1342 3678 Sabelli·

292 3701 441 3770 deoatitas,
453 3701 514 3760 nive
526 3701 701 3771 Tetraditar,
710 3712 741 3759 et
752 3701 796 3759 Α.
836 3723 915 3769 anos,
931 3703 981 3782 qni
996 3701 1129 3760 eumdem
1144 3721 1207 3760 eoae
1222 3700 1342 3760 Patrem

289 3781 497 3864 pollinaristas,
513 3783 677 3862 recipimus,
693 3782 796 3841 dantes
836 3794 867 3841 et
882 3782 991 3842 Filium
1002 3781 1170 3861 opinantur,
1182 3793 1342 3859 utrumqne

293 3861 411 3941 quidem
425 3861 549 3934 libellos,
564 3876 594 3922 et
608 3883 723 3922 omnem
736 3863 795 3920 hoe-
837 3863 923 3922 aimul
937 3861 1160 3929 confundentes,
1170 3873 1201 3922 et
1211 3863 1268 3921 alia
1278 3882 1343 3941 gra·

293 3945 379 4004 resim
413 3943 700 4014 anathematizantes,
733 3964 797 4021 qum
837 3945 884 4002 via
898 3955 928 4003 et
943 3943 1203 4022 indignafaoinnt:
1226 3954 1258 4002 et
1272 3943 1344 4002 alias

293 4043 352 4083 non
366 4024 455 4084 sentit
469 4034 503 4082 ut
517 4037 616 4084 saneta
628 4024 686 4083 Dei
697 4026 795 4084 oatho-
838 4045 939 4084 omnen
966 4026 1105 4084 haeresen:
1136 4025 1273 4102 quoniam
1296 4024 1345 4082 hio

292 4105 348 4164 lica
369 4116 399 4164 et
420 4103 578 4184 apostolica
600 4104 738 4172 ecelesia
766 4118 797 4165 et
838 4106 923 4165 multi
938 4117 1007 4164 nunt
1021 4105 1158 4174 haretici,
1173 4117 1204 4164 et
1217 4105 1346 4164 maxime

292 4186 430 4263 signatos,
456 4186 514 4244 sive
539 4197 643 4245 unctos
670 4187 797 4264 primum
837 4187 947 4264 quiex
968 4186 1139 4245 Galatarum
1152 4187 1271 4265 regione
1294 4206 1346 4245 ve.

293 4279 393 4326 sancto
414 4267 577 4335 chrismate,
603 4279 634 4326 et
658 4267 796 4334 frontem,
838 4267 940 4327 aiunt:
966 4268 1143 4346 quicumque
1153 4287 1190 4326 ex
1201 4267 1346 4328 hisreetae
