2867 4817
373 317 665 387 HAERETICOS
690 315 938 387 LIBELLUS.
1123 316 1186 387 163

133 507 171 567 et
187 498 387 569 humanum
405 499 614 592 sangninem
634 496 795 568 fundere
846 496 1029 568 Christum
1055 488 1185 581 eutem,
1220 510 1235 537 ·'

132 638 203 687 non
220 619 269 687 ab
285 618 366 700 boc,
384 618 446 709 qui
463 617 588 688 iecerit
603 616 788 698 mundum,
806 616 868 685 sed
891 614 936 685 ab
960 614 1022 684 illo
1039 613 1186 686 Abraxe

132 737 281 805 missum
317 735 455 805 venisse
488 735 526 803 in
563 732 836 826 phantasmate:
880 731 956 801 sine
989 731 1186 803 substantia

129 855 248 921 carnis
277 851 407 923 fuisse:
433 851 529 921 hunc
551 871 693 944 passum
718 871 741 919 a
762 847 896 919 Judaeis
921 872 993 919 non
1018 871 1104 932 esse,
1122 848 1184 919 sed

105 970 210 1046 51166
223 970 336 1061 ipsius
349 967 534 1038 Simonem
542 967 754 1040 crucifixum
764 988 855 1049 esse;
868 966 963 1036 unde
974 989 1040 1036 nec
1054 967 1091 1035 in
1101 988 1184 1036 eum

128 1086 352 1156 credendum
369 1106 456 1167 esse,
469 1086 531 1176 qui
543 1084 590 1154 sit
606 1084 805 1165 crucifixus,
816 1106 862 1153 ne
879 1084 957 1175 quis
974 1084 1185 1154 confiteatur

128 1200 229 1296 (sor.
248 1202 472 1295 conficiatur)
489 1203 529 1271 in
552 1201 735 1272 Simonem
758 1201 957 1271 credidisse.
1010 1200 1184 1295 Martyria

129 1327 242 1411 negat
267 1340 346 1388 eme
370 1318 552 1388 facienda:
578 1319 691 1388 camis
712 1320 1005 1390 resurrectionem
1030 1321 1184 1414 graviter

128 1436 332 1527 impugnat,
349 1456 483 1527 negans
499 1434 651 1505 salutem
668 1437 872 1528 corporibus
889 1437 1146 1529 repromissam.

87 1572 121 1610 ¹0
179 1550 295 1621 Alter
309 1549 500 1621 haereticus
519 1551 872 1636 Nicolaus‘emersit3
896 1551 955 1623 hic
977 1554 1022 1623 de
1048 1561 1184 1645 septem
1203 1570 1341 1655 cunm,

128 1668 302 1749 diaconis,
318 1663 380 1760 qni
397 1669 435 1738 in
452 1667 557 1739 Actis
574 1668 831 1762 Apostolorum
848 1668 967 1739 allecti
986 1653 1078 1753 sunt,
1096 1670 1165 1740 fuit
1175 1693 1183 1741 :
1193 1644 1249 1693 Μ’
1262 1658 1293 1689 v*
1307 1656 1330 1705 ⁵'

128 1784 188 1854 iric
211 1784 303 1854 dicit
319 1784 486 1855 tenebras
510 1785 548 1854 in
572 1788 858 1879 concupiscentia
883 1785 1036 1870 luminis,
1054 1794 1092 1857 et
1109 1788 1185 1880 qui-

126 1901 215 1972 dem
242 1902 340 1971 foeda
363 1910 402 1972 ct
427 1902 601 1986 obscoena,
626 1903 757 1974 fuisse:
785 1926 831 1973 ex
856 1901 923 1973 hac
948 1904 1185 1996 permixtione

127 2020 265 2110 (pudor
290 2027 346 2090 est
366 2020 485 2090 dicere
510 2042 588 2111 quse
613 2020 738 2091 foetida
762 2028 800 2090 et
817 2020 1021 2104 immunda3
1047 2031 1185 2092 suntet

82 2145 266 2213 ¹5caetera
295 2136 485 2227 obscena}
522 2160 645 2208 omnes
668 2134 762 2233 (sor.
793 2140 914 2231 omne)
945 2138 1040 2208 enim
1076 2140 1183 2210 refert

126 2252 306 2343 quosdam
329 2253 559 2345 turpitudinis
583 2262 696 2336 notos,
721 2250 813 2349 (sor.
838 2254 1008 2346 quasdam
1033 2256 1186 2348 tmpitu-

126 2371 226 2440 dinis
250 2379 355 2439 notas
378 2367 537 2464 Scmlcr.)
564 2377 602 2441 et
624 2370 843 2463 complexus,
867 2378 905 2441 et
930 2371 1185 2463 permixtiones

125 2484 362 2569 execrabiles,
380 2487 630 2579 obscenasque
655 2489 928 2580 conjunctarum
948 2488 1112 2579 quaedam
1138 2511 1184 2559 cx

126 2603 216 2695 ipsis
244 2600 364 2671 adhuc
393 2604 565 2698 turpiora)
593 2612 696 2675 natos
729 2612 900 2697 prseterea
933 2605 1118 2687 demones,
1147 2614 1186 2675 et

81 2741 119 2778 20
129 2720 230 2799 deos,
248 2729 288 2787 et
300 2718 445 2811 spiritus
461 2729 609 2812 septem,
626 2728 664 2791 et
681 2720 751 2791 alia
768 2723 852 2791 sctis
869 2720 1039 2815 sacrilega
1054 2704 1185 2813 pariter

126 2843 168 2905 ot
185 2834 295 2915 foeda,
308 2856 385 2925 quoe
402 2834 532 2907 referre
549 2837 798 2920 erubescimus,
812 2844 850 2907 et
860 2837 937 2929 jem
954 2837 1183 2929 praeterimus.

127 2950 231 3021 Setis
255 2959 312 3019 est
327 2951 440 3033 nobis,
457 2953 552 3043 quod
573 2939 687 3023 totam
710 2954 816 3023 istem
841 2953 1001 3025 haeresim
1026 2951 1185 3023 Nicolai-

126 3077 252 3137 tarum
284 3064 517 3161 Apocalypsis
550 3067 695 3139 Domini
726 3072 931 3164 gravissima
959 3068 1020 3161 (ao
1053 3072 1184 3165 gravis-

127 3182 275 3273 simaei)
319 3185 506 3254 sententias
540 3186 752 3256 auctoritate
787 3186 978 3271 damnavit,
1013 3187 1182 3258 dicendo:

82 3326 117 3382 25
129 3299 228 3390 Quia
252 3296 319 3371 hoo
342 3308 442 3383 tenes,
460 3299 565 3372 odisti
588 3300 780 3373 doctrinam
798 3301 1063 3388 Nicolaitcrum,
1081 3329 1267 3399 quamnpos
1280 3332 1305 3381 11.
1313 3332 1337 3381 c.

127 3426 164 3487 et
188 3439 251 3514 epo
276 3416 347 3487 odi.
397 3414 636 3489 Accesserrmt
652 3419 708 3490 his
733 3419 893 3491 haeretici
917 3421 1025 3491 etiam
1042 3420 1104 3505 illi,
1123 3422 1183 3513 qui

128 3534 280 3626 Ophitoe
296 3542 565 3627 nuncupantnr3
581 3558 664 3606 nam
682 3544 884 3629 serpentem
901 3538 1129 3632 magnificant
1146 3540 1183 3607 in

130 3658 287 3732 tantum,
304 3659 349 3720 ut
364 3650 466 3719 illum
483 3652 592 3722 etiam
608 3653 674 3745 ipsi
693 3651 835 3723 Christo
852 3654 1048 3745 praeferant.
1101 3654 1183 3747 Ipse

130 3770 238 3850 onim,
256 3767 433 3859 inquiunt,
451 3768 606 3839 scientiae
622 3768 724 3839 nobis
747 3769 830 3840 boni
854 3779 892 3841 et
908 3770 993 3841 mali
1011 3772 1183 3865 originem

81 3910 121 3965 30
131 3886 254 3969 dedit;
270 3885 378 3977 hujus
391 3885 674 3957 animadvertens
689 3889 887 3979 potentiam
905 3896 942 3959 et
959 3889 1182 3981 majestatem

134 4001 291 4095 Moyses,
308 4002 485 4093 inquiunt,
505 4024 636 4073 aereum
661 4005 780 4096 posuit
806 4013 1025 4098 serpentem:
1053 4014 1090 4076 et
1107 4009 1184 4098 qui-

132 4142 286 4211 cumque
303 4120 421 4211 ipsum
439 4129 661 4210 aspexerunt,
679 4122 868 4192 sanitatem
890 4124 1070 4192 consecuti
1088 4131 1181 4192 sunt.

134 4234 224 4329 lpse,
259 4238 363 4307 aiunt
397 4242 575 4327 preterea,
610 4234 771 4309 Christus
813 4238 850 4307 in
892 4235 1076 4330 evangelio
1118 4260 1181 4308 suo

628 4358 694 4422 12
