2867 4817
273 332 337 397 152
630 328 974 397 TERTULLIANI

274 508 455 577 videamus
484 508 569 600 quid
602 505 774 591 didicerit,
805 506 889 603 quid
919 506 1089 590 docuerit,
1119 507 1203 599 quid
1239 524 1325 578 cum

274 624 453 695 Africanis
491 645 631 719 quoque
673 624 833 697 ecclesiis
875 625 1133 696 contesserarit.
1197 623 1325 695 Unum

274 742 394 813 Deum
427 742 527 815 novit
560 750 756 813 creatorem
789 743 1037 827 universitutis,
1072 750 1110 813 et
1140 740 1325 813 Christum

272 859 401 930 Jesum
427 884 473 930 ex
501 861 637 953 virgine
667 859 784 931 Maria
815 858 946 929 Filium
977 858 1046 930 Dei
1077 860 1252 942 creatoris,
1283 868 1326 929 et

273 978 387 1047 carnis
426 978 744 1048 resurrectionem:
787 975 904 1070 legem
945 982 982 1046 et
1015 976 1205 1069 prophetas
1237 992 1357 1054 cums

274 1090 486 1185 evangelicis
503 1099 540 1162 et
557 1091 760 1184 apostolicis
783 1090 911 1161 litteris
928 1092 1064 1173 miscet,
1082 1100 1120 1162 et
1142 1093 1225 1161 inde
1242 1114 1327 1184 por-

272 1218 327 1281 tat
352 1209 479 1280 fidem:
509 1231 588 1280 eam
613 1232 706 1301 aqua
730 1209 856 1302 signat,
883 1206 1016 1279 Sancto
1042 1207 1177 1302 Spiritu
1203 1209 1324 1289 vestit,

272 1325 485 1397 eucharistia
505 1326 629 1419 pascit,
651 1325 860 1418 martyrium
886 1324 1105 1407 exhortatur,
1123 1332 1160 1395 et
1185 1325 1237 1395 ita
1260 1324 1324 1394 ad-

273 1466 393 1515 versus
418 1444 511 1514 hanc
539 1443 800 1513 institutionem
830 1441 1009 1512 neminem
1040 1442 1176 1534 recipit.
1228 1439 1323 1512 Haec

274 1568 330 1632 est
358 1561 535 1632 institutio
570 1582 644 1630 non
674 1558 756 1630 dico
783 1559 861 1651 jam
890 1580 971 1649 quae
1000 1557 1137 1628 futuras
1170 1558 1325 1629 haercses
1340 1581 1381 1621 ιο

113 1700 124 1734 ¹
204 1682 251 1733 ,u
275 1678 546 1772 praenuntiabat,
566 1678 629 1748 sed
651 1676 697 1747 de
717 1698 788 1769 qua
807 1674 960 1745 haereses
980 1676 1197 1767 prodierunt.
1249 1675 1324 1746 Sed

274 1818 346 1866 non
363 1816 486 1865 omnes
507 1790 601 1889 (scr.
623 1793 782 1886 omnino)
804 1816 851 1863 ex
872 1791 943 1876 illa,
961 1816 1007 1863 ex
1029 1816 1100 1886 quo
1117 1794 1223 1865 factae
1240 1802 1325 1865 sunt

273 1911 442 1981 adversus
472 1909 582 1981 illam.
633 1908 753 1979 Etiam
788 1910 832 1979 de
862 1908 966 1979 olivae
1000 1908 1128 1981 nucleo
1161 1910 1259 1981 mitis
1285 1918 1325 1980 et

274 2029 404 2121 opimae
433 2035 472 2099 et
501 2027 707 2097 necessariae
736 2048 839 2119 asper
867 2025 1018 2098 oleaster
1046 2028 1178 2098 oritur:
1213 2028 1325 2097 etiarn

275 2145 321 2216 de
346 2166 521 2237 papavere
541 2144 628 2215 ficus
647 2144 858 2238 gratissimae
880 2152 918 2215 et
940 2144 1156 2216 suavissimae
1177 2152 1378 2228 ventosa15

275 2270 314 2333 et
330 2284 421 2333 vana
436 2262 619 2354 caprificus
636 2262 809 2354 exsurgit.
843 2259 901 2331 Ita
917 2269 954 2331 et
971 2259 1124 2333 haereses
1142 2262 1186 2332 dc
1203 2270 1325 2332 nostro

274 2378 585 2463 fmctilieaverrmt,
594 2402 667 2449 non
679 2384 819 2461 nostrae,
830 2378 1022 2473 degeneres
1035 2379 1194 2450 veritatis
1202 2402 1325 2474 grano,

276 2503 315 2566 et
330 2496 516 2568 mendacio
533 2495 721 2568 silvestres.

120 2608 264 2724 xffi'h·
328 2610 367 2683 Si
384 2613 464 2685 haec
480 2615 531 2684 its
547 2636 586 2685 se
601 2612 746 2697 habent,
763 2620 805 2683 ut
822 2614 951 2683 veritas
973 2614 1075 2685 nobis
1092 2614 1325 2707 adjudicetur,

276 2730 491 2824 quicumque
514 2732 553 2801 in
582 2754 626 2803 ea
655 2729 780 2825 regula
807 2730 1013 2814 incedimus,
1039 2755 1145 2823 quam
1176 2732 1327 2805 ecclesia
1339 2757 1380 2797 20

276 2847 323 2919 ab
356 2848 534 2943 apostolis,
566 2848 717 2942 apostoli
751 2871 773 2920 a
806 2846 958 2929 Christo,
993 2846 1155 2920 Christus
1188 2872 1210 2919 a
1244 2846 1327 2920 Dec

276 2965 432 3050 tradidit,
466 2974 607 3037 constat
639 2967 731 3037 ratio
764 2966 932 3058 propositi
966 2967 1088 3050 nostri,
1123 2967 1326 3037 definientis

275 3104 348 3153 non
382 3106 460 3154 esse
488 3084 728 3155 admittendos
761 3082 949 3153 haereticos
978 3082 1023 3153 ad
1057 3083 1248 3153 ineundam
1279 3081 1327 3153 de

275 3199 458 3292 scripturis
485 3200 782 3293 provocationem,
812 3221 900 3291 quos
929 3198 1005 3269 sine
1034 3200 1214 3293 scripturis
1245 3220 1327 3292 pro-

275 3315 402 3387 bamus
423 3315 469 3387 ad
491 3317 680 3409 scripturas
700 3338 775 3387 non
796 3316 983 3410 pertinere.
1036 3312 1076 3386 Si
1093 3316 1188 3386 enim
1211 3314 1327 3388 haere-
1338 3342 1353 3381 2
1357 3342 1374 3401 5

276 3432 338 3504 tici
359 3442 453 3517 sunt,
470 3432 661 3505 Christiani
678 3456 756 3505 esse
778 3456 850 3503 non
870 3440 1028 3526 possunt,
1046 3454 1118 3502 non
1138 3454 1161 3501 a
1181 3430 1326 3505 Christo

276 3547 440 3620 habendo
456 3550 551 3643 quod
574 3551 619 3622 de
641 3572 706 3623 stra
729 3549 904 3621 electione
924 3550 1050 3621 sectati
1072 3548 1326 3621 haereticorum

274 3668 420 3738 nomine
446 3668 651 3738 admittunt.
703 3666 763 3738 Ita
787 3690 859 3737 non
884 3664 1075 3737 Christiani
1100 3664 1240 3739 nullum
1264 3668 1328 3761 jus

275 3785 420 3878 capiunt
441 3784 720 3856 Christianamm
742 3783 952 3855 litterarum.
1003 3783 1064 3854 Ad
1086 3807 1174 3876 quos
1194 3788 1328 3857 merito

275 3902 466 3974 dicendum
483 3910 548 3985 est,
572 3902 643 3987 Qui
666 3898 775 3972 estis?
801 3900 952 3994 quando,
976 3908 1015 3971 et
1037 3901 1132 3972 unde
1155 3901 1377 3983 venistist30

275 4020 362 4112 quid
386 4020 424 4089 in
443 4041 525 4089 meo
547 4019 652 4114 agitis
673 4042 746 4089 non
769 4018 865 4089 mei?
890 4041 960 4110 quo
983 4018 1136 4110 denique
1161 4017 1329 4091 Marcion

269 4136 352 4229 jure
377 4134 514 4229 sylvam
539 4158 658 4207 meam
687 4134 819 4206 caedist
853 4158 924 4227 qua
952 4134 1097 4207 licentia
1130 4134 1329 4209 Valentino

276 4252 393 4323 fontes
428 4274 529 4326 meos
563 4253 795 4325 transvertis?
845 4275 916 4348 qua
954 4260 1132 4347 potestate
1177 4250 1329 4347 Apelles
