2867 4817
550 364 804 437 LECTORI.
1146 368 1195 435 vii

133 594 236 675 quo,
274 565 352 647 etsi
398 562 582 647 ecclesiae
629 562 1021 671 Hierosolymitanae
1064 561 1198 644 honor

133 710 290 792 solitus
320 722 364 790 et
392 711 593 819 antiquus
626 736 784 791 canone
812 708 989 819 septimo
1022 705 1198 789 Nicaeno

134 860 415 942 confirmatus
447 872 522 956 cst
556 859 754 942 Caesareae
788 868 928 940 tamen
966 857 1197 967 metropoli,

134 1006 291 1088 eodem
319 1032 483 1087 canone
503 1005 691 1115 jubente,
710 1003 822 1085 salva
851 1004 1044 1085 manebat
1070 1002 1197 1085 eccle

134 1149 306 1229 siastica
335 1174 410 1229 sua
444 1146 638 1255 dignitas
671 1150 791 1255 cujus
823 1146 996 1255 quidem
1029 1146 1196 1229 iustitu-

135 1291 263 1373 endae
278 1289 553 1401 praerogativa
566 1285 697 1371 civilis
714 1288 853 1371 fuerat
871 1289 1054 1371 initium.
1090 1291 1196 1380 Quae

135 1464 266 1545 porro
292 1436 590 1518 deferebantur
614 1434 669 1517 ad
692 1434 932 1545 episcopum
957 1435 1194 1519 Romanum

136 1576 455 1689 appellationes,
481 1606 583 1687 quas
611 1576 755 1659 favens
782 1575 831 1673 ei,
850 1590 894 1660 et
922 1573 965 1659 in
996 1577 1195 1661 honorem

135 1725 180 1805 S.
199 1722 328 1819 Petri,
345 1734 603 1805 concesserat
626 1722 868 1805 Sardicensc
894 1720 1127 1820 concilium,
1147 1738 1196 1806 ut

137 1868 343 1949 nimirum
362 1894 497 1951 causae
517 1865 744 1963 nonnulla,
758 1868 835 1949 etsi
855 1868 971 1977 prius
984 1869 1195 1979 judicata,

137 2015 175 2095 si
206 2026 347 2096 tamen
379 2012 568 2121 pontifex
596 2010 668 2094 ille
694 2012 755 2093 ita
778 2013 958 2122 juberet,
976 2013 1020 2095 in
1050 2014 1193 2097 eadem

137 2158 316 2267 quidem
344 2157 556 2267 provincia
583 2169 918 2253 retractarentur,
944 2156 1018 2238 has
1047 2158 1195 2266 utique

141 2300 457 2409 provocationes
501 2300 692 2382 universa
735 2298 906 2381 ecclesia
947 2299 1193 2410 neutiquam

140 2443 367 2525 sanciebat.
429 2443 552 2533 Quod
571 2444 742 2553 quidem
767 2470 925 2527 canone
948 2456 1066 2526 sexto
1086 2440 1194 2526 Con-

143 2584 231 2668 cilii
275 2585 455 2682 Secundi
495 2584 700 2705 generalis
742 2586 905 2695 liquido
949 2587 1195 2671 ostenditur.

146 2728 352 2837 Idemque
378 2731 618 2839 comprobat
646 2757 778 2812 canon
808 2756 945 2811 nonus
970 2729 1196 2813 Chalcedo-

145 2871 299 2954 nensis.
359 2872 474 2961 Quin
494 2884 538 2954 et
560 2874 696 2981 ipsum
716 2872 938 2954 concilium
958 2873 1197 2955 Sardicense

145 3015 299 3099 saeculo
319 3044 431 3099 nono
454 3015 570 3097 haud
596 3028 809 3126 receptum
835 3046 860 3098 a
883 3018 1042 3099 Graecis
1061 3017 1197 3113 fuisse,

143 3190 199 3243 ex
230 3160 405 3270 epistola
438 3161 590 3243 scimus
621 3159 785 3243 Nicolai
810 3161 844 3242 Ι.
872 3161 1082 3273 pontificis
1114 3162 1198 3245 Ro

144 3306 260 3387 mani
279 3306 335 3387 ad
355 3303 555 3389 Photium
567 3318 592 3381 ⁰.
648 3305 785 3387 Taceo
803 3306 857 3387 de
876 3303 1060 3415 epistolis
1079 3333 1199 3417 pseu-

143 3447 509 3545 do-docretalibus,
531 3450 575 3531 in
602 3450 754 3558 quibus
782 3447 1080 3559 appellationes
1109 3452 1198 3533 istae

142 3606 373 3705 apparent;
403 3593 469 3674 hae
496 3595 608 3675 enim
632 3594 818 3703 epistolae
847 3622 1003 3676 merces
1033 3608 1198 3677 tantum

141 3740 325 3834 furtin
345 3752 389 3820 et
408 3735 534 3847 paulo
553 3754 651 3819 ante
670 3737 761 3821 haec
781 3719 967 3848 tempora
994 3738 1199 3823 Photiana

140 3882 344 3976 inducta,
363 3908 476 3963 nunc
495 3881 687 3963 omnibus
709 3882 915 3963 videntur.

198 4025 288 4107 Sed
305 4023 395 4107 haec
415 4024 626 4107 hactenus.
680 4025 741 4106 Ut
759 4024 865 4121 libri,
885 4054 988 4135 quos
1007 4027 1097 4124 edu,
1112 4030 1198 4137 jam

325 4258 339 4289 Ε
357 4246 475 4311 Οοηοίἰ.
491 4258 567 4313 tom.
581 4250 622 4311 V.
640 4274 671 4335 p,
690 4270 759 4335 135.
777 4250 853 4315 odit.
871 4252 1030 4316 Harduiu.
