2867 4817
283 270 348 335 306
533 268 766 332 FIRMIANI
790 267 1064 332 LACTANTII

281 447 402 527 enitar,
426 452 597 539 quantum
622 467 676 515 res
698 445 792 527 sinit,
809 452 847 514 et
870 443 996 515 diffissa
1017 443 1267 537 substringere,
1286 452 1325 513 et

280 563 416 656 prolixa
432 562 609 647 breviare3
635 562 685 632 sic
698 570 828 643 tamen,
846 570 887 631 ut
904 584 1020 653 neque
1036 583 1091 631 res
1107 562 1153 631 ad
1170 562 1323 654 copiam,

280 703 394 773 neque
419 678 557 750 claritas
581 678 626 748 ad
651 676 924 771 intelligentiam
949 677 1071 747 deesse
1093 678 1258 748 videatur
1283 680 1323 747 in

280 797 348 868 hoc
365 819 479 889 opere,
497 818 566 888 quo
584 797 621 865 in
637 795 754 865 lucem
771 794 899 864 veritas
916 793 1151 898 protrahenda
1166 804 1233 864 est.

685 993 853 1065 CAPUT
878 994 908 1065 Ι.

328 1145 447 1217 Prima
481 1144 604 1215 incidit
633 1145 788 1237 quaestio,
818 1145 909 1214 sitne
938 1143 1056 1236 aliqua
1087 1143 1319 1237 providentia,

277 1288 354 1357 quae
378 1272 440 1333 aut
463 1262 586 1333 fecerit
610 1269 673 1331 aut
703 1269 802 1354 regat
824 1260 1008 1330 mundum.
1059 1260 1157 1343 Esse,
1183 1263 1316 1330 nemini

277 1380 423 1451 dubium
448 1388 512 1462 est,
536 1380 707 1471 siquidem
734 1378 892 1448 omnium
918 1379 991 1448 fere
1017 1376 1317 1470 philosophorum,

275 1507 402 1591 praeter
421 1495 576 1567 scholam
600 1493 753 1587 Epicuri,
770 1518 842 1566 una
861 1518 942 1578 vox,
959 1517 1030 1564 una
1052 1496 1228 1565 sententia
1252 1503 1316 1575 est,

275 1638 340 1685 nec
369 1613 444 1684 fieri
473 1614 548 1683 sine
577 1612 710 1683 artifice
741 1610 820 1682 Deo
848 1612 1005 1703 potuisse
1033 1612 1218 1693 muudum,
1248 1634 1339 1697 uec

275 1731 349 1802 sine
372 1740 506 1801 rectore
533 1736 702 1800 constare.
755 1727 881 1820 Itaque
903 1749 974 1796 uon
1000 1726 1114 1797 solum
1139 1750 1161 1797 a
1186 1727 1316 1798 doctis-

274 1850 370 1918 simis
387 1847 478 1931 viris,
496 1846 557 1918 sed
577 1855 615 1916 et
637 1847 796 1917 omnium
813 1844 1014 1915 mortalium
1037 1844 1250 1915 testimoniis
1272 1868 1315 1915 ac

274 1960 431 2031 sensibus
456 1961 658 2054 coarguitur
682 1960 864 2053 Epicurus.
920 1961 1009 2045 Quis
1037 1961 1131 2029 enim
1164 1958 1210 2029 de
1233 1982 1314 2051 pro-

273 2078 429 2147 videntia
458 2076 606 2157 dubitet,
636 2098 719 2145 cum
748 2076 866 2146 videat
896 2075 1002 2147 coelos
1031 2085 1233 2167 terramque
1262 2077 1313 2146 sic

274 2194 450 2287 disposita,
468 2194 517 2263 sio
540 2200 737 2285 temperata
758 2215 834 2263 esse
857 2195 1026 2275 universa,
1044 2174 1086 2263 ut
1110 2216 1181 2263 non
1204 2194 1312 2265 modo

273 2312 316 2381 ad
346 2309 642 2403 pulchritudinem
672 2318 905 2401 ornatumque
932 2310 1139 2392 mirabilem,
1173 2313 1237 2382 sed
1265 2314 1312 2385 ad

270 2450 373 2497 usum
404 2449 543 2519 quoque
572 2426 764 2509 hominum,
800 2437 1074 2519 caeterorumque
1112 2428 1311 2501 viventium

271 2542 558 2614 commoditatem
583 2542 762 2635 aptissime
788 2544 1040 2615 convenirent?
1077 2543 1162 2614 Nou
1190 2557 1311 2639 potest

270 2663 379 2755 igitur
395 2660 488 2751 quod
505 2659 639 2730 ratione
656 2667 804 2743 constat,
822 2659 897 2731 sine
913 2663 1048 2731 ratione
1065 2664 1224 2755 ooepisse.

693 2858 802 2930 CAP.
830 2858 878 2930 ΙΙ.

318 3009 493 3093 Quoniam
511 3018 647 3077 certum
670 3016 724 3076 est
747 3028 822 3077 esse
845 3008 1120 3099 providentiam
1148 3013 1310 3102 sequitur

266 3124 335 3195 alia
365 3125 519 3215 quaestio,
545 3132 711 3194 utrumne
742 3122 840 3193 Deus
874 3147 965 3195 unus
993 3148 1039 3195 an
1070 3125 1198 3219 plures,
1229 3152 1308 3221 quae

267 3242 408 3334 quidem
441 3239 595 3309 multum
627 3239 736 3311 habet
769 3242 1018 3336 ambiguitatis.
1080 3241 1307 3318 Dissentiunt

266 3359 361 3428 enim
393 3380 464 3427 nou
502 3357 607 3427 modo
647 3358 775 3452 singuli
815 3360 909 3429 inter
946 3382 994 3442 se,
1033 3382 1156 3431 verum
1195 3364 1304 3435 etiam

264 3474 384 3567 populi
412 3482 518 3565 atque
547 3483 681 3567 gentes.
734 3473 806 3544 Sed
834 3476 894 3566 qui
924 3476 1097 3547 rationem
1125 3490 1302 3571 sequetur,

264 3590 439 3685 intelliget
464 3614 530 3660 uec
556 3589 751 3662 Dominum
773 3614 849 3662 esse
873 3614 975 3685 posse
996 3594 1063 3663 nisi
1088 3618 1211 3679 unum,
1237 3621 1302 3669 nee

267 3708 407 3779 Patrem
432 3708 498 3777 nisi
520 3730 641 3777 unum.
693 3707 791 3779 Nam
816 3710 847 3778 si
868 3707 975 3791 Deus,
994 3712 1053 3802 qui
1076 3714 1195 3784 omnia
1219 3738 1303 3786 con-

265 3826 364 3908 didit,
382 3834 419 3895 et
435 3824 529 3894 idem
546 3823 732 3908 Dominus,
749 3834 787 3895 et
809 3824 913 3895 idem·
926 3824 1033 3897 Pater
1053 3838 1118 3912 est,
1136 3854 1229 3902 uuus
1245 3835 1301 3917 sit,

262 3958 404 4012 necesse
427 3951 490 4023 est,
514 3949 556 4012 ut
578 3941 673 4012 idem
690 3944 736 4013 sit
753 3952 858 4035 caput
881 3944 1045 4036 idemque
1069 3946 1301 4021 fons'rerum.

263 4058 342 4129 Nec
364 4068 498 4151 ·potest
535 4058 637 4129 aliter
674 4080 811 4129 summa
844 4058 991 4155 (Confer
1027 4086 1099 4157 cop.
1125 4062 1234 4136 XIV.
1269 4077 1302 4137 et

263 4174 437 4265 LXVII.)
456 4177 654 4257 consistere,
672 4176 738 4245 nisi
755 4175 799 4245 sd
816 4200 926 4247 uuum
943 4188 1071 4249 cuncta
1093 4180 1300 4266 referantur,
