2867 4817
428 352 575 419 LIBER
598 353 792 419 PRIMUS.
1065 350 1128 419 261

90 530 189 603 modi
217 536 336 600 motus
370 528 635 622 perturbatione
658 529 796 623 jactari,
833 527 1060 614 immortales,
1095 537 1132 601 et

1 667 5 675 ’
90 647 253 741 perpetui
271 669 342 717 non
359 654 461 717 sunt:
486 668 553 716 nec
575 645 825 717 indivinitatis
846 645 994 738 alicujus
1012 647 1134 717 existi·

90 765 250 837 motione
274 762 438 856 ponendi.
490 761 563 834 Ubi
593 763 688 835 enim
706 772 767 835 est
794 762 898 846 ullus,
924 763 1016 834 sicut
1042 764 1134 857 sapi-

92 881 235 953 entibus
259 880 409 962 ridetur,
435 878 591 963 affectus,
621 878 670 951 ibi
701 902 778 951 esse
802 901 947 950 necesse
973 889 1028 951 est
1056 904 1134 974 pss·

93 999 239 1071 sionem.
293 995 366 1068 Ubi
394 996 508 1089 passio
535 996 603 1067 sita
629 1005 694 1079 est,
721 996 1022 1089 perturbationem
1052 1020 1135 1068 con·

93 1124 303 1187 sentaneum
332 1121 386 1184 est
415 1114 592 1205 consequi.
645 1112 718 1184 Ubi
747 1114 965 1207 perturbatio
989 1124 1057 1199 est,
1083 1114 1134 1185 ibi

94 1231 196 1303 dolor
220 1240 258 1303 et
282 1231 452 1326 egritudo
477 1238 542 1301 est.
594 1229 667 1302 Ubi
692 1230 792 1302 dolor
816 1239 854 1301 et
876 1231 1051 1326 aegritudo
1068 1241 1133 1316 est,

94 1348 334 1419 imminutioni
352 1357 390 1418 et
413 1346 627 1438 corruptioni
648 1346 726 1438 jam
742 1346 841 1417 locus
858 1356 932 1417 est:
964 1370 1042 1440 quas
1063 1348 1135 1420 duo

95 1464 127 1535 si
144 1472 284 1547 vexant,
301 1464 402 1534 adest
418 1463 553 1533 vicinus
570 1463 744 1546 interitus,
756 1485 850 1533 mors
867 1464 986 1535 omnia
1000 1464 1135 1549 finiens,

96 1589 137 1653 et
153 1580 288 1651 cunctis
305 1579 462 1651 sdirnens
480 1578 713 1649 sentientibus
730 1578 851 1649 vitam.
901 1579 1021 1663 Quid?
1041 1583 1136 1675 qnod

96 1698 167 1771 isto
183 1696 288 1769 modo
305 1718 377 1783 non
393 1704 533 1767 tantum
551 1694 630 1765 illos
646 1694 743 1766 leves
759 1704 797 1765 et
810 1696 980 1768 fervidos:
1002 1721 1136 1783 verum,

97 1814 192 1907 quod
220 1813 265 1883 ab
290 1812 356 1883 diis
379 1811 544 1883 convenit
567 1811 689 1903 procul
706 1834 783 1882 esse
809 1812 995 1897 dimotum,
1012 1822 1050 1885 et
1070 1815 1138 1885 ini·

97 1952 187 2023 quos
211 1928 386 2011 inducitis,
412 1937 451 1999 et
475 1928 634 2020 injustos,
660 1938 696 1998 et
720 1929 893 2021 aequitatis
912 1929 969 2000 vel
990 1932 1137 2003 modicae

98 2046 234 2117 nullam
260 2068 401 2139 prorsus
428 2045 588 2115 obtinere
614 2046 798 2117 rationem.
849 2046 944 2129 Quid
964 2056 1019 2118 est
1041 2050 1137 2119 enim

99 2170 176 2233 tam
201 2161 369 2253 injustum
395 2183 500 2253 qnam
526 2162 563 2230 in
586 2160 673 2232 alios
695 2162 863 2245 irasciet
887 2161 974 2233 alios
996 2163 1137 2247 laedere,

101 2279 148 2349 de
173 2276 373 2349 hominibus
402 2278 579 2369 conqueri,
609 2286 647 2348 et
676 2277 821 2350 innoxia
849 2278 1039 2351 dilacerare
1066 2281 1139 2351 fru-

100 2394 246 2466 menta?
284 2394 522 2466 Christianum
552 2417 683 2465 nomen
716 2396 842 2477 odisse,
876 2405 914 2467 et
950 2398 1139 2491 dispendiis

102 2511 265 2583 omnibus
282 2534 362 2583 suos
379 2509 592 2583 labefactare
609 2510 786 2583 cultores?

155 2626 243 2697 XX.
268 2624 331 2697 An
354 2626 512 2718 nunquid
538 2627 663 2699 iccirco
690 2628 729 2697 iu
753 2651 816 2698 vos
842 2630 950 2700 etiam
978 2631 1140 2716 saeriunt,

102 2752 146 2819 ut
170 2744 345 2815 intestinis
370 2744 573 2815 vulneribus
598 2745 766 2816 concitati
794 2746 832 2815 in
861 2746 1033 2819 ultionem
1058 2770 1142 2820 cen·

103 2860 254 2953 surgatis
276 2858 440 2931 illorum?
467 2859 562 2954 Ergo
583 2860 739 2931 humens
760 2862 954 2953 patrocinia
978 2864 1027 2934 dii
1048 2888 1143 2957 quae-

104 2984 198 3059 runt,
215 2985 252 3047 et
269 2976 335 3047 nisi
353 2984 469 3049 restra
484 2975 616 3046 fuerint
637 2978 829 3048 assertione
845 2980 1005 3071 protecti,
1024 2981 1142 3054 idonei

105 3117 176 3165 non
194 3101 276 3163 sunt
297 3092 371 3186 ipsi,
390 3091 449 3185 qui
471 3092 683 3187 propulsare,
700 3094 888 3166 defendere
905 3119 985 3167 suos
1001 3094 1143 3170 valeant

106 3208 347 3283 contumelias.
389 3209 557 3295 erinimo
578 3210 607 3280 si
630 3232 750 3281 verum
768 3222 823 3281 est
843 3214 964 3283 ardere
985 3213 1065 3285 illos
1081 3214 1142 3299 ira,

106 3327 302 3421 permittite
330 3325 399 3397 illis
429 3334 645 3420 potestatem
672 3328 736 3411 sui,
767 3328 958 3400 defendant
986 3354 1025 3402 se
1056 3333 1143 3425 ipsi:

107 3452 215 3536 atque
236 3444 273 3513 in
296 3442 467 3514 ultionem
491 3444 684 3536 majestatis
702 3444 841 3516 offensae
860 3446 1045 3522 intestinas
1061 3474 1145 3521 exe-

107 3568 196 3643 runt,
223 3558 517 3652 experianturque
543 3560 701 3631 virtutes.
753 3561 905 3634 Possunt
931 3587 1004 3647 nos,
1030 3566 1059 3636 si
1084 3590 1145 3637 ro·

108 3676 249 3759 luerint,
274 3684 374 3760 aestu,
399 3686 545 3769 possunt
570 3678 818 3751 nocentissimo
840 3681 978 3776 frigore,
999 3694 1145 3775 possunt

108 3790 201 3865 aruis
239 3790 432 3884 pestilibus,
469 3802 615 3884 possrmt
653 3794 856 3866 morborum
895 3797 1146 3871 obscurissimis

109 3908 222 3981 musis
247 3930 402 3993 enecare,
428 3932 643 3993 consumere,
668 3918 776 4003 atque
805 3912 850 3983 ab
879 3914 975 3984 omni
1004 3915 1146 4008 penitus

110 4034 206 4097 coetu
228 4024 462 4097 exterminare
486 4024 709 4109 mortalium3
735 4037 798 4098 aut
822 4029 851 4098 si
875 4030 1009 4100 malum
1034 4034 1147 4105 consi.

111 4140 199 4212 lium
224 4147 279 4213 est
303 4140 445 4233 aggredi
471 4164 535 4212 nos
562 4142 605 4225 vi,
632 4142 799 4217 emittant
823 4144 963 4238 aliquod
989 4148 1147 4244 indigna·

111 4255 217 4329 tionis
233 4254 383 4349 signum,
400 4280 463 4349 per
478 4260 573 4349 quod
591 4282 665 4332 esse
686 4258 859 4351 liquidum
880 4265 1017 4336 cunctis
1037 4268 1147 4359 possit

113 4371 328 4445 invitissimis
345 4394 408 4443 nos
424 4372 474 4445 eis
490 4372 648 4447 habitare
666 4376 732 4448 sub
748 4378 849 4449 coelo.
