2867 4817
244 233 461 306 CONCILII
484 232 717 300 EPHESINI
742 230 1073 299 UNIVERSALIS.
1169 231 1192 300 9

135 445 211 492 σαν
235 408 336 516 παρὰ
362 415 435 490 τῶν
462 407 577 511 ἁγίων
603 406 769 512 πατέρων
793 411 868 486 τῶν
889 408 928 486 ἐν
954 410 999 510 τῇ
1024 402 1187 486 Νικαέων

135 537 388 644 συναχθέισων
406 532 522 635 πόλει,
540 532 612 616 σὺν
630 535 723 643 ἁγίῳ
741 530 938 634 Πνεόματι.

191 664 287 750 Τοὺς
314 662 353 746 δέ
377 668 589 764 τολμῶντας
616 659 641 764 ἦ
671 660 876 743 συντιθέναι
901 661 1027 741 πίστιν
1053 656 1186 762 ἑτέραν,

134 791 248 898 ἤγουν
264 789 488 899 προκομίζων
501 789 732 899 ἢπροφέρειν
743 795 819 875 τοῖς
832 787 1008 869 θέλουσιν
1023 785 1187 890 έπωτρέ

105 927 218 1030 εφειν
234 925 283 1007 είς
299 922 494 1025 ἐπίγνωσιν
510 923 575 1020 τῆς
592 918 772 1020 ἀληθείαις,
789 915 814 1018 ἢ
832 916 877 1025 ἐξ
885 911 1186 1018 Ἐλληνισριοδῆ

134 1051 179 1158 ἐξ
193 1051 432 1152 ’Ῑουδαὶσμοῦ,
448 1045 563 1151 ἤγουν
587 1046 631 1155 ἐξ
646 1043 818 1150 αἱρέσεως
841 1042 1071 1145 οίασδέρτοτε·
1098 1041 1182 1123 τοιί·

134 1211 228 1277 τους,
246 1184 276 1258 εί
303 1175 369 1278 μὲν
395 1171 464 1257 εἶεν
490 1175 692 1272 ἐπίσκοποι,
719 1169 745 1274 ἢ
773 1174 945 1276 κληρικοὶ,
970 1171 1185 1273 ἀλλοτρίους

133 1301 223 1385 εἶναι
245 1303 329 1390 τοὺς
351 1298 570 1386 ἐπισκόπους
588 1305 652 1401 τῆς
677 1301 887 1400 ἐπισκοπῆς,
904 1299 964 1379 καὶ
986 1294 1071 1383 τοὺς
1090 1308 1182 1398 κλη-

133 1429 252 1536 ρικοῧς
287 1439 352 1512 τοῦ
384 1428 532 1536 κλήρου·
568 1433 599 1510 εἰ
631 1425 670 1508 δὲ
707 1428 827 1508 λαίκοὶ
862 1422 941 1525 εἶεν,
972 1425 1185 1527 α’ναθεματίς

85 1557 269 1663 ιοζεσθαι.
299 1555 393 1640 κατὰ
409 1556 473 1640 τὸν
489 1556 573 1638 ’ίσον
596 1553 634 1637 δέ
657 1551 803 1660 τρόπον,
821 1559 852 1635 εὶ
875 1552 1072 1663 φωραθεῖέν
1088 1587 1183 1633 τινε·

132 1686 202 1769 εἴτε
233 1687 433 1784 ἐπίσκοποι,
465 1685 534 1766 εἴτε
565 1686 739 1788 κληρωτοὶ,
770 1683 838 1765 εἴτε
869 1686 999 1782 λαῖκοὶ,
1029 1680 1055 1784 ἢ
1086 1687 1180 1790 φρο-

134 1812 330 1915 νοῦντες,ἢ
353 1810 582 1897 διδάσκοντες
604 1810 651 1891 τὰ
675 1811 715 1891 ἐν
740 1815 787 1916 τῇ
809 1810 1097 1916 προκομσθείσῃ
1121 1812 1182 1890 έκ-

133 1941 233 2022 θέσει
250 1939 349 2046 παρὰ
372 1940 554 2044 Χαρισίου
569 1945 635 2020 τοῦ
658 1938 917 2043 πρεσβιπερου,
933 1940 1016 2040 περὶ
1039 1940 1103 2038 τῆς
1123 1939 1181 2019 ἐν·

134 2065 399 2171 ανθριοπὴσεως
423 2074 488 2148 τοῦ
512 2074 727 2169 μονογενοῦς
747 2069 838 2146 Υίοῦ
862 2073 926 2144 τοῦ
950 2069 1057 2163 Θεοῦ,
1073 2061 1186 2168 ἤγουν

86 2193 181 2288 sse&
197 2194 309 2300 πικρὰ
335 2196 394 2276 καὶ
416 2194 680 2298 διεστραμμένα
702 2201 768 2274 τοῦ
787 2191 989 2298 Νεστορίου
1013 2190 1187 2296 δόγματα,

134 2323 235 2407 ἃκαὶ
261 2323 509 2408 ὑποτέτακται·
540 2324 816 2405 ι’ποκείσ”υσαν
842 2329 889 2429 τῇ
916 2322 1101 2430 οίποφιίσει
1121 2326 1187 2423 τῆς
1225 2407 1232 2415 ,

134 2455 240 2558 ἁγίας
269 2453 402 2553 ταύτης
429 2454 490 2532 καὶ
516 2455 756 2550 οἰκουμενικῆς
784 2447 952 2531 συνόδου·
992 2447 1089 2531 ὥστε
1116 2455 1181 2552 δη-

133 2579 258 2664 λονότι
274 2579 340 2662 τὸν
362 2576 429 2681 μέν
446 2579 645 2661 έπίσκοπον
663 2581 1000 2681 ἀπαλλοτριοῦσθαι
1022 2583 1087 2678 τῆς
1103 2580 1182 2662 ἑπι-

134 2712 276 2811 σκοπῆς
293 2710 352 2790 καὶ
364 2703 453 2788 εἶναι
465 2707 724 2814 καθῃρημένον·
744 2704 809 2786 τὸν
822 2703 861 2786 δὲ
874 2705 1044 2810 κληρικδν
1057 2709 1186 2808 ὁμοίως

133 3063 199 3125 ques
212 3063 231 3104 s
243 3045 350 3105 metis
363 3045 496 3125 petribus
514 3044 566 3122 qni
580 3043 613 3102 N
614 3043 639 3102 i.
679 3042 768 3103 modo
780 3054 879 3104 sutem
890 3043 916 3104 si
929 3041 1102 3125 deprehensi
1116 3045 1182 3106 fue-

133 3145 201 3187 οςιιο
214 3145 250 3185 eo
359 3125 476 3197 tisunt,
487 3125 519 3186 in
530 3124 639 3185 Seneto
679 3123 741 3182 rint
760 3123 860 3204 aliqui,
881 3125 943 3186 sive
962 3125 1101 3207 episoopi,
1121 3127 1183 3187 sive

134 3144 387 3288 Spirituffits
400 3216 455 3266 est.
680 3202 788 3277 elerici,
812 3206 873 3265 sive
896 3205 972 3274 lsiei,
996 3205 1044 3267 vel
1065 3207 1182 3277 sentire,

174 3287 237 3360 Qui
256 3295 354 3347 sutem
373 3287 459 3346 sliam
477 3285 564 3346 fidem
584 3307 636 3347 su·
677 3284 726 3344 vel
740 3284 852 3355 dooere,
868 3306 902 3346 es
915 3307 980 3366 quoe
999 3298 1068 3347 sunt
1086 3289 1118 3346 in
1131 3307 1181 3348 ex·

133 3367 206 3428 dent
219 3387 402 3449 oomponere‚
416 3367 464 3427 vel
482 3367 635 3438 adducere,
677 3365 823 3446 positione
832 3365 921 3427 sllsts
930 3388 948 3426 s
958 3368 1091 3427 charisio
1102 3389 1182 3448 pres-

132 3447 179 3508 τε]
194 3447 299 3509 offerre
319 3447 366 3518 iis,
385 3449 436 3528 qui
455 3467 487 3508 se
504 3447 542 3507 sd
560 3449 635 3507 veri·
678 3447 791 3526 bytero,
827 3447 864 3507 de
900 3449 1035 3508 humone
1069 3459 1182 3509 nature

134 3529 203 3594 tetis
213 3528 391 3607 agnitionem
402 3528 504 3588 volunt
517 3549 637 3589 conver.
678 3528 864 3609 susceptione
874 3529 1019 3609 unigeniti
1028 3528 1099 3588 Filii
1115 3530 1183 3600 Dei,

133 3619 206 3679 tere,
219 3608 268 3669 vel
286 3629 323 3668 ex
342 3609 517 3688 gentilitate,
532 3609 579 3669 vel
600 3629 637 3669 ex
678 3609 740 3668 sive
756 3609 897 3670 seelersts
910 3621 941 3669 et
954 3630 1090 3689 perverse
1103 3610 1182 3670 Nes·

133 3689 297 3758 Judsismo,
326 3689 373 3750 vel
401 3710 438 3751 ex
465 3710 638 3769 quoeunque
678 3689 747 3748 torii
765 3689 910 3770 dogmate,
924 3710 989 3769 ques
1007 3691 1095 3750 etism
1113 3691 1182 3751 sub·

134 3781 230 3831 seete:
266 3790 326 3840 eos,
355 3771 407 3849 qui
436 3771 495 3831 sint
519 3770 635 3849 quidem
674 3770 754 3847 jeets
762 3782 848 3831 sunt:
864 3771 1055 3849 subjicientur
1065 3781 1183 3832 senten.

133 3851 273 3932 episcopi,
288 3851 335 3911 vel
349 3851 457 3922 elerici,
473 3853 509 3911 ab
526 3852 637 3932 episeo-
678 3851 728 3910 tie
741 3852 830 3930 hujus
844 3863 950 3912 οαοοιυι
963 3862 995 3911 et
1011 3852 1182 3914 universalis

133 3942 205 4011 potu
220 3952 282 3992 esse
301 3931 410 3993 alienos
429 3932 588 4013 episcopos,
607 3943 637 3992 et
679 3931 793 4011 synodi,
820 3943 852 3993 et
880 3932 1034 4014 episeopus
1063 3933 1180 4013 quidem

134 4011 252 4072 elerioos
271 4033 288 4071 s
307 4011 400 4072 clero:
424 4013 564 4072 sieutem
578 4013 638 4072 sint
678 4011 789 4073 seilicet
809 4014 849 4073 sit
875 4015 912 4073 ab
934 4015 1102 4094 episcopatu
1126 4013 1182 4073 sli-

134 4091 210 4162 isiei,
235 4093 482 4154 mathematimfi.
523 4092 636 4153 Eodem
677 4111 767 4153 enus:
787 4093 1021 4154 elerieussutem
1033 4093 1181 4173 grsdn‘si·

179 4209 251 4253 VOL.
270 4209 310 4256 11.
747 4213 764 4252 0
