2867 4817
284 315 349 382 ³56
535 318 769 384 FIRMIANI
794 318 1068 384 LACTANTII

285 502 553 586 persequuntur,
588 517 722 564 neore
751 515 818 563 nec
848 495 955 564 verbo
984 515 1243 587 repugnamus,
1278 478 1335 562 sed

285 611 400 691 mites,
417 619 456 680 et
475 610 587 692 taciti,
603 619 642 680 et
664 611 840 702 potientes
862 609 1071 702 perferimus
1087 610 1224 690 omnia,
1243 631 1337 700 qne-

287 748 426 819 cunque
458 725 625 796 adversus
653 749 718 796 nos
750 733 869 817 potest
897 724 1088 797 crudelitas
1117 723 1337 796 machinari:

287 843 460 914 habemus
482 843 577 912 enim
599 842 764 913 fiduciam
790 843 828 912 in
853 841 944 926 Deo,
961 865 984 912 a
1007 865 1077 933 quo
1101 851 1338 934 expectamus

289 969 490 1032 secuturam
514 960 674 1051 protinus
697 959 884 1030 ultionem.
936 957 1017 1029 Nec
1044 968 1099 1030 est
1124 960 1246 1028 inanis
1273 959 1340 1028 ista

289 1078 437 1148 fiducie:
471 1077 645 1168 siquidem
670 1099 793 1146 eorum
819 1077 988 1158 omnium,
1013 1077 1074 1169 qui
1099 1076 1169 1146 hoc
1199 1076 1341 1146 facinus

290 1195 365 1266 ausi
398 1203 491 1276 sunt,
525 1193 741 1264 miserabiles
774 1194 892 1264 exitus
931 1193 1059 1286 partim
1093 1191 1341 1286 cognovimus

290 1311 418 1403 partim
443 1310 604 1380 ridemus
632 1307 725 1404 (sor.
756 1311 907 1381 vidimus
936 1307 1102 1404 Dans„
1141 1333 1211 1380 nec
1245 1309 1341 1380 ullus

290 1427 415 1497 babuit
437 1428 595 1519 impune,
610 1427 705 1519 quod
730 1426 848 1498 Deum
865 1428 974 1511 laesit3
1003 1429 1067 1498 sed
1085 1427 1147 1520 qui
1168 1427 1219 1498 sit
1236 1448 1342 1496 verus

294 1542 402 1627 Deus,
418 1545 479 1635 qui
496 1544 604 1614 verbo
621 1545 755 1615 discere
777 1544 901 1628 noluit,
919 1543 1091 1637 supplicio
1115 1567 1181 1614 sno
1198 1544 1340 1614 didicit.

294 1658 437 1732 Vellem
467 1662 566 1742 scire,
591 1683 673 1731 cum
702 1661 832 1732 invitos
861 1662 1009 1755 adigunt
1035 1662 1080 1731 ad
1112 1661 1343 1740 sacrificium,

293 1777 378 1870 quid
414 1800 536 1848 seeum
572 1777 727 1848 habeant
764 1779 918 1862 rationis,
956 1787 1018 1850 aut
1055 1779 1113 1849 cui
1152 1787 1342 1871 praestent,

294 1895 389 1986 quod
423 1895 568 1965 faciunt.
620 1893 660 1965 Si
694 1894 784 1977 diis;
829 1919 901 1966 non
933 1905 988 1966 est
1021 1895 1082 1966 ille
1111 1895 1241 1979 cultus,
1275 1919 1344 1966 nee

294 2010 510 2104 acceptabile
535 2010 754 2090 sacrificium,
780 2011 873 2102 quod
898 2013 940 2082 lit
968 2013 1123 2106 ingratis,
1149 2013 1247 2104 quod
1280 2036 1345 2082 ex-

295 2137 479 2220 torquetur
502 2150 566 2220 per
589 2127 763 2218 injuriam,
789 2128 885 2221 quod
913 2131 1049 2199 eruitur
1074 2151 1137 2222 per
1165 2129 1340 2200 dolorem.

296 2245 336 2315 Si
360 2254 480 2315 autem
502 2245 596 2336 ipsis,
613 2265 701 2335 quos
727 2253 879 2338 cogunt3
905 2269 976 2315 non
1001 2254 1056 2316 est
1079 2247 1206 2337 utique
1232 2247 1343 2318 bene-

296 2361 427 2443 ficium,
452 2359 547 2452 quod
576 2361 664 2452 quis,
693 2383 740 2430 ne
762 2360 922 2454 accipiat,
940 2362 1049 2432 etiem
1073 2365 1163 2432 mori
1188 2362 1341 2434 mavult.

297 2477 338 2548 Si
363 2479 496 2549 bonurn
518 2485 583 2560 est,
599 2478 644 2547 ad
667 2479 763 2569 quod
785 2499 844 2549 me
865 2501 978 2562 vocas,
996 2503 1060 2550 our
1080 2478 1175 2549 malo
1197 2481 1340 2563 iusim,

297 2617 360 2663 our
376 2615 447 2664 non
464 2592 589 2676 verbis,
606 2594 667 2665 sed
691 2594 915 2678 verberibus;
940 2619 1004 2666 cnr
1018 2619 1090 2666 non
1111 2597 1260 2680 ratione,
1276 2597 1341 2667 sed

298 2711 509 2783 eruciatibus
542 2711 723 2802 eorporis?
771 2709 878 2782 Unde
916 2721 1062 2805 apparet
1094 2712 1229 2784 malum
1263 2737 1342 2786 esse

297 2827 396 2910 illud,
414 2826 458 2896 ad
476 2828 570 2918 quod
595 2842 666 2898 non
691 2827 795 2898 illicis
819 2828 1008 2910 volentem
1026 2831 1088 2900 sed
1109 2830 1222 2901 trahis
1240 2854 1344 2902 recn-

298 2952 446 3014 santem.
497 2943 589 3027 Quae
605 2943 758 3015 stultitia
777 2952 841 3027 est,
859 2945 1040 3016 consulere
1062 2946 1154 3016 velle
1175 2947 1341 3018 nolenti?

298 3063 360 3131 An
385 3061 415 3131 si
444 3059 570 3152 aliquis
598 3060 840 3153 prementibus
870 3060 971 3133 malis
1000 3064 1045 3133 ad
1074 3073 1228 3136 mortem
1258 3089 1343 3136 con·

300 3179 422 3272 fugere
448 3185 605 3260 conatur,
632 3199 720 3247 num
747 3185 858 3270 potes,
887 3180 916 3248 si
945 3188 1009 3250 ant
1033 3179 1192 3274 gladium
1221 3191 1344 3252 extor-

301 3295 400 3378 seris,
412 3304 476 3366 aut
492 3294 658 3386 laqueum
679 3295 824 3388 ruperis,
841 3304 904 3366 eut
924 3297 1119 3389 praecipitio
1141 3301 1342 3380 retraxeris,

301 3419 364 3480 aut
393 3433 567 3494 venenum
597 3409 771 3493 effuderis,
805 3420 1083 3484 conservatorem
1118 3421 1156 3482 te
1188 3413 1343 3486 hominis

302 3526 453 3620 gloriari,
475 3549 558 3597 cum
582 3525 653 3610 ille,
670 3550 777 3618 quem
803 3549 956 3598 servasse
980 3539 1017 3600 te
1041 3537 1157 3621 putas,
1176 3553 1245 3600 nec
1265 3553 1344 3625 gra-

303 3645 371 3714 tias
394 3653 486 3738 agat,
512 3653 550 3713 et
571 3654 610 3714 te
633 3643 729 3714 mele
751 3667 880 3734 secum
895 3645 1084 3717 arbitretur
1105 3649 1229 3741 egisse,
1247 3647 1343 3740 qnod

303 3767 456 3830 mortem
484 3759 550 3829 sibi
579 3759 798 3851 prohibueris
826 3768 993 3852 optatam,
1021 3763 1114 3853 quod
1147 3763 1194 3834 ed
1224 3763 1344 3846 linem,

305 3877 400 3968 quod
429 3875 475 3946 ad
502 3877 660 3967 requiem
684 3875 857 3948 malorum
887 3879 1068 3968 pervenire
1096 3902 1169 3948 non
1196 3879 1343 3950 siveris?

306 3989 524 4062 Beneficium
541 3991 636 4061 enim
658 4014 730 4063 non
753 4015 799 4062 ex
822 3991 992 4084 qualitate
1008 3995 1058 4064 rei
1079 3995 1197 4078 debet,
1214 3975 1277 4066 seul
1298 4019 1344 4066 ex

305 4106 422 4176 animo
447 4107 534 4198 ejus,
556 4107 618 4197 qui
643 4107 782 4200 accipit,
807 4108 1003 4201 ponderari.
1052 4109 1125 4180 Gru
1148 4135 1212 4204 pro
1238 4112 1346 4182 bene-

304 4223 383 4292 licio
412 4222 576 4312 imputes,
607 4225 701 4313 quod
726 4224 814 4294 mihi
841 4224 1053 4298 maleficium
1078 4229 1156 4300 est?
1191 4227 1261 4300 Vis
1287 4252 1345 4300 me
