2867 4817
272 295 337 356 350
533 289 767 353 FIRMIANI
794 286 1066 350 LAC'I'ANTII

274 461 467 559 inferorum
506 485 625 532 mrtem
664 484 751 532 eum.
808 458 876 532 Ubi
915 469 965 531 est
993 457 1171 552 judicium
1216 465 1331 536 tuum,

275 603 377 663 mors,
407 575 466 649 udi
505 574 718 648 estuantem
748 575 858 647 tuus?
902 575 1004 646 Idem
1034 597 1171 645 rursus:
1213 571 1332 664 (Osee

275 697 321 766 vi.
339 697 390 782 2.)
422 691 614 787 Viuflcahit
640 716 703 764 uos
722 700 803 785 post
825 688 966 760 biduum
994 689 1050 761 die
1075 689 1186 760 tertio.
1240 687 1333 758 Pro-

275 808 390 877 fectus
406 805 516 899 igitur
530 806 569 874 in
585 802 769 875 Galilmom
791 812 872 896 post
894 803 1196 884 resurrectionem,
1221 803 1333 874 disci-

277 923 380 1016 pulos
408 944 489 992 suos
517 943 645 1002 rursus,
675 943 763 1012 quos
792 927 909 989 metus
939 919 976 988 in
1005 919 1126 1012 fugam
1155 927 1332 999 verterat,

277 1037 512 1132 congregavit,
530 1035 692 1126 datisque
715 1034 985 1125 mandatisque
1008 1033 1184 1107 observari
1202 1031 1332 1114 vellet,

277 1162 316 1224 et
332 1152 492 1223 ordinata
507 1149 680 1243 evangelii
704 1150 951 1242 praedicatione
974 1173 1038 1242 per
1054 1157 1171 1220 totum
1189 1149 1332 1230 orbem,

277 1268 459 1360 inspiravit
486 1266 524 1336 in
554 1288 615 1336 eos
644 1265 817 1358 Spiritum
852 1265 1034 1348 Senatum,
1063 1289 1105 1336 aa
1139 1265 1243 1336 dedit
1265 1247 1333 1335 'eis

277 1393 491 1478 potestatem
520 1382 695 1454 mirabilia
724 1381 896 1466 iaciendi3
934 1391 975 1452 ut
1004 1383 1042 1451 in
1076 1381 1229 1452 salutem
1264 1381 1333 1452 ho-

277 1501 413 1570 minum
431 1507 506 1568 tam
523 1499 638 1580 factis,
654 1520 761 1590 quam
778 1497 894 1568 verbis
910 1507 1159 1590 operarentur;
1186 1521 1230 1568 ac
1247 1507 1331 1568 turn

279 1618 424 1686 demum
441 1615 707 1708 quadragesimo
731 1614 788 1684 die
810 1615 980 1684 remeavit
999 1615 1044 1686 ad
1069 1612 1228 1700 Patrem,
1245 1615 1333 1684 sub-

279 1729 372 1799 latus
398 1731 434 1798 in
457 1726 600 1799 nubem.
652 1728 734 1798 Hoc
757 1728 884 1799 Daniel
913 1729 1091 1822 Propheta
1109 1730 1331 1823 jampridem

279 1846 491 1928 ostenderat,
517 1846 656 1917 dicens:
701 1842 863 1916 Videbam
887 1845 925 1914 iu
950 1845 1026 1916 visu
1049 1846 1169 1928 uectis,
1194 1855 1229 1916 u
1255 1869 1333 1916 eece

280 1963 319 2030 ia
346 1959 490 2032 aubibus
514 1959 590 2032 culi
619 1970 657 2031 ut
675 1959 778 2054 fitius
806 1958 958 2032 dominis
987 1963 1133 2045 amima,
1159 1971 1191 2032 et
1221 1985 1332 2056 taqua

279 2075 327 2151 ad
357 2078 537 2170 antiquum
576 2075 711 2146 dierum
749 2078 917 2170 peruenit,
951 2088 983 2149 et
1016 2080 1077 2173 qui
1115 2076 1330 2160 msutedaat,

280 2190 470 2264 obtuleruut
496 2216 582 2276 eura,
613 2201 645 2263 et
673 2191 791 2262 datum
821 2202 870 2263 est
901 2195 934 2264 ei
962 2217 1114 2291 requam,
1144 2203 1177 2264 et
1205 2191 1329 2276 donor,

206 2348 209 2354 ·
280 2317 312 2377 et
335 2308 531 2401 imperium,
549 2316 580 2377 et
605 2329 718 2376 orares
739 2305 876 2400 populi,
893 2307 1012 2392 tarbua,
1030 2307 1158 2406 liupuoe
1178 2311 1331 2380 servient

279 2424 322 2506 ei,
347 2433 379 2493 et
401 2430 553 2516 potestas
578 2421 650 2514 ejus
675 2430 814 2507 ammte,
844 2446 922 2517 pure
950 2447 1124 2519 uunquam
1155 2421 1329 2506 manabit,

280 2549 312 2610 et
333 2561 476 2635 repaum
503 2536 574 2629 ejus
599 2561 670 2608 aaa
695 2549 942 2632 corrumpetur.
969 2539 1330 2633 (Don.vii.13,14.)

281 2654 375 2725 Item
394 2653 510 2723 David
532 2654 569 2723 in
594 2652 735 2724 Psalmo
753 2655 822 2726 cix.
841 2655 907 2749 (l.)
928 2653 1037 2725 Diua
1057 2653 1232 2725 Dominus
1253 2651 1330 2725 Do-

280 2771 376 2840 miua
400 2792 496 2838 raca:
535 2767 626 2841 Sede
649 2767 698 2838 ad
721 2768 895 2840 deuterum
923 2793 1042 2853 meam,
1067 2769 1172 2842 donec
1195 2791 1329 2864 pomam

281 2885 441 2960 inimicas
458 2894 534 2956 tuos
549 2883 802 2980 suppedaneum
813 2885 942 2980 pedum
960 2897 1106 2957 tuorum.

635 3099 747 3171 CAP.
774 3098 957 3172 XLVIII.

333 3231 426 3302 Cum
454 3233 563 3325 igitur
587 3234 632 3304 ad
658 3235 842 3304 dexteram
874 3233 942 3304 Dei
968 3234 1100 3317 sedeat,
1129 3233 1329 3306 calcaturus

282 3349 445 3417 inimicos
467 3370 559 3428 suos,
576 3350 637 3440 qui
660 3372 743 3418 eum
766 3351 1019 3433 cruciaverunt,
1042 3352 1182 3443 qnando
1205 3351 1251 3422 ad
1270 3352 1329 3443 ju-

283 3465 473 3540 dicandum
494 3464 616 3534 orbem
643 3468 800 3550 venerit3
825 3479 970 3558 apparet
992 3467 1127 3537 nullam
1152 3489 1252 3560 spem
1276 3491 1329 3540 ro-

283 3580 415 3670 qunom
443 3601 519 3648 esse
545 3579 689 3663 Judaeis,
715 3582 781 3652 nisi
812 3585 969 3654 conversi
994 3584 1039 3653 ad
1072 3583 1327 3676 poenitentiam,

283 3705 322 3764 et
346 3717 368 3764 a
391 3696 573 3788 sangnine,
597 3720 667 3788 quo
688 3720 726 3766 se
751 3697 964 3790 polluerunt,
987 3699 1110 3782 abluti,
1127 3721 1268 3792 sperare
1293 3702 1329 3770 in

284 3833 367 3880 eum
400 3811 582 3902 coeperint,
617 3835 723 3903 quem
757 3823 987 3907 negaverunt.
1038 3814 1126 3886 Ideo
1162 3816 1213 3886 sic
1243 3817 1330 3888 dicit

285 3924 445 3994 Hesdra:
465 3924 597 4012 (Locus
614 3949 685 3995 non
699 3937 801 3998 extat
818 3929 855 3997 in
868 3929 1003 4000 Bibliis.
1030 3929 1133 4000 Conf.
1148 3931 1185 4002 S.
1194 3929 1329 4004 tustini

287 4039 342 4108 M.
357 4037 450 4108 Dial.
465 4063 547 4110 cum
560 4039 757 4132 Tryphone,
772 4040 866 4140 ΜΩ.
880 4066 914 4137 p.
928 4043 1010 4125 169.
1023 4046 1077 4116 ed.
1093 4045 1328 4138 Benedictio.)

284 4151 366 4226 Hoc
375 4151 507 4248 pascha
523 4152 686 4226 Salvator
708 4167 823 4229 aester
845 4167 894 4230 est
913 4170 945 4231 et
967 4159 1142 4258 resupiam
1164 4171 1328 4238 nostrum.
