2867 4817
526 318 755 383 EPITOME.
773 328 776 334 '
1096 322 1160 393 815

108 514 184 583 que
212 494 417 587 progeniem
446 492 611 589 collegit;
645 495 734 565 item
764 505 970 566 caeterorum
1001 495 1160 567 Deorum

108 618 287 701 parentes,
317 610 455 702 patrias,
485 620 596 694 actus,
627 613 784 705 imperia,
814 613 941 696 obitus,
972 613 1159 707 sepulchra

108 727 223 797 etiam
247 736 452 820 persecutus
477 738 541 800 est.
593 727 710 812 Quam
740 729 923 800 historiam
951 731 1056 801 vertit
1087 730 1160 799 En-

110 842 194 912 nius
222 845 260 913 in
290 845 447 929 latinam,
477 846 577 938 cujus
605 846 683 915 haec
718 846 825 917 verba
854 856 956 917 sunt:
1001 844 1092 917 Haec
1120 856 1160 917 ut

110 958 244 1053 scriptu
281 970 369 1045 caut,
407 960 510 1033 Jocir
538 962 766 1057 fratrumque
803 961 873 1055 ejus
914 962 1020 1056 stirps
1057 970 1159 1057 aque

111 1078 296 1172 aequuum·
333 1078 372 1149 in
406 1076 496 1149 tanc
530 1078 668 1149 modum
701 1077 799 1149 nobis
832 1102 876 1149 aa
915 1102 1015 1149 sumu
1048 1079 1158 1175 scrip—

112 1194 207 1264 tione
229 1194 393 1267 traditum
421 1204 478 1267 est.
530 1196 631 1267 Idem
657 1198 766 1291 igitur
786 1196 1007 1266 Euhemerus
1027 1196 1156 1267 Jovem

110 1312 233 1394 tradit,
251 1335 332 1382 cum
349 1314 532 1405 quinquies
556 1313 678 1383 orbem
696 1314 959 1395 circumivisset,
976 1322 1014 1383 et
1034 1316 1156 1385 amicis

109 1428 184 1497 suis
212 1434 319 1520 atque
349 1429 506 1523 cognatis
536 1428 771 1499 distribuisset
800 1429 957 1523 imperia,
990 1429 1156 1523 legesque

110 1542 323 1629 hominibus,
352 1544 535 1637 multaque
563 1545 633 1617 alia
663 1546 756 1616 bona
784 1546 934 1629 fecisset,
964 1547 1156 1619 immortali

108 1660 223 1753 gloria
256 1664 492 1755 memoriaque
526 1662 693 1733 affectum
728 1664 951 1756 sempiterna,
981 1665 1019 1733 in
1049 1663 1157 1736 Creta

110 1776 222 1846 vitam
247 1786 491 1861 commutasse,
508 1787 617 1871 atque
641 1781 686 1849 ad
713 1780 797 1850 deos
822 1779 958 1862 abiisse,
976 1789 1014 1850 et
1040 1779 1156 1872 sepul·

110 1893 236 1964 chrum
261 1896 336 1987 ejus
361 1918 437 1967 esse
461 1896 500 1967 in·
524 1896 639 1981 Creta,
665 1897 703 1966 in
729 1898 857 1989 oppido
883 1896 1031 1979 Gnosso,
1054 1908 1093 1967 et
1118 1898 1155 1967 in

110 2032 154 2079 ec
171 2012 340 2104 scriptum
358 1996 510 2105 antiquis
527 2012 655 2083 litteris
673 2012 805 2084 Graecis
818 2010 921 2081 ZAN
936 2011 1154 2097 KPONOY,

110 2129 205 2218 quod
222 2136 276 2199 est
292 2127 436 2221 Jupiter
457 2128 612 2200 Saturni.
664 2129 813 2200 Constat
838 2153 922 2224 ergo
945 2154 991 2201 ex
1008 2132 1060 2215 iis,
1078 2155 1155 2223 quae

111 2244 226 2327 retuli,
252 2244 433 2317 hominem
456 2247 573 2329 luisse,
595 2247 632 2315 in
655 2257 857 2338 terramque
878 2238 962 2336 (cor.
980 2256 1153 2340 terraque,

44 2434 47 2437 ,
111 2357 248 2454 Ducis.)
262 2384 434 2453 regnasse.

509 2477 619 2549 cAP.
649 2478 757 2549 XIV.

159 2592 390 2665 Transeamus
415 2594 460 2665 ad
485 2594 672 2686 superiora,
697 2601 739 2662 ut
764 2594 936 2687 originem
962 2595 1072 2665 totius
1100 2618 1154 2665 er-

109 2712 197 2781 roris
222 2709 533 2803 deprehendamus.
587 2710 760 2781 Saturnus
785 2710 875 2781 coelo
901 2721 938 2782 et
963 2726 1058 2782 terra
1082 2720 1152 2783 tra-

110 2826 206 2897 ditur
227 2834 341 2897 natus.
395 2826 476 2898 Hoc
501 2830 625 2919 utique
650 2828 857 2898 incredibile
881 2838 948 2900 est.
1001 2828 1072 2900 Sed
1090 2854 1154 2899 cur

110 2946 161 3013 ita
185 2944 353 3027 tradatur,
371 2946 460 3015 ratio
483 2953 580 3015 certa
603 2955 668 3025 est,
685 2968 792 3037 quam
816 2946 877 3036 qui
902 2948 1052 3040 ignorat,
1075 2955 1153 3017 tan·

109 3084 215 3154 quam
250 3060 406 3131 fabulam
440 3063 584 3154 respuit.
636 3062 781 3132 Saturni
819 3069 956 3154 patrem
991 3062 1151 3134 Urauum

110 3178 215 3249 fuisse
234 3178 437 3260 vocitatum,
455 3187 493 3248 et
511 3178 663 3249 Hermes
680 3187 884 3262 auctorest,
904 3188 942 3249 et
960 3178 1068 3249 Sacra
1083 3180 1153 3249 his-

109 3296 199 3367 toria
225 3296 340 3365 docet.
392 3295 639 3390 Trismegistus
668 3318 798 3387 paucos
825 3294 1016 3365 admodum
1046 3295 1153 3368 firisse

110 3436 190 3483 cum
208 3414 342 3483 diceret
364 3413 528 3505 perlectae
549 3413 716 3511 doctrina
740 3413 841 3492 viros,
858 3412 896 3481 in
919 3413 961 3482 iis
984 3425 1152 3505 cognatos

110 3554 188 3602 suos
221 3532 451 3613 enumeravit,
483 3530 654 3613 Urauum,
685 3528 888 3612 Summum,
918 3529 1149 3601 Mercurium.

111 3646 330 3719 Euhemems
359 3648 511 3719 eundem
552 3646 713 3718 Urauum
752 3648 907 3740 primum
945 3647 1150 3718 interram

110 3762 201 3858 (sor.
223 3770 317 3834 terra
333 3761 471 3856 Ducis.)
488 3786 652 3858 regnasse
669 3771 923 3833 commemorat
942 3763 997 3834 his
1014 3764 1150 3835 verbis:

109 3876 219 3951 Initio
248 3880 386 3974 primm
417 3880 455 3951 iu
485 3880 589 3951 terris
619 3878 802 3974 imperium
835 3903 1005 3950 summum
1036 3878 1151 3953 Coelus

110 3992 233 4079 lubuit,
269 3996 300 4067 is
330 3994 369 4067 id
396 4020 538 4093 requam
573 4020 642 4067 unu
669 4019 745 4067 cum
768 3994 947 4091 frutribus
979 3997 1053 4069 cuis
1085 3996 1153 4070 ribi

111 4114 259 4186 instituit
275 4124 375 4211 utque
386 4118 537 4211 parauit.

97 4243 102 4275 ²
156 4229 250 4303 Heio
274 4233 313 4302 iu
341 4231 426 4306 Cod.
452 4232 536 4307 MS.
558 4230 664 4327 plum
688 4231 871 4328 dqlciant:
903 4233 970 4307 duo
996 4244 1092 4317 certe,
1115 4242 1154 4305 ut

191 4366 258 4410 vot.
274 4369 305 4411 ll.
606 4372 619 4409 a
634 4370 649 4411 S
