2867 4817
375 297 621 363 SYNODICA
642 293 895 362 EPISTULA.
1121 296 1165 366 19

108 469 177 571 τὴν
201 470 312 574 ὀρθὴν
339 470 465 552 πίστιν
481 468 549 571 τὴν
570 477 647 555 τοῖς
665 470 872 569 ἐκκλησίαις
898 472 1165 572 παραδοθεῖσαν

107 597 153 704 ἐξ
168 601 281 702 ἀρχῆς
293 596 353 678 διὰ
363 605 436 679 τῶν
449 598 562 700 ἁγίων
576 594 797 678 ἀποστόλων
811 599 871 676 καὶ
884 597 1164 698 εὐογγελιστῶν,

108 723 143 804 οῖ
168 727 228 805 καὶ
251 723 425 806 αὐτόπται
449 728 508 805 καὶ
526 725 695 830 όπηρέτοι
722 733 787 806 τοῦ
806 722 930 828 Λόγου
952 719 1159 827 γεγόνοσθ.

109 853 169 932 καὶ
194 858 226 932 εῖ
252 852 304 953 μὴ
329 861 436 934 rostro
463 851 628 958 δράσειεν
654 853 678 952 ἡ
706 849 758 953 σὴ
783 849 962 952 εὐλάβεια,
985 848 1077 932 κατὰ
1097 849 1164 950 τὴν

79 979 320 1084 εόρισθεῖσαν
337 984 563 1085 προθεσμίαν
580 983 618 1061 ἐν
635 988 710 1065 τοῖς
727 975 919 1084 γράμμασι
941 987 1005 1059 τοῦ
1028 1012 1167 1079 μνημο-

109 1105 291 1190 νευθέντος
309 1106 508 1190 ὁσιωτάτου
531 1110 590 1188 καὶ
614 1105 901 1203 θεοσεβεοτιίτου
926 1108 1089 1210 ἀδελφοῦ
1106 1106 1166 1184 καὶ

108 1246 393 1340 ουλλειτουργοῦ
422 1237 524 1338 ἡμῶν
552 1241 616 1316 τοῦ
651 1239 716 1335 τῆς
747 1236 935 1335 Ῥωμαίων
971 1234 1167 1334 ἐκκλησίας

110 1363 311 1446 ἐπισκόπου
326 1365 558 1464 Κελεστίνου,
571 1365 728 1466 γίνωσκε
741 1362 879 1444 σαυτὸν
890 1362 1019 1443 οὗδεῖια
1030 1365 1167 1465 κλῆρον

109 1491 240 1596 ἔχοντα
257 1494 333 1592 μεθ
354 1493 464 1594 ἡμῶν,
483 1489 564 1571 οὐδὲ
580 1488 694 1572 πόντον
711 1488 735 1590 ἢ
754 1485 869 1592 λόγον
885 1491 924 1569 ἐν
942 1495 1016 1572 τοῖς
1034 1493 1167 1594 ἱερεῦσι

62 1659 101 1700 ιο
110 1635 174 1707 τοῦ
192 1631 290 1707 θεοῦ
307 1629 367 1706 καῖ
383 1623 601 1708 ἐπισκόποις.
622 1624 702 1705 οὐδὲ
719 1623 793 1729 γὰρ
810 1623 986 1730 ἐνδέχεται
999 1629 1167 1729 περιιδεῖν

110 1751 203 1853 ἡμᾶς
235 1754 428 1853 ἐκκλησίας
458 1755 550 1834 οὕτω
583 1751 878 1857 τεθορυβημένος,
910 1755 970 1833 καὶ
1001 1755 1164 1833 σκανδα-

110 1889 300 1973 λισθένιας
325 1885 446 1987 λαοῖς,
465 1893 524 1970 καὶ
548 1891 674 1970 πίστιν
698 1885 811 1993 ὀρθὴν
836 1887 1082 1987 ἀθετουμέιην,
1107 1890 1166 1967 καὶ

109 2005 343 2117 διασποῖμενο
359 2015 460 2120 παρὰ
486 2025 558 2097 σοῦ
583 2015 630 2097 τὰ
656 2015 804 2116 ποίμνια
821 2024 886 2096 τοῦ
913 2013 1040 2118 σώζειν
1067 2017 1166 2122 ὀφεί-

108 2151 249 2243 λοντος,
267 2144 364 2248 είπερ
392 2142 491 2244 ἦσθα
519 2146 597 2226 καθ
616 2145 708 2244 ἡμᾶς
736 2146 844 2248 ὀρθῆς
872 2141 981 2251 δόξης
999 2143 1165 2248 ἐραστὴς,

60 2267 176 2370 ι5τὴν
193 2278 265 2351 τῶν
283 2271 395 2373 ἁγίων
412 2273 577 2375 ποτέρων
595 2277 797 2377 ῖχνηλατῶν
823 2269 1016 2367 εὐσέβειαν.
1048 2267 1166 2351 ἅπασι

108 2397 148 2479 δέ
177 2406 251 2483 τοῖς
275 2399 376 2503 παρὰ
402 2404 466 2499 τῆς
493 2404 564 2497 σῆς
591 2401 779 2497 εὐλαβείας
806 2397 1080 2504 κεχωρισμένοις
1104 2397 1165 2478 διὰ

108 2523 175 2625 τὴν
201 2525 377 2626 πίστιν,ἢ
405 2531 644 2630 καθαιρεθεῖσι
666 2533 803 2609 λοῖκοῖς
820 2559 860 2604 τε
887 2527 946 2604 καὶ
973 2531 1165 2628 κληρικοῖς,

109 2656 305 2732 κοινωνικοὶ
329 2651 460 2737 πάντες
484 2653 583 2752 ἡμεῖς
600 2653 724 2753 ἐσμέν·
756 2653 798 2732 οὐ
822 2650 894 2756 γάρ
923 2653 1003 2732 ἐστι
1031 2652 1165 2731 δίκαιον

108 2779 192 2865 τοὺς
209 2779 300 2886 ὀρθὰ
317 2786 462 2888 φρονεῖν
480 2781 678 2885 ἐγνωκότας
697 2789 781 2865 σαῖς
799 2783 996 2861 ἀδικεῖσθαι
1013 2779 1165 2888 ψήφοις,

60 2907 167 2990 τοῖσι
183 2914 217 2989 αί
236 2907 315 3009 (σοὶ
333 2921 402 2979 Vet.
417 2920 530 3000 Interp.
545 2906 725 3015 Dionysius)
746 2914 867 2992 καλῶς
891 2915 1073 2991 ποιοῦντες
1095 2909 1162 2987 ἀν-

108 3035 303 3141 τειρήκασι.
326 3043 432 3116 τοῦτο
457 3032 531 3137 γὰρ
548 3030 635 3114 αὐτὸ
653 3033 944 3136 κατομεμήνυκος
962 3038 1001 3116 ἐν
1021 3041 1066 3141 τῇ
1083 3037 1161 3116 ἐπι·

108 3170 230 3269 στολῇ
249 3169 294 3270 τῇ
312 3163 496 3268 γροφείση
514 3159 614 3266 παρὰ
631 3171 702 3242 σοῖι
724 3163 814 3267 πρὸς
832 3163 897 3244 τὸν
921 3167 986 3264 τῆς
1002 3162 1165 3266 μεγάλης

108 3291 251 3393 Ῥώμης
278 3289 478 3394 ἁγιώτατον
505 3292 564 3368 καὶ
591 3291 862 3371 συνεπίσκοπον
886 3291 988 3391 ἡμῶν
1017 3293 1163 3370 Κελεα-

108 3427 216 3502 πῖνον.
246 3419 309 3499 οὐκ
334 3416 479 3521 ἀρκέσει
501 3415 539 3496 δέ
563 3422 608 3522 τῇ
629 3422 681 3523 σῇ
699 3418 868 3526 εὐλαβείᾳ
890 3416 932 3498 τὸ
955 3429 1161 3517 συνομολο-

60 3579 98 3638 25
109 3551 223 3651 γῆσοι
250 3544 360 3646 μόνον
387 3543 430 3624 τὸ
456 3548 521 3644 τῆς
546 3545 703 3630 πίστεως
731 3543 934 3646 σύμβαλον,
959 3543 1001 3626 τὸ
1025 3544 1165 3626 ἐκτεθέν

108 3673 202 3755 κατὰ
222 3672 364 3778 καιροὺς
381 3673 420 3751 ἐν
446 3673 536 3780 ἁγίῳ
561 3672 736 3773 πνεύματι
759 3673 859 3780 παρὰ
883 3679 948 3775 τῆς
972 3675 1077 3776 ἁγίας
1103 3675 1163 3755 καῖ

108 3799 270 3903 μεγόλης
284 3798 439 3882 συνόδου
451 3803 515 3899 τῆς
529 3797 620 3879 κατὰ
637 3798 780 3904 κοιροῖις
795 3798 891 3903 (abest
912 3801 1003 3883 κατὰ
1021 3800 1162 3906 κοιροῖις

109 3957 127 3996 ε
143 3937 276 4018 Dionysii
291 3925 424 4034 luterp.)
438 3929 681 4032 συναχθείσης
694 3931 733 4008 ἐν
745 3934 791 4033 τῇ
804 3930 976 4012 Νικοέων.
996 3929 1162 4030 νενόηκας

109 4049 261 4157 γὰρκαὶ
284 4051 504 4156 ἡρμήνευκας
525 4055 590 4135 αόκ
615 4056 732 4158 ὀρθῶς
756 4055 853 4154 αι’πδ,
876 4057 1163 4163 διεστραμμένως

543 4217 560 4252 ⁸
572 4207 647 4268 Luc.
660 4209 680 4268 i.
696 4207 723 4269 i.

622 4313 689 4379 σθ
