2867 4817
279 329 344 395 406
614 331 993 397 ANNOTATIONES

276 503 343 568 tius
359 501 566 567 laodicenus.
610 503 674 568 Sed
688 503 811 568 interea
829 505 950 589 absque
963 526 1118 569 consensu
1131 506 1243 591 populi
1263 507 1331 592 epi-

277 611 390 674 scopos
412 590 450 652 iis
470 588 667 674 temporibus
680 590 777 653 fuisse
797 592 998 667 constitutos,
1013 591 1101 656 baud
1121 592 1248 677 opinari
1271 615 1331 657 nos

279 676 387 740 sinunt
401 675 569 740 electiones
583 677 801 760 episcoporum
818 677 962 761 plurimae
980 678 1022 741 ab
1042 677 1229 742 auctoribus
1243 701 1330 742 oom-

278 769 472 826 memoratae.
518 761 620 825 Porro
640 763 673 825 iu
687 761 737 825 his
754 763 849 825 rebus
868 763 1105 912 partioiipationi
1119 765 1269 849 populari
1283 765 1331 829 fa·

279 855 332 910 vet
346 869 418 911 eum
433 848 503 933 ipsa
521 847 589 911 haeo
611 847 749 932 synodus
764 848 896 912 Nioaene
916 849 949 911 in
994 849 1113 936 pistola
1126 851 1170 914 ad
1185 851 1330 914 Alexan-

279 934 387 997 drinos
412 933 498 1018 apud
518 933 683 998 Socratem
704 933 727 995 i.
744 955 775 1015 9.
796 935 904 1019 posita
921 957 943 998 a
962 935 1054 1000 nobis
1073 936 1107 998 in
1128 936 1329 1021 Appendioe,

278 1027 348 1082 tum
362 1018 492 1084 (lencilii
507 1019 702 1084 Sardiceusis
716 1020 827 1084 Canon
843 1019 903 1084 VI.
932 1021 1016 1086 Gleri
1030 1022 1166 1106 denique
1177 1030 1211 1086 et
1226 1023 1331 1107 plebis

277 1126 465 1169 consensum
482 1105 515 1168 in
535 1105 740 1170 electionibus
759 1115 938 1171 memorant
960 1107 1091 1171 Sirioius
1109 1131 1196 1193 pape
1209 1117 1246 1172 et
1262 1109 1330 1173 Leo

280 1191 329 1254 M.
345 1191 377 1254 in
393 1192 528 1256 Deorotcb
550 1192 624 1269 suis,
640 1191 691 1254 ille
706 1213 776 1276 cap.
788 1215 830 1268 x.,
851 1193 992 1256 hisvero
1006 1215 1097 1278 capp.
1115 1217 1165 1256 xv.
1181 1203 1216 1258 et
1231 1217 1328 1259 xxxv.

279 1282 313 1341 et
328 1278 432 1341 xxxvi.
478 1279 524 1341 Et
534 1278 677 1342 conferas
692 1299 763 1362 quae
777 1278 820 1342 ad
836 1279 1008 1342 Eusebium
1023 1281 1106 1344 Hs'st.
1120 1281 1205 1345 Ecel.
1221 1281 1264 1344 vi.
1273 1301 1329 1365 43.

281 1363 428 1428 Valesius
453 1364 629 1441 annotavit,
655 1364 884 1448 conciliumque
906 1365 1058 1450 Carthag.
1075 1365 1132 1430 IV.
1155 1367 1245 1452 apud
1269 1369 1329 1452 Cy-

278 1450 435 1536 prianum,
460 1451 559 1535 Epist.
576 1452 616 1534 67
633 1449 681 1513 vel
700 1451 751 1527 68,
775 1472 875 1536 prope
896 1451 969 1515 init.
992 1451 1047 1514 ubi
1073 1459 1107 1516 et
1129 1461 1331 1518 memoratur

277 1536 497 1621 episcoporum
522 1536 663 1620 ejusdem
687 1537 857 1620 provinciae
875 1543 1058 1616 conventus,
1082 1538 1186 1622 qualis
1208 1539 1244 1602 in
1268 1541 1330 1604 hoc

278 1643 398 1686 canone
412 1623 602 1708 agnoscitur.

323 1711 362 1772 P.
375 1724 450 1792 374.
476 1708 563 1794 l.13.
588 1709 727 1790 κρατείτω
748 1709 767 1790 ἣ
788 1715 848 1772 τῶν
868 1711 1019 1774 πλειόνων
1037 1712 1156 1794 ψῆφος]
1181 1711 1232 1775 At
1254 1731 1331 1775 vero

278 1794 496 1859 baudiuterea
505 1795 710 1859 dissentiente
719 1795 973 1879 metropolitano.
997 1795 1330 1862 (lonlerFrsucisoum

279 1881 470 1944 Balduinum
492 1882 541 1944 De
563 1879 690 1962 Leuibus
713 1882 904 1944 Omestcotici
926 1883 976 1944 M.
1003 1881 1056 1945 lib.
1076 1903 1103 1946 1.
1126 1904 1157 1967 p.
1175 1899 1227 1965 74.
1249 1883 1329 1947 edit.

280 1966 367 2052 Lips.
391 1967 471 2030 Haec
481 1967 588 2051 posuit
597 1967 788 2051 Beveregius
798 1966 831 2029 in
843 1967 1125 2046 Annotationibus,
1138 1969 1332 2033 “Nimirum

280 2061 299 2088 “
314 2059 423 2138 patres
437 2053 470 2116 in
485 2060 600 2137 quarto
614 2073 734 2116 canone
748 2053 992 2132 constituerunt,
1008 2061 1046 2118 ut
1060 2055 1200 2141 episcopi
1213 2055 1332 2120 eleotio

280 2145 335 2202 “a
363 2138 484 2222 synodo
512 2138 579 2215 fiat,
609 2145 643 2202 et
671 2160 692 2202 a
720 2140 967 2225 metropolitano
992 2141 1217 2216 continuatum
1249 2141 1331 2205 nibil

280 2231 301 2262 “
315 2231 423 2288 autem
447 2224 490 2287 ibi
513 2225 727 2304 decreverant,
754 2226 831 2309 quid
853 2226 1033 2290 laciendum
1051 2233 1112 2304 est,
1137 2227 1165 2290 si
1184 2228 1226 2291 de
1248 2228 1332 2292 eleo-

279 2316 299 2344 “
315 2311 401 2374 tione
412 2311 507 2394 juxta
521 2310 617 2374 istum
628 2332 782 2376 canonem
796 2313 883 2376 lacta
896 2313 1112 2376 controversia
1125 2313 1234 2397 aliqua
1244 2313 1333 2378 inter

280 2404 299 2431 ‘⁶
315 2396 479 2481 episcopos
495 2395 641 2462 oriretur.
686 2397 841 2478 Quocirca
860 2398 937 2461 illud
956 2398 1008 2464 hic
1030 2399 1256 2476 determinant,
1277 2401 1332 2484 ju·

279 2490 299 2518 ‘⁶
315 2483 425 2546 bentes
440 2490 477 2547 ut
497 2483 523 2545 si
542 2484 758 2548 controversia
771 2484 811 2547 de
830 2485 983 2549 electione
1004 2493 1180 2562 moveatur,
1195 2487 1334 2571 majoris

279 2575 299 2604 “
314 2569 531 2654 episcopomm
545 2570 647 2654 partis
661 2569 811 2655 suffragia
824 2571 1047 2655 praevaleant?
1061 2594 1093 2656 p.
1104 2574 1159 2636 60.

675 2713 828 2778 OANON
849 2711 930 2777 VII.

323 2825 404 2891 Ibid.
416 2827 495 2891 l.16.
512 2825 605 2909 ἐχέτω
616 2824 671 2903 τὴν
685 2826 866 2888 ἀκολουθίαν
879 2827 931 2903 τῆς
942 2826 1026 2904 ripas
1035 2825 1109 2909 &c.]
1128 2825 1251 2890 Notum
1261 2847 1333 2890 om-

278 2912 371 2978 nibus
386 2920 445 2990 est,
461 2913 639 2978 Oaesaream
654 2911 730 2975 olim
749 2910 846 2974 lusisse
861 2909 1042 2974 Palaestinae
1057 2911 1270 3011 metropolim
1294 2923 1333 2979 et

277 3005 435 3085 praeterea
449 3005 584 3073 constat,
601 2997 686 3082 quod
701 2996 829 3082 quidem
842 3003 951 3059 monet
966 2995 1156 3082 Beveregius
1169 3019 1204 3060 m
1217 2999 1332 3063 Auno—

277 3086 453 3150 tationibus
467 3086 509 3149 ad
529 3084 713 3168 Syaodioum
734 3103 835 3157 suum,
856 3081 1044 3167 Hieronymi
1065 3105 1191 3167 quoque
1205 3091 1331 3170 tempo-

278 3172 375 3249 ribus,
392 3171 446 3234 diu
461 3170 609 3256 posthoc
624 3169 798 3247 concilium,
810 3168 919 3247 AElise,
935 3191 990 3232 seu
1007 3168 1249 3254 Hierosolyma),
1264 3193 1332 3236 me

279 3257 778 3341 tropolitauumluisseOaesareae
792 3254 986 3339 episcopum.
1021 3254 1332 3322 Intereaverisimilo

278 3344 404 3406 videtur
415 3342 500 3421 mihi,
513 3343 595 3406 hanc
603 3342 722 3406 ὴοοοτίο
732 3343 976 3425 contemnentium,
988 3362 1044 3404 seu
1054 3347 1201 3406 vertente
1212 3343 1333 3409 Rufino

277 3429 396 3494 honoris
404 3429 653 3515 pswroyotioom,
669 3429 711 3492 ad
725 3426 978 3512 praeminentiam
994 3427 1154 3511 quandam
1167 3429 1333 3514 pertinme

277 3515 311 3579 in
337 3516 510 3602 majoribus
535 3513 662 3600 synodis
684 3521 804 3578 sanctae
829 3513 918 3576 urbis
942 3512 1098 3598 episcopis
1122 3515 1166 3578 ab
1194 3515 1332 3600 antiquo

279 3625 481 3678 concessam3
506 3601 539 3665 iu
562 3599 766 3666 conciliorum
787 3598 862 3663 licet
885 3598 1076 3664 sessionibus
1096 3599 1183 3664 haud
1203 3623 1333 3687 semper

276 3690 489 3753 observatam.
527 3688 630 3753 Porro
649 3693 758 3751 autem
776 3686 917 3749 notabile
936 3693 987 3750 est
1008 3685 1095 3762 illud,
1118 3687 1206 3770 quod
1228 3686 1331 3753 Euse-

277 3776 349 3839 bius
364 3776 397 3840 in
409 3774 555 3839 Historia
566 3797 633 3852 sua,
649 3773 703 3837 ubi
719 3780 986 3838 commemoratur
999 3770 1135 3856 epistola
1150 3773 1331 3839 Alexandri

278 3862 417 3948 episcopi
441 3859 723 3946 Hierosolymitani
748 3866 847 3942 atque
870 3857 1036 3942 Theophili
1060 3858 1266 3923 Oaesariensis
1287 3861 1332 3925 sd

279 3948 477 4012 Demetrium
486 3945 994 4030 missa,Alexandrumpraesulem
1001 3943 1332 4029 Hierosolymitauum

277 4034 370 4098 alteri
386 4033 570 4099 Caesariensi
585 4032 769 4119 praeposuit.
814 4030 924 4095 Etiam
938 4030 1109 4115 significari
1129 4030 1190 4094 hoc
1207 4053 1332 4098 canone

277 4121 420 4184 ordinem
449 4121 517 4204 ejus
542 4127 616 4205 post
645 4117 809 4204 episcopos
842 4117 1031 4194 Romanum,
1062 4116 1330 4196 Alexandrinum,

279 4207 522 4280 Antiochenum,
539 4207 629 4270 aiunt
645 4207 797 4282 Zonaras,
813 4203 928 4288 aliique
947 4202 980 4265 in
998 4203 1244 4267 Commentariis
1263 4205 1332 4269 suis

277 4293 474 4379 interpretes.
521 4292 657 4358 Addidit
673 4292 825 4369 Zonaras,
841 4290 896 4374 qui
910 4290 978 4374 ipse
992 4296 1099 4355 totum
1113 4301 1270 4356 mnonem
1289 4292 1330 4358 de
