2867 4817
467 324 616 403 LIBER
638 338 833 405 PRIMUS.
1110 344 1176 413 298

130 509 183 583 sic
199 509 269 581 dici
287 510 486 604 placuisset,
502 522 541 583 et
564 535 586 584 a
602 515 833 607 sequentibus
851 516 978 608 seculis
994 520 1174 591 communi

129 635 225 701 esset
242 628 279 701 in
301 628 592 701 sermocinatione
614 639 803 703 servatum.
856 632 905 703 Et
922 643 1041 705 tamen
1065 634 1173 720 disti,

130 743 370 838 11111161111111
394 766 449 816 res
474 752 611 817 nostras
627 746 794 818 vitiorum
819 748 1053 821 criminamini
1073 751 1174 823 foedi·

130 869 227 933 tate:
252 861 477 957 stribiligines
502 871 540 934 et
555 886 617 934 vos
637 864 722 935 istas
742 863 840 935 libris
864 862 934 935 illis
950 865 988 936 in
1009 866 1174 939 maximis

128 986 238 1071 atque
254 978 517 1050 admirabilibus
541 1002 613 1050 non
634 978 797 1051 habetis?
828 979 960 1051 Nonne
983 982 1072 1053 alius
1093 983 1174 1055 haec

129 1097 231 1181 utria,
248 1097 338 1169 alius
359 1096 476 1167 dicitis
494 1096 559 1167 hos
576 1097 695 1167 utres?
721 1095 840 1179 coelus,
858 1106 897 1167 et
919 1098 1071 1171 coelum?
1101 1124 1172 1172 non

128 1214 217 1285 item
242 1213 331 1297 filus,
354 1220 392 1283 ot
417 1211 540 1284 filum?
569 1235 641 1282 non
665 1213 753 1283 item
784 1236 916 1298 crocus,
940 1223 978 1286 61
1004 1219 1173 1290 crocum?

126 1352 200 1401 non
224 1331 312 1401 item
336 1330 459 1414 fretus,
477 1336 514 1399 et
537 1328 691 1400 fretum?
716 1353 789 1402 non
809 1332 896 1403 item
919 1334 1013 1426 apud
1039 1357 1101 1405 vos
1117 1344 1172 1407 est

126 1449 283 1541 positum
307 1446 375 1517 hoc
399 1469 500 1541 pane,
528 1455 566 1516 et
595 1446 652 1517 hic
682 1446 805 1540 panis?
840 1447 898 1518 hic
924 1450 1074 1543 sanguis,
1103 1450 1172 1523 hoc

127 1564 308 1659 sanguen?
338 1561 587 1634 candelabrum
617 1571 655 1633 et
682 1562 851 1656 jugulum
883 1565 1019 1635 ratione
1045 1567 1169 1638 eadem

120 1681 268 1777 jugulus
285 1689 323 1751 61
344 1679 575 1751 candelaber?
602 1678 700 1750 Nam
723 1680 751 1749 si
775 1681 913 1774 singula
931 1682 1075 1753 nomina
1098 1706 1170 1755 non

125 1805 272 1891 possrmt
295 1820 426 1892 genera
449 1795 550 1889 plura
574 1795 705 1867 habere
732 1819 838 1888 quam
864 1798 1020 1892 singula:
1054 1822 1171 1894 neque

125 1915 250 1987 eadem
275 1922 422 2007 possunt
442 1913 546 2005 hujus
572 1934 648 1984 esse
677 1914 825 2007 generis,
852 1923 891 1985 et
916 1914 1020 2002 illius,
1042 1915 1168 2010 (geum

125 2034 221 2104 enim
248 2033 396 2103 transire
424 2051 536 2125 genus
564 2030 601 2099 in
631 2030 783 2100 alterum
816 2053 887 2101 non
915 2035 1060 2124 potest)
1090 2042 1166 2105 tam

125 2158 250 2243 peccat
274 2150 336 2240 qui
358 2169 490 2242 genera
517 2143 712 2217 masculina
740 2146 930 2218 foemininis
957 2150 1167 2241 pronunciat

125 2267 272 2361 legibus,
290 2288 395 2357 quam
420 2265 466 2334 ab
491 2286 534 2335 eo
560 2272 735 2356 peccatur,
753 2264 814 2355 qni
840 2263 1006 2336 articulos
1030 2288 1167 2338 mascu-

124 2384 214 2454 linos
247 2381 436 2453 foemininis
469 2380 656 2474 generibus
689 2381 884 2473 anteponit.
946 2381 1060 2474 Atqui
1092 2407 1165 2467 vos,

123 2500 356 2592 conspicimus
372 2505 410 2568 et
427 2518 482 2569 res
494 2496 704 2567 masculinas
720 2496 912 2581 ioeminine,
928 2507 968 2568 et
983 2498 1165 2571 foemineas

123 2615 325 2696 masculine,
350 2621 389 2684 et
413 2636 499 2705 quaa
529 2635 604 2684 esse
634 2612 751 2683 dicitis
779 2623 930 2697 neutras,
960 2624 998 2685 et
1023 2615 1096 2700 illo,
1126 2625 1164 2688 et

122 2734 190 2803 hoc
206 2732 313 2803 modo
336 2732 411 2801 sine
427 2728 501 2801 ulla
523 2730 733 2801 discretione
754 2731 970 2825 depromere.
1004 2731 1083 2803 Aut
1099 2734 1166 2827 igi·

121 2857 181 2920 tur
205 2848 302 2919 nulla
326 2857 381 2918 est
406 2846 511 2941 culpa
534 2845 775 2917 indifferenter
799 2846 854 2918 his
877 2850 942 2931 uti,
969 2856 1006 2918 61
1035 2850 1165 2920 frustra

121 2989 184 3037 nos
200 2964 317 3036 dicitis
334 2964 610 3035 soloecismorum
628 2966 858 3035 obscoenitate
879 2965 1072 3037 deformes:
1099 2974 1163 3037 ant

121 3085 149 3154 si
185 3092 322 3153 certum
359 3090 414 3151 est
447 3080 585 3174 singula
620 3080 747 3172 quibus
780 3082 933 3151 debeant
966 3082 1161 3153 rationibus

119 3198 297 3291 explicari,
323 3198 360 3267 in
385 3196 558 3267 similibus
582 3196 676 3267 vitiis
701 3219 763 3267 vos
788 3219 928 3289 quoque
954 3197 1158 3267 versamini:

96 3316 278 3409 ¹quamvis
300 3314 486 3407 Epicadios
513 3335 643 3395 omnes,
662 3311 852 3395 caesellios,
870 3312 1026 3397 Verrios,
1051 3313 1160 3385 Scau-

118 3454 174 3503 ros
190 3429 352 3513 teneatis,
370 3437 408 3500 et
425 3428 543 3500 Nisos.

168 3546 251 3618 LX.
281 3545 354 3617 Sed
383 3546 413 3615 si
447 3546 554 3631 Deus,
585 3547 760 3640 inquiunt,
790 3546 858 3615 fuit
892 3544 1062 3630 Christus,
1095 3570 1159 3618 cur

117 3666 230 3735 forma
250 3664 362 3734 estin
385 3661 670 3733 hominisvisusi
696 3669 735 3733 et
759 3684 822 3732 our
846 3684 944 3731 more
970 3668 1025 3732 est
1050 3660 1158 3733 inter-
1192 3644 1203 3661 ⁰

116 3786 258 3872 emptus
291 3776 469 3848 hnmano?
512 3778 574 3849 An
606 3778 710 3849 aliter
737 3777 855 3870 potuit
883 3776 1066 3849 invisibills
1094 3774 1157 3849 illa

115 3897 178 3979 vis,
205 3904 242 3966 61
269 3894 403 3965 habens
431 3894 566 3966 nullam
595 3894 828 3966 substantiam
852 3892 1077 3984 corporalem,
1102 3894 1156 3965 in·

115 4014 207 4084 ferre
240 4020 278 4083 et
308 4012 530 4083 commodare
559 4035 597 4083 se
626 4012 771 4095 mundo,
801 4009 957 4080 conciliis
985 4009 1154 4082 interesse

114 4128 327 4211 mortalium,
353 4150 459 4220 quam
486 4138 528 4199 ut
554 4128 695 4220 aliquod
720 4136 865 4221 tegmen
889 4126 1047 4195 materiae
1074 4125 1155 4197 soli-

114 4246 220 4317 dioris
254 4254 456 4329 assumeret,
487 4245 580 4338 quod
611 4242 794 4315 oculorum
827 4242 1019 4335 susciperet
1047 4243 1155 4334 injec-

593 4379 646 4442 Pp
663 4376 681 4423 1
