2867 4817
266 340 331 407 272
642 344 673 405 S.
698 344 935 411 CYPRIANI

267 516 408 611 decipit,
431 526 469 588 et
493 521 680 615 praestigiis
701 520 918 592 coecantibus
943 522 1140 606 veritatem,
1163 524 1315 596 stultum

266 644 304 706 et
321 636 507 729 prodigum
526 634 618 732 (for.
636 638 831 733 proditum)
849 638 975 732 vulgus
988 640 1144 711 inducit:
1170 643 1315 735 spiritus

266 761 349 824 sunt
366 754 528 824 insinceri
546 764 584 825 et
601 757 690 849 vagi,
709 757 770 847 qui
787 764 1033 849 posteaquam
1050 759 1198 829 terrenis
1218 761 1315 830 vitiis

266 870 422 940 immersi
447 880 539 953 sunt,
565 880 603 941 et
628 896 650 943 a
675 872 795 967 vigore
821 872 956 944 coelesti
985 883 1124 945 terreno
1148 879 1315 971 contagio

265 995 494 1071 recesserunt,
511 1012 583 1060 non
595 991 761 1060 desinunt
773 990 903 1083 perditi
919 993 1067 1083 perdere
1079 1000 1117 1061 et
1132 991 1342 1087 depravatis

265 1125 419 1176 errorem
435 1106 618 1199 pravitatis
634 1106 829 1177 infundere.

317 1220 386 1293 IV.
413 1220 491 1292 Hos
514 1230 552 1293 et
573 1224 685 1315 podtae
709 1223 886 1296 daemonas
910 1234 1062 1309 norunt3
1088 1234 1125 1295 et
1149 1225 1315 1299 Socrates

266 1338 390 1409 instrui
408 1361 446 1409 se
469 1346 507 1409 et
529 1340 604 1432 regi
621 1339 666 1409 ad
688 1340 874 1411 arbitrium
895 1342 1063 1414 daemonis
1085 1342 1314 1435 praedicabat.

267 1454 315 1525 Et
340 1458 453 1550 magis
478 1456 561 1527 inde
586 1465 641 1527 est
665 1458 709 1527 ad
735 1460 931 1551 perniciosa
947 1459 1004 1530 rel
1030 1460 1165 1530 ludicra
1188 1468 1316 1553 poten·

266 1580 383 1656 tatus3
408 1598 557 1667 quorum
575 1584 695 1646 tamen
712 1579 907 1670 praecipuus
921 1575 1099 1649 Hostanes
1111 1587 1150 1649 et
1162 1577 1313 1649 formam
1327 1608 1367 1649 ιο

266 1692 338 1761 veri
357 1690 426 1761 Dei
445 1700 551 1786 negat
572 1694 727 1787 conspici
749 1716 860 1786 posse,
879 1704 917 1765 et
938 1694 1083 1789 angelos
1100 1718 1201 1766 veros
1218 1692 1313 1789 (for.

264 1831 392 1891 servos,
416 1807 493 1880 cide
510 1813 595 1903 aot.)
613 1810 687 1880 sedi
708 1810 784 1903 ejus
801 1810 889 1880 dicit
905 1811 1078 1882 assistere.
1124 1811 1168 1881 In
1185 1834 1256 1903 quo
1273 1820 1314 1880 et

265 1926 369 1997 Plato
386 1926 460 2019 pari
478 1928 614 1999 ratione
631 1928 817 2010 consentit,
834 1935 872 1997 et
889 1950 1001 1997 unum
1019 1926 1138 1996 Deum
1160 1949 1313 2010 servans.

264 2053 412 2117 caeteros
429 2045 572 2139 angelos
590 2043 644 2115 vel
664 2045 843 2115 daemonas
860 2045 957 2116 dicit.
1001 2043 1155 2115 Hermes
1172 2065 1315 2135 quoque

264 2161 513 2255 Trismegistus
537 2185 650 2232 unum
676 2161 796 2233 Deum
821 2162 986 2255 loquitur,
1004 2184 1157 2253 eumque
1179 2162 1366 2250 incom-15

265 2278 538 2372 prehensibilem
568 2286 675 2371 atque
705 2279 986 2350 inestimabilem
1012 2279 1212 2350 confitetur.
1260 2274 1315 2345 Hi

266 2419 350 2490 ergo
367 2396 509 2489 spiritus
526 2396 592 2467 sub
610 2397 735 2467 statuis
751 2405 860 2489 atque
876 2396 1088 2491 imaginibus
1100 2394 1315 2466 consecratis

257 2512 488 2584 delitescunt.
524 2511 575 2582 Hi
593 2511 713 2583 afflatu
737 2522 941 2585 sacratum
964 2521 1109 2606 pectora
1130 2513 1315 2604 inspirant,

265 2638 430 2701 extorum
459 2630 564 2701 libras
594 2630 762 2712 animant,
792 2632 912 2701 avium
937 2628 1076 2700 volatus
1102 2628 1316 2722 gubernant,

265 2756 377 2819 sortes
393 2756 532 2842 regunt,
549 2746 691 2818 oracula
708 2746 875 2830 efficiunt,
893 2746 982 2818 falsa
998 2748 1089 2817 reris
1105 2768 1246 2838 semper
1260 2746 1316 2815 in·
1328 2774 1369 2815 ro

266 2864 424 2948 volvunt,
442 2887 524 2935 nam
548 2873 585 2934 et
607 2862 780 2934 falluntur
804 2872 842 2933 et
864 2863 1002 2946 fallunt,
1021 2864 1132 2933 vitam
1157 2862 1316 2943 turbant,

265 3004 407 3053 somnos
424 2984 632 3075 inquietant.
684 2981 885 3073 Irrepentes
898 2982 1006 3051 etiarn
1024 2981 1168 3073 spiritus
1184 2980 1221 3048 in
1238 3001 1316 3049 cor-

265 3100 408 3193 poribus
425 3100 565 3171 occulte
587 3108 727 3171 mentes
742 3108 888 3180 terrent,
905 3098 1066 3168 membra
1081 3098 1317 3188 distorquent,
1362 3150 1366 3155 .

266 3214 506 3286 valetudinem
524 3216 700 3309 frangunt,
717 3216 851 3285 morbis
866 3213 1043 3285 lacessunt
1060 3221 1101 3283 ut
1117 3212 1163 3282 ad
1175 3210 1317 3282 cultum

266 3332 319 3403 sui
344 3342 482 3427 cogant,
500 3339 542 3402 ut
564 3332 687 3403 nidore
710 3331 875 3403 altarium
892 3339 930 3401 ct
952 3331 1046 3424 rogis
1068 3351 1237 3422 pecorum
1260 3348 1370 3409 sa-as

264 3450 387 3544 giusti,
405 3450 557 3521 remissis
574 3474 655 3542 quae
668 3450 953 3521 constrinxerant
964 3468 1104 3517 curasse
1116 3445 1316 3515 videantur.

267 3565 360 3637 Haec
390 3576 445 3638 est
475 3567 519 3637 de
553 3567 623 3637 illis
656 3566 796 3639 medela
824 3590 907 3637 cum
935 3564 1078 3634 illorum
1110 3570 1225 3633 cessat
1260 3562 1318 3631 in-

260 3686 375 3778 juria;
422 3706 488 3755 nec
524 3683 621 3755 aliud
656 3682 727 3753 illis
762 3683 919 3753 studium
949 3690 1004 3752 est
1038 3702 1144 3772 quam
1178 3702 1201 3749 a
1234 3676 1318 3748 Deo

265 3802 427 3875 homines
451 3824 599 3874 avocare
622 3810 659 3871 et
684 3800 730 3871 ad
753 3799 1039 3892 superstitionem
1062 3797 1116 3867 sui
1139 3794 1185 3866 ab
1210 3794 1319 3865 intel-

266 3919 363 3991 lectu
381 3942 470 3990 verae
494 3918 673 4012 religionis
695 3925 864 4000 avertere,
889 3925 1031 3985 etcum
1054 3913 1126 3983 sint
1147 3911 1213 4004 ipsi
1240 3933 1372 4003 pos-30

266 4036 373 4120 nales,
390 4060 545 4129 quaerere
562 4034 628 4106 sibi
645 4035 690 4106 ad
706 4056 848 4127 poenam
861 4033 1010 4104 comites
1022 4052 1110 4123 quos
1122 4028 1167 4098 ad
1180 4028 1318 4097 crimen

266 4176 369 4224 suum
405 4152 556 4223 iecerint
593 4160 726 4222 terrore
760 4150 960 4243 participes.
1011 4145 1063 4217 Hi
1099 4154 1219 4216 tamen
1254 4140 1319 4212 ad-

259 4270 369 4361 jurati
399 4290 463 4362 per
492 4268 611 4339 Deum
636 4290 761 4339 verum
789 4290 811 4338 a
835 4264 947 4346 nobis,
973 4264 1093 4334 statim
1119 4262 1252 4333 cedunt
1276 4270 1319 4331 et
