2867 4817
285 322 349 383 1158
458 320 659 385 ARNOBII
683 317 929 387 ADVERSUS
951 320 1145 385 GENTES

286 494 413 586 cupias,
430 517 501 567 non
523 495 617 588 quod
639 497 676 569 in
697 495 803 567 rebus
824 496 998 568 inveneris
1019 496 1180 589 antiquis
1205 494 1348 567 consti-
1422 549 1427 566 .

288 611 482 684 tutioribus
506 613 627 683 fixum.
680 612 799 697 Quare
826 612 957 683 habere
985 613 1016 682 si
1043 611 1165 683 locum
1198 622 1350 683 vestras

288 726 396 798 vultis
424 730 666 821 querimonias,
695 728 856 801 homines
880 729 977 822 prius
1006 738 1061 800 est
1089 738 1133 800 ut
1163 730 1349 811 doceatis,

290 844 395 931 unde,
412 844 469 915 rel
490 846 550 937 qui
571 846 656 929 sitis,
680 845 823 917 vobisne
846 845 892 915 sit
913 846 1054 937 genitus
1078 852 1117 915 et
1139 844 1348 915 fabricatura

289 960 451 1045 mundus,
476 985 522 1032 an
546 962 584 1032 in
609 984 691 1033 eum
717 962 882 1032 veneritis
910 960 1035 1031 alienis
1059 983 1104 1031 ex
1129 961 1349 1053 regionibus

292 1076 462 1167 inquilini.
513 1076 618 1161 Quod
634 1100 716 1148 cum
738 1078 854 1148 dicere
875 1099 948 1147 non
968 1078 1016 1147 sit
1033 1085 1203 1160 vestrum,
1222 1100 1349 1169 neque

293 1190 468 1285 explicare
490 1194 630 1287 possitis
652 1194 751 1287 cujus
773 1194 824 1265 rei
847 1216 952 1264 causa
974 1193 1126 1265 subhac
1148 1192 1235 1263 coeli
1257 1216 1349 1263 con-

294 1310 444 1380 1111111
476 1306 675 1395 versemini,
703 1310 863 1381 desistite
891 1310 1052 1381 arbitrari
1083 1310 1268 1402 pertinere
1299 1308 1347 1379 ad

294 1446 356 1495 ros
385 1428 592 1519 quicquam:
626 1450 708 1499 cum
742 1449 785 1497 ea
812 1449 889 1519 quae
922 1425 1023 1508 fiunt,
1056 1448 1128 1495 non
1160 1425 1349 1518 partiliter

295 1540 391 1625 fiant,
408 1544 470 1612 sed
492 1543 537 1613 ad
554 1565 678 1613 census
702 1565 876 1613 summam
901 1542 1047 1613 redeant
1071 1541 1349 1633 referanturque

296 1658 415 1729 totius.

347 1772 457 1844 XIII.
476 1774 765 1859 Christianorum,
787 1777 960 1869 inquiunt,
983 1796 1089 1845 causa
1109 1774 1205 1844 mala
1222 1775 1350 1844 omnia

195 1962 198 1971 ,
298 1890 346 1961 dii
369 1891 498 1975 ferunt,
518 1899 556 1962 et
578 1892 742 1962 interitus
762 1899 984 1984 comparatur
1005 1891 1051 1961 ab
1073 1890 1209 1983 superis
1232 1890 1350 1985 frugi-

297 2008 373 2078 bus.
425 2006 527 2101 Rogo
562 2030 644 2079 cum
672 2007 747 2078 haec
781 2008 907 2091 dicitis,
937 2030 1010 2078 non
1042 2005 1252 2078 calumniari
1282 2029 1350 2077 vos

299 2123 466 2217 Improbe,
495 2124 532 2194 in
560 2126 689 2218 apertis
719 2124 920 2217 conspicitis
948 2123 1214 2216 manifestisque
1244 2148 1350 2195 men-

299 2239 429 2311 daciis?
465 2240 627 2311 Trecenti
657 2250 739 2311 sunt
767 2242 850 2312 anni
879 2242 1000 2324 ferme,
1025 2242 1143 2311 minus
1172 2239 1233 2311 vel
1262 2241 1360 2333 plus·

300 2354 442 2447 aliquid,
470 2380 516 2427 ex
545 2379 615 2448 quo
645 2358 814 2450 coepimus
841 2380 917 2428 esse
944 2356 1144 2439 Christiani,
1167 2364 1206 2428 et
1231 2364 1347 2429 tena-

301 2495 380 2542 rum
404 2473 442 2542 in
467 2472 551 2543 erbe
580 2475 735 2544 censen:
780 2474 941 2565 nunquid
970 2473 1131 2544 omnibus
1146 2469 1215 2543 'his
1244 2476 1349 2545 annis

252 2654 254 2659 .
301 2590 468 2661 continua
502 2587 645 2659 suerunt
680 2590 786 2675 bella,
819 2592 994 2662 continue
1025 2589 1240 2671 sterilitates,
1275 2614 1348 2683 pax

301 2704 400 2777 nulla
420 2707 458 2775 in
480 2707 590 2790 terris,
608 2706 706 2777 nulla
725 2708 884 2799 protinus
900 2706 1017 2778 ollitas
1039 2713 1102 2777 aut
1126 2706 1349 2778 abundantis

302 2845 419 2894 rerum
444 2822 535 2894 fuiti
566 2820 648 2893 Hoc
675 2825 769 2893 enlm
797 2826 950 2916 primum
977 2822 1200 2893 efficiendum
1225 2833 1292 2907 est,
1314 2826 1348 2894 ei

304 2939 363 3030 qui
381 2960 445 3008 nes
468 2938 593 3031 arguit,
611 2947 798 3032 perpetuas
817 2947 855 3009 et
874 2939 980 3033 juges
1002 2936 1221 3009 calamitates
1238 2938 1349 3010 finisse

302 3054 375 3139 bas,
405 3076 584 3146 nunquam
613 3055 755 3137 omnino
785 3056 970 3147 respirasse
1001 3052 1173 3135 mortalia,
1204 3062 1243 3124 et
1272 3056 1349 3126 sine

304 3169 385 3240 11111
414 3166 470 3259 (11
498 3169 640 3262 dicitur)
668 3170 772 3252 feriis,
802 3169 1051 3262 multiplicium
1085 3169 1216 3239 formas
1244 3172 1351 3241 susti·

305 3286 421 3355 nulsse
439 3284 688 3357 discriminum.

356 3399 463 3472 XIV.
486 3398 598 3492 Atqui
624 3424 694 3472 non
721 3402 880 3472 videmus
905 3402 1030 3473 mediis
1054 3401 1110 3473 bis
1136 3404 1247 3484 11111,
1274 3426 1352 3473 me-

305 3516 442 3609 diisque
459 3515 684 3608 temporibus,
702 3541 748 3587 ex
771 3517 872 3588 victis
894 3517 1054 3588 hostibus
1075 3519 1351 3591 innumerabiles

308 3654 383 3705 esse
408 3632 570 3701 uictorias
594 3633 812 3725 reportatas?
845 3633 1000 3727 prolatos
1024 3635 1162 3727 imperii
1187 3634 1286 3717 lines,
1312 3645 1350 3706 et

308 3750 345 3819 in
379 3754 591 3841 potestatem
620 3748 778 3820 redactas
807 3750 955 3820 inauditi
984 3752 1135 3844 nominis
1165 3752 1349 3823 nationes?

309 3886 548 3957 sepenumero
564 3864 739 3935 maximos
755 3888 901 3936 annenae
920 3865 1027 3938 fluisse
1052 3877 1256 3960 proventus,
1274 3868 1351 3938 vili-

311 3980 410 4063 tates,
446 3988 551 4071 atque
590 3979 821 4053 abundantias
860 4006 976 4053 rerum
1011 3994 1138 4068 tantas,
1175 3994 1217 4055 ut
1255 4008 1350 4056 com-

310 4095 440 4165 mercia
455 4100 636 4187 stuperent
652 4097 814 4169 universa
829 4099 1022 4190 pretiorum
1038 4088 1251 4170 auctoritate
1273 4124 1350 4194 pro-

311 4210 442 4281 1111111
475 4208 782 4293 Quemadmodum
810 4215 915 4284 enim'
930 4238 986 4284 res
1007 4218 1075 4308 agi,
1102 4224 1141 4284 et
1165 4238 1278 4307 usque
1306 4218 1348 4287 ad
