2867 4817
387 344 451 407 DE
476 342 600 408 ZELO
623 342 689 407 ET
713 342 903 407 LIVORE.
1103 340 1166 404 321
1286 382 1291 389 ·

119 516 222 589 Mala
241 526 373 588 oaetera
393 515 529 588 habent
550 518 767 602 torminum3
793 525 831 586 et
852 515 1088 607 quodcunque
1109 516 1170 585 de-

117 630 301 723 linquitur,
327 632 449 704 delicti
479 634 786 703 consummatione
813 632 945 701 finitur.
997 630 1042 700 In
1071 629 1171 700 adul·

118 756 197 818 tero
214 756 328 819 cessat
345 748 481 820 facinus
502 756 706 842 perpetrato
723 757 855 841 stupro,
875 749 913 817 in
934 746 1071 817 latrone
1087 767 1171 838 con-

118 865 269 957 quiescit
295 864 410 937 scelus
431 865 624 936 homicidio
648 865 810 945 admisso,
832 872 869 934 et
891 863 1050 957 praedoni
1072 884 1171 954 rapa-

92 982 267 1067 scitatem
293 982 419 1052 statuit
443 982 565 1075 praeda
593 1004 761 1075 possessa,
787 987 826 1051 et
856 979 995 1051 falsario
1023 979 1170 1049 modum

118 1098 221 1189 ponit
243 1098 392 1191 impleta
411 1098 560 1169 fallacia
612 1096 723 1169 Zelus
743 1097 936 1167 terminum
958 1094 1171 1192 nonhabet,

119 1235 329 1304 permanens
352 1214 490 1307 jugiter
517 1213 653 1284 malum
683 1222 722 1284 et
750 1214 827 1283 sine
861 1212 933 1281 fine
961 1220 1172 1304 peccatum3

120 1339 324 1421 quantoque
350 1329 412 1400 ille
440 1331 497 1401 cui
525 1331 704 1400 invidetur
733 1350 896 1400 successu
925 1326 1071 1397 meliore
1093 1349 1173 1419 pro-

120 1444 256 1527 fecerit,
279 1453 381 1515 tanto
402 1448 542 1517 invidus
562 1448 601 1516 in
621 1446 735 1539 majus
756 1444 960 1516 incendium
982 1444 1102 1515 livoris
1122 1444 1174 1536 ig-

80 1596 112 1633 ιο
121 1562 226 1631 nibus
241 1562 442 1633 inardescit.
478 1561 575 1632 Hinc
589 1560 708 1633 vultus
721 1562 852 1644 minax,
866 1572 988 1631 torvus
1000 1568 1173 1654 aspectus,

121 1676 236 1769 pallor
257 1678 294 1747 in
315 1678 415 1761 facie,
433 1681 471 1748 in
493 1678 596 1749 labiis
615 1688 758 1762 tremor,
784 1677 913 1748 stridor
935 1678 971 1747 in
997 1676 1174 1759 dentibus,

122 1794 230 1864 verba
259 1793 401 1877 rabida
420 1793 602 1865 effraenata
635 1795 802 1877 convicia,
833 1816 958 1864 manua
991 1795 1036 1864 ad
1071 1795 1175 1864 caedis

122 1908 327 1979 violentiam
348 1918 522 2004 prompta,
546 1910 684 1981 etiamsi
708 1934 731 1979 a
749 1910 868 2003 gladio
888 1911 1029 1981 interim
1054 1930 1174 1991 vacua,

122 2024 205 2095 odio
244 2032 365 2095 tamen
401 2025 542 2097 iuriatae
578 2026 710 2096 mentis
748 2034 893 2097 armata.
958 2026 1007 2097 Et
1044 2025 1175 2096 idcirco

76 2177 85 2216 ι
92 2176 109 2232 5
122 2140 278 2235 Spiritus
304 2140 456 2212 Sanctus
481 2141 569 2211 dicit
592 2142 629 2211 in
653 2141 823 2213 Psalmis:
848 2141 934 2214 Noli
958 2141 1071 2215 zelote
1095 2141 1247 2213 denerat
1256 2163 1339 2210 mvi.

121 2256 349 2329 ambulantem
373 2258 412 2328 ie
432 2256 489 2329 via
511 2280 584 2328 cuc.
634 2258 683 2328 Et
703 2260 855 2344 iterum3
883 2257 1079 2331 Odaeeaabit
1096 2282 1176 2352 pec·

122 2384 219 2447 octor
231 2373 377 2468 ymmm,
400 2383 433 2445 et
454 2372 612 2445 stridebit
628 2374 676 2445 ed
690 2399 767 2446 eum
785 2374 940 2447 dentibus
956 2377 1039 2447 cuis.
1079 2373 1175 2445 Deus

121 2500 236 2563 actem
272 2488 434 2561 irridebit
462 2512 550 2573 eum,
580 2490 743 2584 quoniam
771 2490 929 2585 procidet
955 2492 1038 2586 qaia
1067 2490 1176 2562 veniet

121 2608 197 2680 dice
227 2607 308 2701 qim.
371 2605 450 2677 Hos
479 2605 605 2677 beatus
635 2606 816 2700 apostolus
846 2608 978 2679 Paulus
1013 2609 1175 2701 designat

74 2759 113 2796 20
122 2734 161 2797 et
194 2726 344 2796 denotat
378 2723 520 2794 dicens:
579 2720 752 2795 Venenum
784 2723 943 2819 aspidem
978 2723 1039 2795 aud
1073 2722 1174 2795 tediis
1183 2737 1254 2786 Rau.
1262 2737 1297 2785 iii·

121 2866 252 2925 eorum,
275 2849 308 2912 et
329 2862 367 2911 os
390 2862 508 2910 eorum
531 2838 769 2912 maledictione
793 2850 825 2912 et
849 2840 1082 2913 amaritudine
1100 2840 1175 2935 pie-

122 2982 207 3031 num
233 2965 292 3029 eet.
352 2952 486 3026 Veloces
512 2954 559 3025 ad
583 2952 824 3051 effimdeadum
849 2957 1050 3055 sanquinem
1069 2946 1175 3052 pedes

121 3096 253 3157 corum,
270 3072 433 3144 contritio
456 3081 488 3143 et
513 3068 690 3144 calamitae
707 3072 747 3143 ia
769 3073 836 3145 viia
861 3097 978 3145 eorum
1001 3074 1063 3169 qai
1084 3074 1175 3145 eiam

120 3192 221 3286 pacis
243 3214 313 3261 moa
339 3196 557 3287 oynooemmt,
583 3211 644 3259 mac
670 3196 720 3259 eet
746 3189 851 3260 timor
873 3187 945 3261 Dei
964 3198 1042 3261 cate
1063 3188 1177 3261 oeulos

78 3330 254 3396 meorum.
308 3305 430 3376 Multo
458 3304 594 3376 malum
624 3303 738 3374 levius
767 3315 805 3377 et
834 3305 1031 3399 periculum
1059 3308 1177 3379 minus

123 3434 180 3496 eet
209 3446 291 3495 cnm
318 3422 480 3493 membra
508 3420 626 3516 gladio
650 3420 890 3491 vulnerantur.
941 3421 1068 3494 Facilis
1093 3448 1181 3494 cura

123 3550 180 3613 ast
210 3540 272 3610 ubi
302 3538 406 3633 plaga
434 3540 619 3632 perspicua
648 3547 712 3620 est,
744 3547 782 3607 et
812 3539 885 3608 cito
913 3538 958 3607 ad
988 3539 1177 3609 sanitatem

123 3656 266 3729 medela
288 3657 520 3728 subveniente
547 3656 753 3749 perducitur
775 3656 870 3746 quod
897 3656 1046 3725 videtur.
1097 3655 1177 3727 Zeli

124 3774 273 3845 vulnera
307 3772 468 3843 abstmsa
498 3780 581 3843 sunt
616 3780 654 3842 et
684 3771 846 3855 occulta;
880 3794 946 3841 neo
981 3770 1177 3841 remedium

74 3914 222 3981 3ocurae
246 3889 424 3960 medentis
449 3888 645 3958 admittunt
669 3910 751 3978 quae
778 3910 817 3958 se
840 3890 933 3958 intra
955 3887 1177 3957 conscientia

124 4006 280 4079 latebras
318 4026 416 4076 coeco
453 4002 573 4074 dolore
612 4002 825 4073 clauserunt.
890 4002 1102 4093 Quicunque
1140 4024 1179 4072 es

124 4124 267 4195 invidus
287 4131 325 4193 et
346 4120 533 4215 malignus,
552 4120 681 4190 videris
702 4143 808 4213 qnam
829 4121 877 4190 eis
896 4120 947 4190 eis
969 4142 1057 4210 quos
1074 4119 1178 4189 odisti

123 4240 323 4320 insidiosus,
341 4238 567 4330 perniciosus,
584 4237 744 4307 infestus.
782 4234 928 4306 Nullius
944 4237 1057 4330 magis
1073 4258 1188 4327 quam

630 4360 685 4422 rt
