2867 4817
486 347 716 413 EPITOME.
1068 341 1130 408 361

81 525 169 596 “Si
191 526 308 607 faciet,
325 526 463 619 sapiens
485 524 629 617 quidem
652 523 839 604 videbitur,
857 522 940 614 quia
961 521 1028 592 sibi
1051 543 1136 590 eon-

83 653 106 681 “
124 642 242 725 sulet;
267 643 329 713 sed
346 643 442 712 idem
458 641 584 725 malus,
600 641 683 733 quia
699 640 872 710 nocebit.'’

482 858 592 929 CAP.
619 857 741 931 LVII.

139 989 263 1062 Acuta
286 993 355 1062 ista
379 1015 483 1062 sane:
514 994 575 1063 sed
601 993 811 1085 respondere
836 991 880 1061 ad
904 1013 947 1060 ea
966 989 1133 1060 facillime

84 1131 287 1202 possumus.
339 1109 547 1180 Immutatio
569 1110 665 1179 enim
692 1109 876 1179 nominum
901 1108 996 1190 facit,
1019 1116 1060 1177 ut
1083 1109 1133 1178 sio

86 1249 168 1298 esse
203 1227 374 1297 videatur.
435 1226 532 1297 Nam
568 1235 606 1296 et
631 1227 773 1318 justitia
802 1226 992 1320 imaginem
1024 1224 1134 1295 habet

87 1342 262 1425 stultitiae,
279 1366 352 1414 non
374 1352 495 1415 tamen
518 1356 574 1415 est
595 1343 768 1426 stultitia3
793 1353 831 1414 et
852 1343 989 1413 malitia
1010 1343 1134 1436 imagi-

88 1481 176 1530 nem
191 1461 384 1552 sapientiae,
401 1485 472 1533 non
494 1471 615 1532 tamen
637 1462 810 1554 sapientia
831 1467 895 1530 est.
947 1459 1018 1530 Sed
1042 1461 1134 1529 siout

89 1575 229 1647 malitia
252 1578 321 1648 ista
344 1579 382 1647 in
406 1576 652 1648 conservandis
671 1576 885 1647 utilitatibus
908 1577 978 1646 suis
1002 1575 1134 1646 intelli·

89 1715 180 1784 gens
195 1701 234 1762 et
249 1702 384 1788 arguta,
399 1716 471 1764 non
488 1694 668 1786 sapientia,
685 1692 747 1765 sed
764 1691 936 1764 calliditas
949 1701 986 1762 et
1002 1694 1133 1763 astutia
1201 1751 1202 1756 ,

91 1819 167 1880 est:
198 1809 249 1879 ita
277 1819 316 1880 et
341 1811 482 1902 justitia
509 1834 581 1881 non
610 1811 718 1882 debet
747 1809 908 1892 stultitia„
939 1811 1001 1880 sed
1034 1811 1135 1880 inuo-

91 1927 212 1996 eentia
234 1927 430 2011 nominari3
463 1930 546 2020 quia
574 1951 717 1998 neeesse
747 1934 801 1997 est
830 1936 868 1996 et
889 1928 1028 2019 justum
1057 1947 1134 1996 1111

91 2044 301 2135 sapientem,
317 2053 356 2113 et
378 2067 470 2127 eum,
488 2044 548 2137 qui
570 2046 617 2114 sit
639 2043 780 2129 stultus,
803 2045 984 2136 injustum.
1036 2041 1132 2113 Nam

92 2183 209 2252 neque
232 2161 323 2230 ratio
347 2183 462 2252 neque
486 2168 614 2231 natura
641 2162 717 2254 ipsa
744 2161 929 2254 permittit,
955 2171 996 2232 ut
1020 2161 1134 2252 isqui

87 2279 207 2369 justus
236 2285 301 2359 111,
330 2277 468 2369 sapiens
495 2299 568 2346 non
596 2278 663 2360 sit3
709 2278 875 2369 quoniam
897 2279 1017 2368 justus
1044 2276 1133 2346 nihil

94 2395 218 2486 ntique
234 2393 329 2476 facit,
346 2394 413 2464 nisi
430 2396 524 2485 quod
540 2404 678 2466 rectum
691 2403 729 2465 et
745 2395 879 2464 bonum
896 2403 971 2479 111;
988 2417 1133 2489 pravum

95 2525 133 2582 et
164 2509 299 2582 malum
334 2534 481 2604 semper·
505 2513 608 2606 fugit.
659 2510 749 2596 Quis
783 2521 902 2583 autem
938 2512 1134 2582 discernere

95 2629 228 2699 bonum
253 2639 292 2699 11
318 2628 463 2711 malum,
488 2651 634 2722 pravum
664 2639 703 2700 et
731 2637 879 2711 reatum,
909 2637 1036 2720 potest,
1066 2629 1134 2698 nisi

96 2748 155 2839 qui
178 2748 316 2840 sapiens
340 2746 473 2817 fuerit?
499 2745 640 2818 Stultus
664 2756 786 2818 autem
810 2744 904 2816 male
929 2745 1024 2828 facit,
1041 2747 1133 2838 quia,

96 2865 228 2935 bonum
258 2874 296 2935 et
329 2865 461 2935 malum
495 2865 579 2957 quid
613 2866 668 2947 111,
698 2867 857 2959 ignorat:
891 2864 971 2933 ideo
999 2873 1133 2956 peceat,

96 2983 179 3074 quia
206 3004 278 3052 non
305 2991 424 3076 potest
455 3005 564 3076 prava
595 2990 633 3052 et
660 2989 760 3052 reeta
792 2983 997 3052 discernere.
1049 2979 1135 3052 Non

97 3108 214 3192 potest
230 3123 314 3194 ergo
330 3121 447 3192 neque
462 3099 573 3170 stulto
593 3099 744 3191 justitia,
761 3120 876 3190 neque
895 3099 1027 3190 injusto
1043 3099 1133 3190 sapi-

97 3217 194 3287 entia
221 3218 418 3288 eonvenire.
470 3215 609 3288 Stultus
642 3217 752 3311 igitur
783 3224 947 3297 nonest,
977 3216 1038 3306 qui
1067 3237 1134 3286 neo

98 3333 218 3404 tabula
239 3335 459 3428 naufragum,
481 3357 548 3404 neo
567 3357 658 3428 equo
680 3335 837 3405 saucium
860 3333 1036 3424 dejecerit,
1053 3335 1135 3426 quia

98 3473 136 3520 se
163 3449 334 3520 abstinuit
361 3473 384 3521 a
410 3451 582 3533 nocendo,
611 3452 705 3543 quod
738 3459 794 3521 est
819 3458 1023 3544 peceatum:
1053 3471 1134 3542 pec-

99 3575 217 3638 catum
245 3575 367 3637 autem
390 3567 502 3638 vitare
528 3568 695 3660 sapientis
722 3578 786 3638 est.
838 3566 909 3639 Sed
936 3576 977 3638 ut
1004 3567 1134 3638 stultus

100 3685 210 3777 prima
233 3683 324 3754 faeie
347 3683 518 3767 videatur,
539 3682 602 3754 illa
627 3707 683 3756 res
709 3684 827 3768 efficit,
854 3685 948 3778 quod
974 3685 1134 3778 extingui

100 3802 250 3872 animam
277 3824 359 3872 cum
381 3823 527 3894 corpore
546 3803 740 3873 aestimant:
766 3803 896 3873 ideirco
912 3824 1017 3872 omne
1039 3824 1135 3872 eom·

99 3917 524 3990 modumadhanevitam
536 3920 704 3990 referunt.
732 3919 770 3990 Si
783 3922 877 3990 enim
890 3928 1133 4014 postmortem

100 4034 184 4105 nihil
201 4044 266 4118 111,
279 4036 403 4128 utique
419 4037 529 4108 stulte
541 4037 636 4121 facit,
649 4037 710 4129 qui
727 4036 870 4108 alterius
882 4038 1007 4108 animae
1022 4040 1134 4130 parcit

100 4175 179 4223 eum
212 4154 395 4246 dispendio
428 4176 508 4236 suae,
537 4163 600 4226 aut
629 4153 690 4246 qui
718 4152 863 4224 alterius
896 4153 994 4224 luero
1021 4155 1134 4247 magis

100 4293 202 4362 quam
228 4291 292 4341 suo
316 4269 478 4342 consulit.
529 4269 569 4340 Si
593 4293 687 4341 mors
712 4271 865 4342 animam
893 4269 998 4353 delet,
1020 4270 1134 4341 danda
