2867 4817
322 332 364 394 40
444 328 689 394 ANNOTAT.
715 330 766 393 IN
792 327 1251 401 FRAGM..EPISTOLAE

322 510 340 537 ‘⁴
357 502 471 587 quibus
500 503 607 587 potior
636 502 724 575 fides,
754 503 967 567 consentiunt.
1033 504 1194 588 Quidquid
1223 504 1274 579 sit,
1299 502 1383 566 Flo·

322 589 443 653 “rinus
461 588 572 653 lrenaei
595 589 773 653 rationibus
794 597 828 653 et
848 589 1046 675 argumentis
1060 590 1170 667 vietus,
1185 612 1249 654 non
1263 597 1383 654 tamen

322 684 340 711 “
357 675 527 753 convietus,
544 698 583 739 ne
605 674 678 739 hine
701 675 805 739 Deum
826 676 932 761 ipsum
955 683 1120 741 anetorem
1145 676 1220 740 mali
1241 676 1379 751 laeeret,

321 770 340 797 ‘⁶
356 762 439 825 illine
455 784 528 825 vero
543 784 564 827 a
577 764 726 846 μοναρχία
742 783 838 846 quam
860 762 1015 827 haetenus
1036 769 1301 849 propugnaverat,
1318 762 1381 826 de-

322 857 341 884 “
356 847 473 925 ficiens,
489 868 561 912 eum
584 847 729 913 Cerdone
750 855 785 912 et
800 847 966 913 Marcione
988 848 1145 933 duplieem
1159 849 1263 913 Deum
1282 848 1382 911 indu-

321 944 340 971 “
356 942 451 1012 eeret,
467 934 613 1011 mediam,
637 940 674 999 ut
693 933 753 997 sibi
771 934 948 1010 videbatur,
971 935 1056 999 inter
1076 942 1246 1020 utrumque
1267 942 1381 999 entre·

321 1030 340 1056 “
356 1042 442 1083 urum
470 1020 633 1084 Valentini
664 1020 856 1084 sententiam
878 1020 1051 1105 amplexus,
1073 1042 1145 1084 eum
1171 1044 1209 1085 eo
1233 1020 1381 1085 insanire

321 1118 339 1143 ‘⁶
355 1106 476 1183 maluit,
493 1128 587 1191 quam
603 1128 674 1171 eum
690 1106 863 1171 Catholicis
877 1127 997 1192 sapere.
1022 1107 1127 1188 Quare
1138 1106 1279 1172 Irenaeus
1289 1104 1381 1170 illius

321 1204 339 1229 ‘⁴
356 1192 467 1257 salutis
483 1214 607 1278 semper
622 1192 782 1270 sollicitus,
796 1214 959 1277 eumqnee
973 1214 1055 1257 novo
1069 1192 1131 1270 illo,
1143 1194 1176 1256 in
1192 1193 1276 1277 quod
1289 1214 1378 1277 prenL

321 1290 339 1315 “
356 1301 429 1364 ceps
443 1300 477 1342 so
490 1279 623 1344 dederat
633 1279 786 1343 barathro
797 1279 966 1343 extrahere
976 1279 1109 1343 studens
1119 1279 1246 1364 seripsit
1255 1278 1379 1343 librum

321 1376 339 1401 ‘⁶
355 1367 423 1446 περὶ
437 1364 610 1446 Ὀγδοάδος,
627 1364 664 1428 de
688 1365 839 1449 Ogdoada
856 1364 904 1429 vel
927 1372 964 1429 nt
982 1365 1081 1429 habet
1103 1364 1317 1449 Hieronymus
1343 1366 1378 1427 in

321 1462 339 1487 ‘⁴
356 1450 520 1537 Catalogo,
544 1451 581 1514 de
613 1452 737 1529 Oetaea,
768 1452 858 1536 eujus
883 1452 1055 1515 clausulam
1085 1451 1244 1515 duntaxat
1273 1450 1380 1514 refert

320 1546 339 1573 “
355 1537 540 1602 Eusebius*
572 1537 653 1601 Haee
670 1538 855 1600 Msssnrrus
871 1538 904 1601 S.
917 1537 1029 1601 Irenaei
1045 1537 1157 1614 editor,
1175 1536 1311 1601 Dissert.
1327 1535 1378 1598 Il.

319 1622 422 1688 Artie.
438 1624 481 1687 iii.
497 1645 583 1688 num.
599 1626 650 1708 58.
696 1622 894 1687 Dodwellum
915 1630 1043 1687 seeutus
1065 1624 1097 1687 in
1112 1623 1242 1687 Dissert.
1259 1622 1322 1686 vl.
1341 1624 1380 1685 in

319 1712 483 1774 Irenoeum.

364 1795 404 1859 P.
420 1814 473 1881 35.
494 1797 515 1859 l.
537 1815 586 1875 14.
613 1802 755 1877 λαμπρῶς
780 1794 948 1877 πράττοντα
978 1799 1012 1859 ἐν
1037 1800 1073 1882 τῇ
1101 1798 1247 1883 βασιλικῇ
1276 1794 1377 1882 αὐλῇ]

320 1882 454 1946 Diffieile
476 1882 617 1947 indieatu
639 1904 754 1945 nomen
772 1889 822 1946 est
837 1882 1046 1967 imperatoris,
1063 1903 1126 1966 quo
1141 1888 1296 1967 regnante
1309 1880 1379 1947 hoo

320 1968 506 2045 factumst,
522 1991 577 2033 seu
594 1967 781 2032 Hadrianus
798 1968 904 2046 fuerit,
920 1990 993 2033 eum
1008 1968 1070 2046 ille,
1084 1975 1169 2033 teste
1191 1966 1377 2052 Xiphiline,

319 2056 352 2119 in
367 2055 479 2119 Dono
493 2055 633 2140 Epitome
646 2076 678 2139 p.
697 2056 771 2134 246.
787 2054 839 2119 od.
852 2054 965 2139 Steph.
980 2054 1104 2139 imperii
1125 2055 1174 2119 sui
1214 2052 1378 2119 rorineias

319 2150 417 2226 atque
444 2142 537 2205 urbes
563 2140 746 2226 frequenter
774 2139 932 2214 inviseret,
959 2139 1024 2204 sive
1049 2140 1086 2218 is,
1117 2141 1171 2225 qui
1235 2140 1378 2205 adriano

321 2226 480 2305 suecessit,
497 2227 681 2292 Antoninus
697 2225 785 2302 Pius,
797 2233 834 2291 ut
847 2226 1031 2291 Mansuetus
1046 2236 1160 2291 eontra
1171 2226 1377 2291 Dodwellum

320 2314 456 2400 probare
477 2320 610 2378 conatus
633 2319 691 2391 est,
717 2312 852 2377 Dissert.
871 2334 930 2377 sua
952 2311 998 2377 ΙΙ.
1019 2312 1123 2378 Artie.
1146 2312 1166 2377 i.
1188 2334 1274 2377 num.
1295 2334 1323 2379 1.
1345 2334 1377 2378 2.

321 2402 401 2466 (lum
423 2422 498 2464 vero
520 2407 631 2465 notum
653 2399 705 2477 sit,
730 2398 811 2485 Imp.
835 2398 930 2463 Pium
951 2421 991 2463 ex
1015 2399 1112 2464 Italia
1133 2420 1296 2485 nunquam
1318 2423 1378 2465 ex-

321 2488 403 2563 iisse,
421 2486 604 2551 Massuetus
630 2486 690 2550 hoe
712 2483 825 2551 Irenaei
849 2486 918 2549 loeo
940 2485 973 2549 id
995 2492 1123 2551 tantum
1144 2485 1212 2550 vult
1233 2487 1376 2563 ostendi,

322 2573 487 2638 Florinum
506 2572 643 2638 eulieum
663 2572 844 2657 quempiam
865 2572 970 2649 luisse,
988 2572 1041 2656 qui
1063 2594 1187 2637 summa
1207 2574 1294 2658 apud
1312 2573 1376 2636 im-

321 2668 500 2745 peratorem
511 2657 779 2745 gratiavaluerit3
797 2680 854 2723 nee
870 2658 1042 2758 quidquam
1057 2658 1192 2745 amplius
1207 2666 1317 2723 oenset
1332 2683 1376 2724 ex

320 2769 359 2811 eo
381 2745 598 2832 colligendum.
644 2744 745 2809 Haud
766 2752 932 2822 assentior,
949 2766 1022 2809 eum
1043 2745 1111 2809 aiat
1127 2744 1277 2822 Irenaeus,
1293 2768 1316 2809 a
1339 2768 1376 2810 se

320 2839 397 2897 tune
411 2832 564 2918 temperis
585 2832 671 2917 apud
687 2831 800 2895 Asiam
821 2838 938 2917 agente
952 2831 1053 2896 visum
1067 2852 1136 2896 esse
1152 2832 1319 2895 Florinum
1340 2834 1376 2897 in

260 2976 266 2983 .
320 2918 520 3004 imperatoris
534 2917 608 2983 aula
623 2917 786 3003 splendide
800 2918 966 2982 viventem.
990 2918 1094 2982 Porro
1108 2917 1188 2983 satis
1200 2918 1282 2982 bene
1296 2940 1376 2983 een-

320 3006 407 3070 venit
422 3028 493 3069 oum
508 3005 610 3091 primo
627 3002 740 3069 lrenaei
754 3012 907 3089 tempore,
923 3008 960 3084 τῇ
975 3005 1075 3091 πρῶτῃ
1088 3006 1172 3085 ἥλικ’
1208 3004 1285 3067 dum
1300 3012 1376 3072 παῖς

321 3100 391 3157 erat
406 3092 491 3176 apud
507 3092 654 3167 Asianos,
671 3112 774 3155 annus
795 3089 846 3154 ille
861 3089 981 3156 Christi
999 3106 1070 3173 127.
1088 3112 1152 3176 quo
1202 3090 1376 3155 adrianum

320 3199 378 3261 per
393 3178 539 3242 Athenas
554 3184 587 3241 et
603 3176 714 3241 Asiam
729 3176 854 3262 Syriam
868 3198 978 3241 versus
999 3175 1061 3241 iter
1082 3176 1201 3253 feeisse,
1216 3198 1257 3241 ex
1273 3176 1374 3261 Spar-

320 3264 409 3328 tiano
431 3272 528 3349 atque
550 3262 685 3327 nummis
707 3262 854 3349 probavit
869 3262 988 3349 Pagius
1006 3263 1082 3327 θήν.
1101 3264 1138 3328 in
1151 3262 1289 3328 Annaler
1302 3264 1375 3327 Ba-

321 3351 412 3428 ronii,
428 3352 470 3415 ad
484 3358 723 3429 annos127.et
744 3352 811 3414 128.
829 3349 889 3413 vol.
906 3348 933 3411 Ι.
949 3371 981 3433 p.
1001 3365 1070 3435 125.
1116 3348 1178 3415 Est
1192 3370 1267 3413 voro
1288 3370 1375 3435 opus

321 3435 397 3500 illud
419 3436 456 3501 de
478 3434 660 3513 Heresidas,
683 3436 739 3500 ubi
760 3436 800 3501 de
822 3435 1000 3521 Polyearpo
1023 3435 1165 3500 irenaeus
1186 3435 1306 3513 seribit,
1336 3436 1375 3501 ὃν

321 3524 370 3586 καὶ
383 3524 466 3604 ἡμεῖς
480 3520 649 3605 ἑωράκαμεν
664 3525 698 3587 ἐν
712 3527 748 3602 τῇ
763 3523 862 3604 πρώτῃ
876 3524 957 3602 ἡμῶν
971 3524 1080 3607 ἡλικίᾳ.
1095 3521 1150 3585 lib.
1168 3520 1232 3585 III.
1249 3544 1320 3607 eap.
1337 3542 1371 3607 3.

325 3611 374 3672 16.
421 3610 470 3673 lbi
494 3610 621 3694 quidem
646 3608 748 3674 tradit
770 3608 818 3673 vir
839 3615 976 3684 sanetus,
999 3606 1078 3673 πάνυ
1099 3608 1250 3690 γηραλέον
1270 3608 1374 3673 luisse

323 3696 541 3782 Polycarpum,
554 3718 626 3760 eum
638 3695 691 3779 qui
707 3705 758 3759 tet
773 3716 873 3760 annos
886 3701 960 3779 post
971 3716 1084 3780 passus
1094 3702 1154 3773 est,
1166 3695 1224 3759 sed
1238 3716 1303 3758 non
1315 3695 1373 3759 illo

319 3782 532 3868 imperatoriae
544 3782 747 3867 profectionis
755 3790 908 3866 tempore,
921 3787 958 3845 ut
970 3780 1037 3845 vult
1049 3782 1243 3859 Mansuetus,
1254 3788 1374 3867 postea

320 3892 403 3945 vero,
431 3892 502 3933 oum
531 3868 685 3953 martyrio
714 3875 885 3932 eoronatus
910 3866 1014 3932 fuerit.
1060 3866 1262 3932 Hadrianum
1288 3868 1372 3933 dieit

320 3954 453 4033 Fronto,
466 3978 523 4041 per
532 3955 689 4041 Angelum
702 3954 825 4019 Maium
835 3976 936 4039 nuper
946 3953 1111 4032 redivivus,
1123 3953 1203 4019 ordis
1212 3962 1373 4019 amman

318 4064 377 4105 non
387 4042 511 4127 regendi
525 4052 652 4119 tantam,
666 4042 721 4105 sed
733 4042 824 4106 etiam
833 4037 1073 4126 perambulanda·
1088 4040 1274 4126 diltpentem.
1320 4042 1371 4105 De

319 4130 426 4193 Ferit}
439 4126 637 4201 Alsiernibaa
653 4150 721 4213 eap.
738 4148 768 4212 3.
784 4151 815 4214 p.
833 4128 901 4213 138.
917 4126 967 4191 ed.
983 4126 1120 4191 Berolin.

364 4216 401 4279 P.
418 4216 471 4315 36.
486 4215 508 4278 l.
530 4235 575 4279 ιο.
599 4220 657 4279 τῶν
681 4215 834 4278 αὐτονπῶν
859 4218 911 4292 τῆς
933 4215 1005 4292 ζωῆς
1028 4217 1081 4277 τοῦ
1102 4214 1211 4298 λόγον]
1243 4212 1369 4278 lrenaee

319 4301 405 4366 venit
419 4321 451 4363 rn
466 4307 604 4365 mentem
619 4300 699 4365 initii
715 4300 856 4385 epistolae
871 4300 981 4385 primae
997 4300 1030 4365 S.
1046 4298 1070 4363 J
1071 4299 1191 4365 oannis.
