2867 4817
270 276 335 339 882
522 270 757 336 FIRMIANI
783 269 1056 335 LACTANTII

271 450 485 544 depraedatio
502 459 540 520 et
557 448 703 519 vastitas
718 445 793 517 fiet.
828 446 996 541 Regnum
1012 444 1324 540 multiplicabitur,

271 575 309 638 et
338 566 463 638 (lesem
496 564 562 635 viri
592 561 818 656 occupabunt
847 563 980 646 orbem,
1013 564 1225 657 partientur,
1261 565 1326 636 de-
1432 651 1433 658 ἶ

271 680 468 765 vorabunt;
503 687 542 750 et
570 678 702 750 existet
732 676 822 748 alius
847 676 954 771 longe
984 680 1165 770 potentior
1191 701 1236 750 ao
1261 701 1326 750 ne·
1432 659 1433 666 ἵ

272 798 383 890 quior,
400 797 471 889 qui,
488 796 602 866 tribus
618 817 665 865 ex
681 817 725 866 eo
742 817 891 866 numero
914 794 1050 879 deletis,
1068 795 1196 866 Asiam
1213 797 1325 888 possi-

272 914 381 997 debit,
411 921 450 983 et
478 912 618 984 oaeteris
645 913 685 981 in
716 917 932 1004 potestatem
967 933 1068 982 suam
1101 912 1259 982 redactis
1287 920 1327 983 et
1432 913 1433 962 ἓ

272 1031 415 1102 adscitis
432 1029 577 1100 vexabit
589 1049 732 1099 omnem
746 1035 887 1099 terram.
924 1026 1049 1100 Novas
1065 1027 1163 1122 leges
1176 1037 1326 1112 statuet,

272 1156 411 1218 veteres
426 1145 632 1238 abrogabit3
655 1143 911 1236 rempublicam
928 1166 1029 1214 suam
1045 1144 1174 1229 faoiet;
1193 1168 1326 1216 nomen

271 1263 410 1356 imperii
437 1262 631 1353 sedemque
656 1261 823 1331 mutabit.
874 1260 974 1332 Tune
1002 1263 1070 1332 erit
1099 1271 1247 1354 tempus
1274 1263 1327 1332 iu·
1432 1311 1433 1316 .

271 1379 418 1450 fandum
452 1387 491 1448 et
527 1376 738 1458 execrabile,
774 1399 845 1469 quo
880 1379 1014 1448 nemini
1048 1377 1159 1451 libeat
1194 1381 1325 1449 vivere.

273 1495 438 1588 Denique
458 1496 498 1565 in
519 1516 602 1566 eum
629 1503 763 1564 statum
789 1517 845 1564 res
870 1494 985 1576 eadet,
1001 1504 1044 1564 nt
1068 1495 1167 1565 vivos
1190 1494 1328 1564 lamen-

272 1615 373 1696 tatio,
388 1620 548 1682 mortuos
569 1610 761 1704 gratulatio
782 1619 958 1703 sequatur.
1009 1611 1185 1682 Civitates
1202 1621 1243 1682 et
1266 1633 1329 1704 op-

273 1729 357 1822 pida
376 1727 583 1808 interibunt,
600 1726 708 1795 modo
730 1725 833 1809 ferro,
857 1727 964 1797 modo
985 1728 1068 1821 igni,
1091 1727 1202 1798 modo
1224 1735 1329 1798 terra

274 1844 431 1915 motibus
450 1841 592 1925 crebris,
616 1843 725 1912 modo
752 1865 922 1934 aquarum
948 1843 1189 1926 inundatione,
1218 1845 1328 1914 modo

274 1959 477 2054 pestilentia
494 1969 532 2029 et
548 1958 653 2030 fame.
704 1957 812 2028 Terra
832 1958 919 2028 nibil
938 1959 1038 2042 feret,
1056 1969 1118 2030 aut
1136 1959 1327 2054 frigoribus

274 2077 405 2160 nimiis,
429 2083 493 2146 ant
519 2074 694 2146 caloribus
723 2073 862 2146 sterilis.
912 2075 1021 2168 Aqua
1050 2078 1164 2147 omnis
1193 2079 1328 2170 partim

274 2192 473 2266 mutabitur
509 2193 547 2262 in
579 2213 751 2273 eruorem,
788 2191 917 2284 purtim
952 2193 1188 2264 amaritudine
1225 2193 1328 2264 vitia·

275 2309 392 2394 bitur;
417 2318 460 2380 ut
476 2307 565 2379 nihil
582 2309 628 2378 sit
651 2331 719 2378 neo
741 2309 787 2378 ad
809 2309 907 2379 eibos
923 2308 1022 2393 utile,
1040 2331 1106 2380 neo
1129 2311 1175 2380 ad
1198 2317 1328 2402 potum

274 2427 424 2498 salubre.
459 2423 529 2496 His
545 2424 648 2495 malis
664 2425 836 2496 secedent
853 2426 962 2496 etiam
983 2427 1143 2520 prodigia
1160 2427 1207 2498 de
1225 2425 1327 2510 eoelo,

273 2567 319 2614 ne
336 2544 421 2637 quid
438 2542 532 2613 desit
551 2541 754 2612 hominibus
776 2542 822 2612 ad
846 2543 1022 2613 timorem.
1073 2541 1236 2614 Cometae
1253 2567 1329 2615 ere-

274 2660 338 2730 bro
367 2659 599 2751 apparebunt.
650 2656 713 2728 Sol
748 2664 920 2750 perpetuo
955 2656 1089 2751 pallore
1117 2658 1327 2730 fiuoabitur.
1432 2643 1433 2648 ¹

275 2776 380 2848 Luna
405 2776 578 2870 sangnine
607 2774 794 2858 inficietur,
819 2797 885 2846 nee
913 2775 1048 2846 amissae
1077 2773 1167 2848 lnois
1195 2777 1328 2848 damna

273 2893 459 2986 reparabit.
512 2891 635 2962 Stellae
658 2913 781 2962 omnes
807 2891 982 2976 decident,
1009 2913 1077 2962 neo
1102 2894 1328 2986 temporibus

274 3031 338 3080 sna
366 3009 457 3080 ratio
486 3008 672 3091 constabit,
702 3008 831 3102 hyeme
865 3016 973 3100 atque
1002 3017 1128 3080 aestate
1157 3010 1326 3082 eoniusis.

273 3126 374 3198 Tnno
399 3135 437 3197 et
462 3147 585 3209 annus,
610 3132 649 3196 et
673 3126 815 3209 mensis,
842 3133 880 3196 et
902 3125 977 3197 dies
1002 3126 1230 3197 breviabitur.
1277 3127 1327 3199 Et

273 3242 366 3314 hane
389 3264 467 3313 esse
490 3241 615 3311 mundi
643 3249 866 3312 senectutem
896 3264 939 3312 ao
968 3241 1206 3314 defectionem
1231 3243 1328 3316 Tris-

273 3358 445 3452 megistus
466 3357 627 3428 elocutus
650 3364 715 3428 est.
768 3355 857 3441 Qua
879 3379 962 3428 oum
984 3359 1177 3444 evenerint,
1199 3359 1325 3432 adem

273 3484 416 3567 tempus
441 3473 624 3544 sciendum
649 3480 715 3558 est,
739 3497 809 3566 quo
836 3472 934 3544 Deus
959 3474 1005 3545 ad
1030 3477 1325 3548 commutandum

274 3588 442 3660 saeoulum
465 3597 674 3661 revertatur.
726 3588 827 3660 Inter
849 3588 924 3660 haee
947 3596 1069 3661 sutem
1092 3591 1186 3662 mala
1202 3601 1328 3688 surget

276 3727 339 3775 rex
364 3705 503 3798 impius,
526 3727 600 3774 non
623 3705 732 3776 modo
757 3705 878 3798 generi
905 3703 1100 3788 hominnm,
1126 3707 1188 3776 sad
1215 3708 1327 3778 etiam

278 3822 357 3893 Deo
382 3823 558 3894 inimicus.
610 3821 682 3892 Hie
712 3821 877 3914 reliquias
906 3821 1001 3893 illius
1031 3822 1156 3914 prioris
1185 3823 1328 3915 tyranni

277 3947 449 4022 oonteret,
473 3938 654 4021 enroiabit,
674 3939 830 4022 vexabit,
856 3941 1048 4010 interimet.
1097 3937 1199 4009 'lbno
1220 3948 1330 4010 erunt

276 4053 464 4147 lachrymae
480 4057 597 4149 juges,
622 4054 740 4126 luctus
765 4063 803 4125 et
829 4056 983 4149 gemitus
1008 4063 1181 4149 perpetes,
1212 4068 1252 4126 et
1282 4057 1328 4128 ad

277 4168 397 4239 Deum
419 4191 525 4238 oassae
547 4191 689 4262 preoes:
716 4169 815 4242 nulla
837 4171 975 4262 requies
995 4193 1017 4241 a
1036 4170 1236 4254 formidine,
1259 4193 1328 4242 nee
