2867 4817
256 322 322 387 ³74
515 316 750 381 FIRMIANI
776 318 1047 383 LACTANTII

259 516 371 577 secus,
387 494 450 563 sed
466 500 658 563 contentus
674 516 719 565 ea
740 493 825 575 sola,
841 496 931 565 easti
948 502 985 565 et
1006 492 1167 564 inviolati
1183 490 1311 562 eubilis

258 616 477 681 sacramenta
504 609 693 679 custodiat.
747 608 813 681 Est
841 610 938 681 enim
969 608 1049 679 Deo
1079 616 1117 679 et
1142 609 1310 689 incestus,

259 728 320 819 qui
336 724 475 816 abjecto
492 725 593 817 jugo,
610 723 668 793 vel
690 725 728 793 in
752 724 909 807 liberam,
927 723 983 795 vel
1002 726 1039 793 in
1056 746 1193 795 servam
1209 746 1312 815 pere-

258 841 360 935 grina
384 839 568 931 voluptate
593 838 762 909 luxuriat.
814 840 885 911 Sed
915 840 1008 910 sieut
1033 840 1177 909 foemina
1206 840 1311 909 easti-

258 962 344 1031 tatis
377 956 527 1029 vinculis
555 956 713 1051 obligata
748 966 812 1040 est,
843 980 888 1027 ne
923 958 1020 1028 aliud
1059 958 1310 1050 concupiscam

259 1078 312 1147 ita
333 1078 389 1145 vir
408 1076 534 1146 eadem
559 1072 642 1167 lege
670 1082 837 1145 teneatur
861 1072 954 1169 (sor.
985 1084 1129 1145 tenetur
1158 1071 1311 1167 Deoia),

260 1191 428 1283 quoniam
461 1187 562 1263 Deus
597 1190 715 1261 virum
751 1198 789 1261 et
827 1212 975 1261 uxorem
1013 1189 1118 1259 unius
1154 1189 1311 1281 eorporis

260 1314 432 1398 odmpoge
453 1303 629 1377 solidavit.
681 1304 769 1375 ideo
792 1306 971 1399 praecepit,
989 1326 1061 1375 non
1083 1304 1217 1374 dimitti
1241 1326 1311 1373 ux-

260 1442 369 1503 orem,
391 1420 458 1491 nisi
480 1421 628 1493 erimine
652 1420 818 1493 edulterii
845 1423 1034 1493 revictam:
1062 1430 1309 1515 nonunquam

260 1534 455 1630 conjugalia
478 1534 621 1607 foederis
645 1535 838 1618 vinculum,
863 1537 930 1607 nisi
955 1537 1050 1628 quod
1079 1537 1227 1628 perlidia
1251 1560 1311 1607 ru-

260 1654 362 1745 pen't,
388 1649 593 1724 resolvatur.
644 1650 740 1721 Illud
762 1671 903 1744 quoque
926 1653 971 1722 ad
994 1652 1309 1723 consummandam

259 1766 661 1859 pudicitiamjungitur,
684 1775 727 1837 ιιι
755 1790 827 1837 non
852 1768 959 1837 modo
988 1776 1174 1860 peecatum
1204 1768 1309 1850 absit,

259 1883 508 1957 verumetiam
531 1882 723 1975 cogitatio:
753 1882 868 1974 pollui¹
885 1885 981 1961 enim
1002 1894 1161 1955 mentem
1185 1906 1311 1975 quum-

259 2000 313 2069 vis
336 1999 434 2069 inani
457 1998 672 2090 eupiditate3
696 1999 818 2089 itaque
836 1999 974 2090 justum
998 1999 1189 2083 hominem,
1210 2000 1309 2091 quod

259 2116 305 2185 sit
328 2136 440 2196 seona,
456 2137 523 2185 neo
548 2113 665 2185 faeere
687 2122 858 2205 oportere,
876 2138 943 2185 nee
964 2114 1065 2185 velle.
1118 2115 1310 2209 Purganda

259 2231 447 2323 eetigitnr
467 2230 692 2311 conscientia,
711 2252 818 2321 quam
836 2228 936 2303 Deus
959 2233 1129 2323 pervidet,
1147 2236 1207 2324 qui
1230 2232 1308 2302 falli

258 2368 328 2417 non
346 2352 475 2438 potest.
527 2344 760 2416 Emaeuletur
776 2347 873 2416 omni
895 2346 976 2417 labe
998 2358 1132 2440 peetus,
1150 2358 1191 2418 ιιι
1213 2356 1309 2417 tem-

257 2462 357 2554 plum
389 2460 458 2531 Dei
487 2484 564 2533 esse
597 2463 717 2554 possit,
747 2463 842 2553 quod
876 2485 947 2533 non
977 2463 1062 2545 auri,
1093 2486 1159 2533 nec
1189 2445 1308 2533 eboris

258 2580 361 2660 nitor,
379 2577 442 2649 sed
459 2577 542 2647 fidei
559 2586 597 2648 et
614 2579 787 2649 eastitatis
803 2575 921 2671 fulgor
937 2579 1099 2651 illustrat.

632 2790 742 2862 cAP.
770 2790 932 2863 LXVII.

309 2923 502 2996 Sedenim
528 2924 603 2995 haee
628 2925 748 2995 omnia
771 2924 926 2996 difficilia
954 2934 1037 2997 sunt
1067 2925 1211 3010 homini,
1237 2950 1308 3001 neo

258 3044 392 3133 patitur
414 3040 570 3111 conditio
594 3039 795 3133 fragilitatis
824 3049 971 3123 naturae,
997 3064 1073 3113 esse
1103 3066 1307 3135 quenquam

259 3156 334 3227 sine
350 3156 500 3227 macula
552 3155 731 3227 Ultimum
755 3180 838 3250 ergo
861 3158 1058 3229 remedium
1075 3158 1163 3229 illud
1180 3168 1245 3241 est,
1263 3170 1308 3231 ut

259 3272 502 3366 oonfugiamus
531 3272 577 3342 ed
613 3274 870 3365 poenitentiam,
900 3298 977 3367 quae
1011 3298 1083 3346 non
1116 3277 1308 3349 minimum

257 3386 378 3459 locum
401 3388 496 3459 inter
520 3389 670 3460 virtutes
694 3388 812 3473 habet,
841 3392 924 3482 quia
950 3394 1003 3463 sui
1029 3393 1201 3465 eorrectio
1225 3404 1306 3479 est3

258 3513 310 3585 ut,
341 3526 451 3595 quum
481 3505 573 3575 forte
602 3514 666 3577 aut
698 3528 737 3578 re
770 3515 834 3577 aut
864 3508 971 3577 verbo
1006 3507 1093 3600 lapsi
1123 3509 1305 3591 fuerimus,

258 3621 379 3691 statim
417 3623 670 3714 resipiscamus,
705 3646 748 3693 ao
787 3646 852 3693 nos
892 3624 1080 3716 deliquisse
1118 3625 1305 3707 fateamur,

258 3756 468 3827 oremusque
484 3759 507 3807 a
523 3735 603 3807 Deo
620 3739 771 3820 veniam,
785 3752 890 3830 quam
906 3762 974 3831 pro
987 3762 1051 3809 sue
1066 3742 1307 3813 misericordia

258 3875 330 3923 non
356 3851 511 3945 negabit,
537 3854 617 3925 nisi.
630 3854 936 3945 perseverantibus
960 3857 998 3925 in
1021 3878 1147 3927 errore.
1199 3856 1307 3951 Mag-

258 3990 344 4039 num
374 3974 430 4039 est
462 3969 680 4059 poenitentiae
712 3970 895 4054 auxilium,
924 3993 1093 4065 magnum
1127 3971 1305 4043 solatium.

259 4081 327 4153 ille
342 4091 399 4155 est
414 4081 601 4157 vulneram
624 4092 921 4178 peceatommque
943 4090 1101 4159 sanatio:
1132 4087 1194 4159 illa
1213 4111 1305 4181 spes,

257 4195 320 4267 illa
343 4205 466 4289 pertire
489 4198 636 4292 tolutim
662 4222 768 4293 quam
795 4203 855 4294 qui
881 4202 986 4284 tollit,
1009 4204 1103 4273 viam
1130 4205 1211 4275 vita
1236 4206 1305 4283 sibi
