<?xml version="1.0" encoding="UTF-8"?>
<!DOCTYPE html PUBLIC "-//W3C//DTD XHTML 1.0 Transitional//EN"
    "http://www.w3.org/TR/xhtml1/DTD/xhtml1-transitional.dtd">
<html xmlns="http://www.w3.org/1999/xhtml" xml:lang="en" lang="en">
 <head>
  <title>
</title>
<meta http-equiv="Content-Type" content="text/html;charset=utf-8" />
  <meta name='ocr-system' content='tesseract 3.04.00' />
  <meta name='ocr-capabilities' content='ocr_page ocr_carea ocr_par ocr_line ocrx_word'/>
</head>
<body>
  <div class='ocr_page' id='page_1' title='image "./scriptorumeccle03routgoog_0110.png"; bbox 0 0 2867 4817; ppageno 0'>
   <div class='ocr_carea' id='block_1_1' title="bbox 283 325 998 398">
    <p class='ocr_par' dir='ltr' id='par_1_1' title="bbox 283 325 998 398">
     <span class='ocr_line' id='line_1_1' title="bbox 283 325 998 398; baseline -0.008 -2"><span class='ocrx_word' id='word_1_1' title='bbox 283 330 329 398; x_wconf 66' lang='lat'><strong>92</strong></span> <span class='ocrx_word' id='word_1_2' title='bbox 618 325 998 391; x_wconf 86' lang='lat' dir='ltr'><strong>ANNOTATIONES</strong></span> 
     </span>
    </p>
   </div>
   <div class='ocr_carea' id='block_1_2' title="bbox 285 495 1342 4388">
    <p class='ocr_par' dir='ltr' id='par_1_2' title="bbox 285 495 1340 2311">
     <span class='ocr_line' id='line_1_2' title="bbox 287 495 1338 584; baseline -0.004 -18"><span class='ocrx_word' id='word_1_3' title='bbox 287 501 423 566; x_wconf 74' lang='lat' dir='ltr'><strong>Filiumr</strong></span> <span class='ocrx_word' id='word_1_4' title='bbox 447 497 567 578; x_wconf 79' lang='lat' dir='ltr'><strong>Voluit,</strong></span> <span class='ocrx_word' id='word_1_5' title='bbox 583 499 722 584; x_wconf 88' lang='lat' dir='ltr'><strong>inquam,</strong></span> <span class='ocrx_word' id='word_1_6' title='bbox 738 499 915 577; x_wconf 82' lang='lat' dir='ltr'><strong>manifeste,</strong></span> <span class='ocrx_word' id='word_1_7' title='bbox 935 499 990 563; x_wconf 81' lang='grc' dir='ltr'><strong>τὸν</strong></span> <span class='ocrx_word' id='word_1_8' title='bbox 1010 500 1112 580; x_wconf 82' lang='grc' dir='ltr'>Λόγον</span> <span class='ocrx_word' id='word_1_9' title='bbox 1133 503 1210 561; x_wconf 86' lang='lat' dir='ltr'><strong>ante</strong></span> <span class='ocrx_word' id='word_1_10' title='bbox 1231 495 1338 562; x_wconf 78' lang='lat' dir='ltr'><strong>ineas·-</strong></span> 
     </span>
     <span class='ocr_line' id='line_1_3' title="bbox 285 583 1337 672; baseline -0.006 -18"><span class='ocrx_word' id='word_1_11' title='bbox 285 588 447 654; x_wconf 78' lang='lat' dir='ltr'><strong>nationem</strong></span> <span class='ocrx_word' id='word_1_12' title='bbox 473 607 536 648; x_wconf 90' lang='lat' dir='ltr'><strong>non</strong></span> <span class='ocrx_word' id='word_1_13' title='bbox 558 587 644 650; x_wconf 90' lang='lat' dir='ltr'><strong>omni</strong></span> <span class='ocrx_word' id='word_1_14' title='bbox 668 585 830 650; x_wconf 88' lang='lat' dir='ltr'><strong>filiationis</strong></span> <span class='ocrx_word' id='word_1_15' title='bbox 858 607 982 672; x_wconf 85' lang='lat' dir='ltr'><strong>genere,</strong></span> <span class='ocrx_word' id='word_1_16' title='bbox 1005 591 1043 649; x_wconf 92' lang='lat' dir='ltr'><strong>ut</strong></span> <span class='ocrx_word' id='word_1_17' title='bbox 1072 584 1119 648; x_wconf 89' lang='lat' dir='ltr'><strong>ita</strong></span> <span class='ocrx_word' id='word_1_18' title='bbox 1145 583 1258 660; x_wconf 80' lang='lat' dir='ltr'><strong>diuam,</strong></span> <span class='ocrx_word' id='word_1_19' title='bbox 1279 585 1337 648; x_wconf 88' lang='lat' dir='ltr'><strong>de-</strong></span> 
     </span>
     <span class='ocr_line' id='line_1_4' title="bbox 286 669 1338 754; baseline -0.005 -16"><span class='ocrx_word' id='word_1_20' title='bbox 286 675 429 738; x_wconf 83' lang='lat' dir='ltr'><strong>lunotum</strong></span> <span class='ocrx_word' id='word_1_21' title='bbox 443 671 548 746; x_wconf 80' lang='lat' dir='ltr'><strong>luisse,</strong></span> <span class='ocrx_word' id='word_1_22' title='bbox 565 671 629 737; x_wconf 90' lang='lat' dir='ltr'><strong>sive</strong></span> <span class='ocrx_word' id='word_1_23' title='bbox 650 673 791 736; x_wconf 89' lang='lat' dir='ltr'><strong>nondum</strong></span> <span class='ocrx_word' id='word_1_24' title='bbox 811 671 907 736; x_wconf 83' lang='lat' dir='ltr'><strong>fuisse</strong></span> <span class='ocrx_word' id='word_1_25' title='bbox 929 669 1213 754; x_wconf 64' lang='lat' dir='ltr'><strong>omnimodaque</strong></span> <span class='ocrx_word' id='word_1_26' title='bbox 1232 671 1338 734; x_wconf 86' lang='lat' dir='ltr'><strong>Pater</strong></span> 
     </span>
     <span class='ocr_line' id='line_1_5' title="bbox 287 755 1336 841; baseline -0.007 -15"><span class='ocrx_word' id='word_1_27' title='bbox 287 759 395 837; x_wconf 87' lang='lat' dir='ltr'><strong>voluit,</strong></span> <span class='ocrx_word' id='word_1_28' title='bbox 412 757 471 822; x_wconf 93' lang='lat' dir='ltr'><strong>Dei</strong></span> <span class='ocrx_word' id='word_1_29' title='bbox 488 757 616 822; x_wconf 89' lang='lat' dir='ltr'><strong>Filium.</strong></span> <span class='ocrx_word' id='word_1_30' title='bbox 661 759 788 823; x_wconf 87' lang='lat' dir='ltr'><strong>Seilieet</strong></span> <span class='ocrx_word' id='word_1_31' title='bbox 803 759 941 823; x_wconf 90' lang='lat' dir='ltr'><strong>Domino</strong></span> <span class='ocrx_word' id='word_1_32' title='bbox 955 763 1066 822; x_wconf 90' lang='lat' dir='ltr'><strong>nostro</strong></span> <span class='ocrx_word' id='word_1_33' title='bbox 1079 756 1236 841; x_wconf 90' lang='lat' dir='ltr'><strong>triplioem</strong></span> <span class='ocrx_word' id='word_1_34' title='bbox 1251 755 1336 820; x_wconf 86' lang='lat' dir='ltr'><strong>nati-</strong></span> 
     </span>
     <span class='ocr_line' id='line_1_6' title="bbox 286 842 1337 927; baseline -0.005 -16"><span class='ocrx_word' id='word_1_35' title='bbox 286 847 419 911; x_wconf 87' lang='lat' dir='ltr'><strong>vitatem</strong></span> <span class='ocrx_word' id='word_1_36' title='bbox 434 852 467 909; x_wconf 86' lang='lat' dir='ltr'><strong>st</strong></span> <span class='ocrx_word' id='word_1_37' title='bbox 481 844 664 910; x_wconf 88' lang='lat' dir='ltr'><strong>filiationem</strong></span> <span class='ocrx_word' id='word_1_38' title='bbox 678 846 896 910; x_wconf 78' lang='lat' dir='ltr'><strong>attribuerunt</strong></span> <span class='ocrx_word' id='word_1_39' title='bbox 910 850 1043 909; x_wconf 85' lang='lat' dir='ltr'><strong>veteres.</strong></span> <span class='ocrx_word' id='word_1_40' title='bbox 1072 842 1183 908; x_wconf 86' lang='lat' dir='ltr'><strong>Prima</strong></span> <span class='ocrx_word' id='word_1_41' title='bbox 1196 849 1257 920; x_wconf 85' lang='lat' dir='ltr'><strong>est,</strong></span> <span class='ocrx_word' id='word_1_42' title='bbox 1270 864 1337 927; x_wconf 83' lang='lat' dir='ltr'><strong>qua</strong></span> 
     </span>
     <span class='ocr_line' id='line_1_7' title="bbox 287 927 1337 1014; baseline -0.005 -17"><span class='ocrx_word' id='word_1_43' title='bbox 287 941 322 997; x_wconf 81' lang='lat' dir='ltr'><strong>ut</strong></span> <span class='ocrx_word' id='word_1_44' title='bbox 339 933 437 1014; x_wconf 88' lang='grc' dir='ltr'>Λόγος</span> <span class='ocrx_word' id='word_1_45' title='bbox 452 953 491 994; x_wconf 82' lang='lat' dir='ltr'><strong>ex</strong></span> <span class='ocrx_word' id='word_1_46' title='bbox 510 938 616 996; x_wconf 91' lang='lat' dir='ltr'><strong>mente</strong></span> <span class='ocrx_word' id='word_1_47' title='bbox 632 932 740 996; x_wconf 87' lang='lat' dir='ltr'><strong>Patris</strong></span> <span class='ocrx_word' id='word_1_48' title='bbox 761 932 803 996; x_wconf 86' lang='lat' dir='ltr'><strong>ab</strong></span> <span class='ocrx_word' id='word_1_49' title='bbox 824 939 947 996; x_wconf 81' lang='lat' dir='ltr'><strong>aeterno</strong></span> <span class='ocrx_word' id='word_1_50' title='bbox 968 937 1063 994; x_wconf 88' lang='lat' dir='ltr'><strong>natus</strong></span> <span class='ocrx_word' id='word_1_51' title='bbox 1083 927 1154 994; x_wconf 79' lang='lat' dir='ltr'><strong>fuit.</strong></span> <span class='ocrx_word' id='word_1_52' title='bbox 1199 929 1250 993; x_wconf 81' lang='lat' dir='ltr'><strong>Ex</strong></span> <span class='ocrx_word' id='word_1_53' title='bbox 1273 929 1337 993; x_wconf 82' lang='lat' dir='ltr'><strong>heo</strong></span> 
     </span>
     <span class='ocr_line' id='line_1_8' title="bbox 287 1014 1335 1104; baseline -0.004 -21"><span class='ocrx_word' id='word_1_54' title='bbox 287 1018 456 1084; x_wconf 87' lang='lat' dir='ltr'><strong>nativitate</strong></span> <span class='ocrx_word' id='word_1_55' title='bbox 470 1018 611 1102; x_wconf 73' lang='lat' dir='ltr'><strong>perfecta</strong></span> <span class='ocrx_word' id='word_1_56' title='bbox 625 1017 806 1104; x_wconf 74' lang='lat' dir='ltr'><strong>hypostasis</strong></span> <span class='ocrx_word' id='word_1_57' title='bbox 820 1018 925 1082; x_wconf 86' lang='lat' dir='ltr'><strong>divina</strong></span> <span class='ocrx_word' id='word_1_58' title='bbox 939 1017 1068 1092; x_wconf 77' lang='lat' dir='ltr'><strong>extitit3</strong></span> <span class='ocrx_word' id='word_1_59' title='bbox 1092 1037 1151 1080; x_wconf 91' lang='lat' dir='ltr'><strong>neo</strong></span> <span class='ocrx_word' id='word_1_60' title='bbox 1170 1014 1230 1100; x_wconf 90' lang='lat' dir='ltr'><strong>ipsi</strong></span> <span class='ocrx_word' id='word_1_61' title='bbox 1245 1015 1335 1101; x_wconf 86' lang='lat' dir='ltr'><strong>quie-</strong></span> 
     </span>
     <span class='ocr_line' id='line_1_9' title="bbox 288 1103 1337 1190; baseline -0.003 -21"><span class='ocrx_word' id='word_1_62' title='bbox 288 1126 384 1190; x_wconf 87' lang='lat' dir='ltr'><strong>quam</strong></span> <span class='ocrx_word' id='word_1_63' title='bbox 405 1113 517 1189; x_wconf 87' lang='lat' dir='ltr'><strong>postea</strong></span> <span class='ocrx_word' id='word_1_64' title='bbox 538 1105 680 1182; x_wconf 76' lang='lat' dir='ltr'><strong>accessit,</strong></span> <span class='ocrx_word' id='word_1_65' title='bbox 697 1104 754 1169; x_wconf 88' lang='lat' dir='ltr'><strong>sed</strong></span> <span class='ocrx_word' id='word_1_66' title='bbox 775 1105 882 1188; x_wconf 90' lang='lat' dir='ltr'><strong>potius</strong></span> <span class='ocrx_word' id='word_1_67' title='bbox 904 1111 1028 1168; x_wconf 86' lang='lat' dir='ltr'><strong>eaeterae</strong></span> <span class='ocrx_word' id='word_1_68' title='bbox 1054 1103 1241 1167; x_wconf 73' lang='lat' dir='ltr'><strong>nativitates</strong></span> <span class='ocrx_word' id='word_1_69' title='bbox 1261 1127 1337 1183; x_wconf 72' lang='grc' dir='ltr'><strong>συγ</strong></span> 
     </span>
     <span class='ocr_line' id='line_1_10' title="bbox 289 1187 1337 1271; baseline -0.003 -16"><span class='ocrx_word' id='word_1_70' title='bbox 289 1190 471 1271; x_wconf 79' lang='grc' dir='ltr'>καταβάσεις</span> <span class='ocrx_word' id='word_1_71' title='bbox 484 1190 621 1268; x_wconf 81' lang='lat' dir='ltr'><strong>fuerunt,</strong></span> <span class='ocrx_word' id='word_1_72' title='bbox 637 1191 702 1256; x_wconf 88' lang='lat' dir='ltr'><strong>sive</strong></span> <span class='ocrx_word' id='word_1_73' title='bbox 721 1190 998 1254; x_wconf 87' lang='lat' dir='ltr'><strong>oondeseensiones</strong></span> <span class='ocrx_word' id='word_1_74' title='bbox 1014 1189 1088 1252; x_wconf 89' lang='lat' dir='ltr'><strong>Filii</strong></span> <span class='ocrx_word' id='word_1_75' title='bbox 1103 1189 1175 1253; x_wconf 89' lang='lat' dir='ltr'><strong>Dei.</strong></span> <span class='ocrx_word' id='word_1_76' title='bbox 1218 1187 1337 1253; x_wconf 85' lang='lat' dir='ltr'><strong>Altera</strong></span> 
     </span>
     <span class='ocr_line' id='line_1_11' title="bbox 288 1275 1336 1362; baseline -0.004 -20"><span class='ocrx_word' id='word_1_77' title='bbox 288 1299 401 1362; x_wconf 89' lang='lat' dir='ltr'><strong>nempe</strong></span> <span class='ocrx_word' id='word_1_78' title='bbox 415 1276 566 1341; x_wconf 75' lang='lat' dir='ltr'><strong>nativitas</strong></span> <span class='ocrx_word' id='word_1_79' title='bbox 580 1283 638 1356; x_wconf 88' lang='lat' dir='ltr'><strong>est,</strong></span> <span class='ocrx_word' id='word_1_80' title='bbox 655 1299 719 1362; x_wconf 89' lang='lat' dir='ltr'><strong>qua</strong></span> <span class='ocrx_word' id='word_1_81' title='bbox 737 1280 754 1340; x_wconf 84' lang='grc' dir='ltr'>ὁ</span> <span class='ocrx_word' id='word_1_82' title='bbox 769 1279 869 1358; x_wconf 84' lang='grc' dir='ltr'>Λόγος</span> <span class='ocrx_word' id='word_1_83' title='bbox 882 1299 904 1341; x_wconf 88' lang='lat' dir='ltr'><strong>a</strong></span> <span class='ocrx_word' id='word_1_84' title='bbox 917 1277 989 1340; x_wconf 87' lang='lat' dir='ltr'><strong>Deo</strong></span> <span class='ocrx_word' id='word_1_85' title='bbox 1003 1276 1113 1354; x_wconf 88' lang='lat' dir='ltr'><strong>Patre,</strong></span> <span class='ocrx_word' id='word_1_86' title='bbox 1128 1275 1214 1360; x_wconf 86' lang='lat' dir='ltr'><strong>apud</strong></span> <span class='ocrx_word' id='word_1_87' title='bbox 1229 1295 1336 1360; x_wconf 88' lang='lat' dir='ltr'><strong>quem,</strong></span> 
     </span>
     <span class='ocr_line' id='line_1_12' title="bbox 289 1361 1338 1448; baseline -0.005 -20"><span class='ocrx_word' id='word_1_88' title='bbox 289 1385 361 1428; x_wconf 91' lang='lat' dir='ltr'><strong>eum</strong></span> <span class='ocrx_word' id='word_1_89' title='bbox 375 1361 452 1427; x_wconf 90' lang='lat' dir='ltr'><strong>nihil</strong></span> <span class='ocrx_word' id='word_1_90' title='bbox 467 1363 570 1428; x_wconf 85' lang='lat' dir='ltr'><strong>adhue</strong></span> <span class='ocrx_word' id='word_1_91' title='bbox 585 1371 703 1448; x_wconf 84' lang='lat' dir='ltr'><strong>praeter</strong></span> <span class='ocrx_word' id='word_1_92' title='bbox 714 1363 818 1427; x_wconf 90' lang='lat' dir='ltr'><strong>Deum</strong></span> <span class='ocrx_word' id='word_1_93' title='bbox 833 1364 994 1441; x_wconf 87' lang='lat' dir='ltr'><strong>existeret,</strong></span> <span class='ocrx_word' id='word_1_94' title='bbox 1006 1361 1148 1446; x_wconf 77' lang='lat' dir='ltr'><strong>adeoque</strong></span> <span class='ocrx_word' id='word_1_95' title='bbox 1159 1362 1201 1425; x_wconf 85' lang='lat' dir='ltr'><strong>ab</strong></span> <span class='ocrx_word' id='word_1_96' title='bbox 1211 1368 1338 1426; x_wconf 85' lang='lat' dir='ltr'><strong>aeterno</strong></span> 
     </span>
     <span class='ocr_line' id='line_1_13' title="bbox 289 1447 1339 1533; baseline -0.003 -19"><span class='ocrx_word' id='word_1_97' title='bbox 289 1451 403 1527; x_wconf 84' lang='lat' dir='ltr'><strong>fuerat,</strong></span> <span class='ocrx_word' id='word_1_98' title='bbox 435 1449 496 1514; x_wconf 85' lang='grc' dir='ltr'>κατ’</span> <span class='ocrx_word' id='word_1_99' title='bbox 523 1449 677 1532; x_wconf 74' lang='grc' dir='ltr'>ἐνέργειαν</span> <span class='ocrx_word' id='word_1_100' title='bbox 702 1447 810 1528; x_wconf 84' lang='lat' dir='ltr'><strong>exivit,</strong></span> <span class='ocrx_word' id='word_1_101' title='bbox 836 1471 875 1514; x_wconf 78' lang='lat' dir='ltr'><strong>ao</strong></span> <span class='ocrx_word' id='word_1_102' title='bbox 904 1462 1057 1533; x_wconf 85' lang='lat' dir='ltr'><strong>tanquam</strong></span> <span class='ocrx_word' id='word_1_103' title='bbox 1081 1471 1122 1513; x_wconf 84' lang='lat' dir='ltr'><strong>ex</strong></span> <span class='ocrx_word' id='word_1_104' title='bbox 1147 1455 1240 1512; x_wconf 83' lang='lat' dir='ltr'><strong>uteru</strong></span> <span class='ocrx_word' id='word_1_105' title='bbox 1266 1448 1339 1532; x_wconf 80' lang='lat' dir='ltr'><strong>ejus</strong></span> 
     </span>
     <span class='ocr_line' id='line_1_14' title="bbox 288 1533 1339 1623; baseline -0.002 -22"><span class='ocrx_word' id='word_1_106' title='bbox 288 1537 416 1623; x_wconf 90' lang='lat' dir='ltr'><strong>prodiit,</strong></span> <span class='ocrx_word' id='word_1_107' title='bbox 433 1556 528 1621; x_wconf 89' lang='lat' dir='ltr'><strong>seque</strong></span> <span class='ocrx_word' id='word_1_108' title='bbox 542 1535 669 1600; x_wconf 80' lang='lat' dir='ltr'><strong>demisit</strong></span> <span class='ocrx_word' id='word_1_109' title='bbox 683 1537 726 1600; x_wconf 87' lang='lat' dir='ltr'><strong>ad</strong></span> <span class='ocrx_word' id='word_1_110' title='bbox 740 1536 905 1600; x_wconf 85' lang='lat' dir='ltr'><strong>oondende</strong></span> <span class='ocrx_word' id='word_1_111' title='bbox 918 1535 1073 1599; x_wconf 85' lang='lat' dir='ltr'><strong>universa.</strong></span> <span class='ocrx_word' id='word_1_112' title='bbox 1105 1533 1202 1619; x_wconf 82' lang='lat' dir='ltr'><strong>(Haeo</strong></span> <span class='ocrx_word' id='word_1_113' title='bbox 1216 1541 1267 1598; x_wconf 87' lang='lat' dir='ltr'><strong>est</strong></span> <span class='ocrx_word' id='word_1_114' title='bbox 1281 1533 1339 1599; x_wconf 82' lang='lat' dir='ltr'><strong>illa</strong></span> 
     </span>
     <span class='ocr_line' id='line_1_15' title="bbox 289 1620 1338 1707; baseline -0.003 -20"><span class='ocrx_word' id='word_1_115' title='bbox 289 1625 430 1706; x_wconf 76' lang='grc' dir='ltr'>γέννησις</span> <span class='ocrx_word' id='word_1_116' title='bbox 444 1625 544 1704; x_wconf 84' lang='grc' dir='ltr'>Λόγου</span> <span class='ocrx_word' id='word_1_117' title='bbox 565 1627 748 1704; x_wconf 81' lang='grc' dir='ltr'>προφορικοῦ</span> <span class='ocrx_word' id='word_1_118' title='bbox 768 1622 854 1707; x_wconf 85' lang='lat' dir='ltr'><strong>apud</strong></span> <span class='ocrx_word' id='word_1_119' title='bbox 874 1621 1083 1706; x_wconf 84' lang='lat' dir='ltr'><strong>Theophilum</strong></span> <span class='ocrx_word' id='word_1_120' title='bbox 1097 1620 1338 1687; x_wconf 87' lang='lat' dir='ltr'><strong>Antioohenum</strong></span> 
     </span>
     <span class='ocr_line' id='line_1_16' title="bbox 289 1707 1337 1794; baseline -0.001 -21"><span class='ocrx_word' id='word_1_121' title='bbox 289 1710 343 1774; x_wconf 93' lang='lat' dir='ltr'><strong>lib.</strong></span> <span class='ocrx_word' id='word_1_122' title='bbox 361 1709 407 1773; x_wconf 91' lang='grc' dir='ltr'><strong>ΙΙ.</strong></span> <span class='ocrx_word' id='word_1_123' title='bbox 423 1731 456 1794; x_wconf 93' lang='lat' dir='ltr'><strong>p.</strong></span> <span class='ocrx_word' id='word_1_124' title='bbox 474 1710 526 1773; x_wconf 87' lang='lat'><strong>80.</strong></span> <span class='ocrx_word' id='word_1_125' title='bbox 571 1709 623 1772; x_wconf 89' lang='lat' dir='ltr'><strong>Sio</strong></span> <span class='ocrx_word' id='word_1_126' title='bbox 637 1716 671 1773; x_wconf 89' lang='lat' dir='ltr'><strong>et</strong></span> <span class='ocrx_word' id='word_1_127' title='bbox 684 1707 708 1772; x_wconf 85' lang='lat' dir='ltr'>J</span> <span class='ocrx_word' id='word_1_128' title='bbox 710 1707 792 1773; x_wconf 83' lang='lat' dir='ltr'><strong>udaei</strong></span> <span class='ocrx_word' id='word_1_129' title='bbox 807 1708 936 1794; x_wconf 86' lang='lat' dir='ltr'><strong>quidam</strong></span> <span class='ocrx_word' id='word_1_130' title='bbox 949 1715 1047 1773; x_wconf 84' lang='lat' dir='ltr'><strong>aetate</strong></span> <span class='ocrx_word' id='word_1_131' title='bbox 1061 1707 1184 1772; x_wconf 88' lang='lat' dir='ltr'><strong>Justini</strong></span> <span class='ocrx_word' id='word_1_132' title='bbox 1197 1707 1337 1772; x_wconf 72' lang='lat' dir='ltr'><strong>offirma</strong></span> 
     </span>
     <span class='ocr_line' id='line_1_17' title="bbox 289 1792 1339 1880; baseline 0.002 -21"><span class='ocrx_word' id='word_1_133' title='bbox 289 1797 369 1860; x_wconf 85' lang='lat' dir='ltr'><strong>hant</strong></span> <span class='ocrx_word' id='word_1_134' title='bbox 383 1793 528 1875; x_wconf 63' lang='lat' dir='ltr'><strong>dissiliens</strong></span> <span class='ocrx_word' id='word_1_135' title='bbox 546 1796 594 1859; x_wconf 80' lang='grc' dir='ltr'><strong>καὶ</strong></span> <span class='ocrx_word' id='word_1_136' title='bbox 614 1797 798 1878; x_wconf 72' lang='grc' dir='ltr'>ἀχωρίστους</span> <span class='ocrx_word' id='word_1_137' title='bbox 820 1800 903 1861; x_wconf 85' lang='grc' dir='ltr'>Θεοῦ</span> <span class='ocrx_word' id='word_1_138' title='bbox 924 1793 1061 1875; x_wconf 75' lang='grc' dir='ltr'>δυνάμεις</span> <span class='ocrx_word' id='word_1_139' title='bbox 1073 1815 1143 1859; x_wconf 73' lang='lat' dir='ltr'><strong>esse</strong></span> <span class='ocrx_word' id='word_1_140' title='bbox 1156 1792 1287 1880; x_wconf 82' lang='lat' dir='ltr'><strong>angelos</strong></span> <span class='ocrx_word' id='word_1_141' title='bbox 1301 1794 1339 1861; x_wconf 74' lang='lat' dir='ltr'><strong>ds</strong></span> 
     </span>
     <span class='ocr_line' id='line_1_18' title="bbox 290 1879 1339 1965; baseline -0.002 -20"><span class='ocrx_word' id='word_1_142' title='bbox 290 1881 404 1948; x_wconf 78' lang='grc' dir='ltr'>ὀΘεός</span> <span class='ocrx_word' id='word_1_143' title='bbox 425 1883 497 1945; x_wconf 87' lang='grc' dir='ltr'>ὅταν</span> <span class='ocrx_word' id='word_1_144' title='bbox 518 1883 664 1960; x_wconf 79' lang='grc' dir='ltr'>βούληται</span> <span class='ocrx_word' id='word_1_145' title='bbox 684 1885 841 1965; x_wconf 76' lang='grc' dir='ltr'>προυηδᾷν</span> <span class='ocrx_word' id='word_1_146' title='bbox 863 1886 945 1946; x_wconf 82' lang='grc' dir='ltr'>ποιεῖ</span> <span class='ocrx_word' id='word_1_147' title='bbox 968 1882 1016 1945; x_wconf 84' lang='grc' dir='ltr'><strong>καὶ</strong></span> <span class='ocrx_word' id='word_1_148' title='bbox 1037 1880 1131 1945; x_wconf 78' lang='grc' dir='ltr'>πάλιν</span> <span class='ocrx_word' id='word_1_149' title='bbox 1152 1879 1339 1944; x_wconf 73' lang='grc' dir='ltr'>ἀναστέλλει</span> 
     </span>
     <span class='ocr_line' id='line_1_19' title="bbox 290 1965 1339 2053; baseline -0.002 -21"><span class='ocrx_word' id='word_1_150' title='bbox 290 1971 363 2050; x_wconf 83' lang='grc' dir='ltr'>πρὸς</span> <span class='ocrx_word' id='word_1_151' title='bbox 379 1967 494 2041; x_wconf 75' lang='grc' dir='ltr'>ἑαυτὸν,</span> <span class='ocrx_word' id='word_1_152' title='bbox 510 1989 540 2052; x_wconf 91' lang='lat' dir='ltr'><strong>p.</strong></span> <span class='ocrx_word' id='word_1_153' title='bbox 559 1969 632 2031; x_wconf 81' lang='lat'><em>280.</em></span> <span class='ocrx_word' id='word_1_154' title='bbox 660 1967 745 2032; x_wconf 90' lang='lat' dir='ltr'><strong>Dial.</strong></span> <span class='ocrx_word' id='word_1_155' title='bbox 767 1988 840 2031; x_wconf 90' lang='lat' dir='ltr'><strong>oum</strong></span> <span class='ocrx_word' id='word_1_156' title='bbox 862 1967 1043 2053; x_wconf 70' lang='lat' dir='ltr'><strong>Tryphone.</strong></span> <span class='ocrx_word' id='word_1_157' title='bbox 1067 1965 1179 2049; x_wconf 73' lang='lat' dir='ltr'><strong>Fotr.)</strong></span> <span class='ocrx_word' id='word_1_158' title='bbox 1224 1965 1339 2030; x_wconf 82' lang='lat' dir='ltr'><strong>Tertia</strong></span> 
     </span>
     <span class='ocr_line' id='line_1_20' title="bbox 290 2052 1340 2136; baseline -0.002 -18"><span class='ocrx_word' id='word_1_159' title='bbox 290 2056 418 2118; x_wconf 90' lang='lat' dir='ltr'><strong>demum</strong></span> <span class='ocrx_word' id='word_1_160' title='bbox 440 2053 591 2118; x_wconf 83' lang='lat' dir='ltr'><strong>nativitas</strong></span> <span class='ocrx_word' id='word_1_161' title='bbox 612 2061 683 2118; x_wconf 91' lang='lat' dir='ltr'><strong>tum</strong></span> <span class='ocrx_word' id='word_1_162' title='bbox 701 2053 771 2132; x_wconf 86' lang='lat' dir='ltr'><strong>fuit,</strong></span> <span class='ocrx_word' id='word_1_163' title='bbox 786 2075 860 2118; x_wconf 88' lang='lat' dir='ltr'><strong>oum</strong></span> <span class='ocrx_word' id='word_1_164' title='bbox 880 2053 965 2117; x_wconf 92' lang='lat' dir='ltr'><strong>idem</strong></span> <span class='ocrx_word' id='word_1_165' title='bbox 986 2054 1117 2136; x_wconf 81' lang='grc' dir='ltr'>ὁΛόγος</span> <span class='ocrx_word' id='word_1_166' title='bbox 1137 2073 1214 2118; x_wconf 86' lang='lat' dir='ltr'><strong>earo</strong></span> <span class='ocrx_word' id='word_1_167' title='bbox 1232 2052 1340 2117; x_wconf 74' lang='lat' dir='ltr'><strong>saonis</strong></span> 
     </span>
     <span class='ocr_line' id='line_1_21' title="bbox 291 2138 1337 2226; baseline 0 -22"><span class='ocrx_word' id='word_1_168' title='bbox 291 2147 350 2218; x_wconf 91' lang='lat' dir='ltr'><strong>est,</strong></span> <span class='ocrx_word' id='word_1_169' title='bbox 363 2147 396 2204; x_wconf 88' lang='lat' dir='ltr'><strong>et</strong></span> <span class='ocrx_word' id='word_1_170' title='bbox 411 2161 430 2203; x_wconf 94' lang='lat' dir='ltr'><strong>e</strong></span> <span class='ocrx_word' id='word_1_171' title='bbox 444 2139 514 2203; x_wconf 89' lang='lat' dir='ltr'><strong>sinu</strong></span> <span class='ocrx_word' id='word_1_172' title='bbox 526 2139 634 2204; x_wconf 88' lang='lat' dir='ltr'><strong>Patris</strong></span> <span class='ocrx_word' id='word_1_173' title='bbox 649 2139 681 2203; x_wconf 91' lang='lat' dir='ltr'><strong>in</strong></span> <span class='ocrx_word' id='word_1_174' title='bbox 695 2147 824 2205; x_wconf 90' lang='lat' dir='ltr'><strong>uterum</strong></span> <span class='ocrx_word' id='word_1_175' title='bbox 837 2139 1028 2206; x_wconf 82' lang='lat' dir='ltr'><strong>beatissimae</strong></span> <span class='ocrx_word' id='word_1_176' title='bbox 1038 2138 1182 2226; x_wconf 83' lang='lat' dir='ltr'><strong>Virginis</strong></span> <span class='ocrx_word' id='word_1_177' title='bbox 1195 2139 1250 2204; x_wconf 82' lang='lat' dir='ltr'><strong>illa</strong></span> <span class='ocrx_word' id='word_1_178' title='bbox 1289 2160 1337 2218; x_wconf 85' lang='lat' dir='ltr'><strong>us,</strong></span> 
     </span>
     <span class='ocr_line' id='line_1_22' title="bbox 290 2224 1231 2311; baseline 0 -21"><span class='ocrx_word' id='word_1_179' title='bbox 290 2226 386 2290; x_wconf 89' lang='lat' dir='ltr'><strong>homo</strong></span> <span class='ocrx_word' id='word_1_180' title='bbox 401 2247 440 2290; x_wconf 90' lang='lat' dir='ltr'><strong>ex</strong></span> <span class='ocrx_word' id='word_1_181' title='bbox 454 2225 523 2310; x_wconf 90' lang='lat' dir='ltr'><strong>ipsa</strong></span> <span class='ocrx_word' id='word_1_182' title='bbox 537 2231 692 2291; x_wconf 87' lang='lat' dir='ltr'><strong>natusest</strong></span> <span class='ocrx_word' id='word_1_183' title='bbox 703 2247 761 2311; x_wconf 87' lang='lat' dir='ltr'><strong>per</strong></span> <span class='ocrx_word' id='word_1_184' title='bbox 771 2226 1038 2292; x_wconf 87' lang='lat' dir='ltr'><strong>inumbrationem</strong></span> <span class='ocrx_word' id='word_1_185' title='bbox 1049 2226 1186 2310; x_wconf 88' lang='lat' dir='ltr'><strong>Spiritus</strong></span> <span class='ocrx_word' id='word_1_186' title='bbox 1198 2224 1231 2290; x_wconf 90' lang='lat' dir='ltr'><strong>S.</strong></span> 
     </span>
    </p>

    <p class='ocr_par' dir='ltr' id='par_1_3' title="bbox 290 2311 1342 4388">
     <span class='ocr_line' id='line_1_23' title="bbox 292 2311 1337 2395; baseline 0 -20"><span class='ocrx_word' id='word_1_187' title='bbox 292 2314 352 2377; x_wconf 89' lang='lat' dir='ltr'><strong>suit</strong></span> <span class='ocrx_word' id='word_1_188' title='bbox 374 2317 426 2376; x_wconf 81' lang='grc' dir='ltr'>τοῦ</span> <span class='ocrx_word' id='word_1_189' title='bbox 448 2315 549 2395; x_wconf 83' lang='grc' dir='ltr'>Λόγου</span> <span class='ocrx_word' id='word_1_190' title='bbox 571 2318 715 2377; x_wconf 84' lang='lat' dir='ltr'><strong>extrema</strong></span> <span class='ocrx_word' id='word_1_191' title='bbox 736 2313 971 2394; x_wconf 77' lang='grc' dir='ltr'>συγκοτόβοσις,</span> <span class='ocrx_word' id='word_1_192' title='bbox 991 2335 1013 2377; x_wconf 83' lang='lat' dir='ltr'><strong>a</strong></span> <span class='ocrx_word' id='word_1_193' title='bbox 1033 2312 1125 2377; x_wconf 82' lang='lat' dir='ltr'><strong>nobis</strong></span> <span class='ocrx_word' id='word_1_194' title='bbox 1146 2311 1337 2391; x_wconf 85' lang='lat' dir='ltr'><strong>hominibus,</strong></span> 
     </span>
     <span class='ocr_line' id='line_1_24' title="bbox 290 2399 1338 2499; baseline 0 -36"><span class='ocrx_word' id='word_1_195' title='bbox 290 2400 433 2485; x_wconf 86' lang='lat' dir='ltr'><strong>adeoque</strong></span> <span class='ocrx_word' id='word_1_196' title='bbox 447 2399 489 2462; x_wconf 90' lang='lat' dir='ltr'><strong>ab</strong></span> <span class='ocrx_word' id='word_1_197' title='bbox 511 2399 588 2499; x_wconf 91' lang='lat' dir='ltr'><strong>ipsis</strong></span> <span class='ocrx_word' id='word_1_198' title='bbox 608 2399 729 2485; x_wconf 82' lang='lat' dir='ltr'><strong>angelis</strong></span> <span class='ocrx_word' id='word_1_199' title='bbox 745 2405 903 2464; x_wconf 82' lang='lat' dir='ltr'><strong>aetemum</strong></span> <span class='ocrx_word' id='word_1_200' title='bbox 920 2399 1093 2476; x_wconf 83' lang='lat' dir='ltr'><strong>adoranda,</strong></span> <span class='ocrx_word' id='word_1_201' title='bbox 1110 2419 1174 2485; x_wconf 88' lang='lat' dir='ltr'><strong>qua</strong></span> <span class='ocrx_word' id='word_1_202' title='bbox 1193 2405 1338 2484; x_wconf 86' lang='lat' dir='ltr'><strong>peraeta,</strong></span> 
     </span>
     <span class='ocr_line' id='line_1_25' title="bbox 291 2483 1338 2570; baseline 0.003 -23"><span class='ocrx_word' id='word_1_203' title='bbox 291 2486 450 2570; x_wconf 69' lang='lat' dir='ltr'><strong>perlectus</strong></span> <span class='ocrx_word' id='word_1_204' title='bbox 466 2483 567 2549; x_wconf 81' lang='lat' dir='ltr'><strong>Fihus</strong></span> <span class='ocrx_word' id='word_1_205' title='bbox 582 2485 642 2549; x_wconf 93' lang='lat' dir='ltr'><strong>Dei</strong></span> <span class='ocrx_word' id='word_1_206' title='bbox 664 2485 768 2550; x_wconf 83' lang='lat' dir='ltr'><strong>laetus</strong></span> <span class='ocrx_word' id='word_1_207' title='bbox 789 2492 848 2565; x_wconf 88' lang='lat' dir='ltr'><strong>est,</strong></span> <span class='ocrx_word' id='word_1_208' title='bbox 864 2486 925 2550; x_wconf 87' lang='lat' dir='ltr'><strong>hoo</strong></span> <span class='ocrx_word' id='word_1_209' title='bbox 940 2493 1000 2564; x_wconf 90' lang='lat' dir='ltr'><strong>est,</strong></span> <span class='ocrx_word' id='word_1_210' title='bbox 1015 2491 1053 2550; x_wconf 88' lang='lat' dir='ltr'><strong>ut</strong></span> <span class='ocrx_word' id='word_1_211' title='bbox 1066 2485 1142 2564; x_wconf 82' lang='lat' dir='ltr'><strong>dixi,</strong></span> <span class='ocrx_word' id='word_1_212' title='bbox 1158 2485 1245 2548; x_wconf 89' lang='lat' dir='ltr'><strong>omni</strong></span> <span class='ocrx_word' id='word_1_213' title='bbox 1259 2484 1338 2550; x_wconf 81' lang='lat' dir='ltr'><strong>filia·</strong></span> 
     </span>
     <span class='ocr_line' id='line_1_26' title="bbox 291 2570 1338 2657; baseline 0 -21"><span class='ocrx_word' id='word_1_214' title='bbox 291 2572 387 2636; x_wconf 82' lang='lat' dir='ltr'><strong>tionis</strong></span> <span class='ocrx_word' id='word_1_215' title='bbox 409 2593 524 2657; x_wconf 86' lang='lat' dir='ltr'><strong>genere</strong></span> <span class='ocrx_word' id='word_1_216' title='bbox 549 2571 717 2636; x_wconf 86' lang='lat' dir='ltr'><strong>defunotus</strong></span> <span class='ocrx_word' id='word_1_217' title='bbox 738 2578 805 2636; x_wconf 90' lang='lat' dir='ltr'><strong>est:</strong></span> <span class='ocrx_word' id='word_1_218' title='bbox 837 2571 992 2656; x_wconf 88' lang='lat' dir='ltr'><strong>siqnidem</strong></span> <span class='ocrx_word' id='word_1_219' title='bbox 1012 2578 1138 2637; x_wconf 82' lang='lat' dir='ltr'><strong>oaeterae</strong></span> <span class='ocrx_word' id='word_1_220' title='bbox 1157 2570 1338 2650; x_wconf 85' lang='lat' dir='ltr'><strong>filiationes,</strong></span> 
     </span>
     <span class='ocr_line' id='line_1_27' title="bbox 292 2658 1337 2743; baseline 0.001 -22"><span class='ocrx_word' id='word_1_221' title='bbox 292 2680 362 2742; x_wconf 76' lang='lat' dir='ltr'><strong>quae</strong></span> <span class='ocrx_word' id='word_1_222' title='bbox 376 2659 547 2723; x_wconf 85' lang='lat' dir='ltr'><strong>humanam</strong></span> <span class='ocrx_word' id='word_1_223' title='bbox 562 2658 681 2724; x_wconf 78' lang='lat' dir='ltr'><strong>Christi</strong></span> <span class='ocrx_word' id='word_1_224' title='bbox 696 2665 846 2722; x_wconf 90' lang='lat' dir='ltr'><strong>naturam</strong></span> <span class='ocrx_word' id='word_1_225' title='bbox 857 2665 1012 2743; x_wconf 84' lang='lat' dir='ltr'><strong>speetant,</strong></span> <span class='ocrx_word' id='word_1_226' title='bbox 1023 2680 1063 2722; x_wconf 86' lang='lat' dir='ltr'><strong>ex</strong></span> <span class='ocrx_word' id='word_1_227' title='bbox 1074 2659 1135 2722; x_wconf 87' lang='lat' dir='ltr'><strong>hae</strong></span> <span class='ocrx_word' id='word_1_228' title='bbox 1145 2659 1337 2743; x_wconf 88' lang='lat' dir='ltr'><strong>dependent,</strong></span> 
     </span>
     <span class='ocr_line' id='line_1_28' title="bbox 291 2744 1341 2830; baseline 0.001 -21"><span class='ocrx_word' id='word_1_229' title='bbox 291 2753 388 2829; x_wconf 85' lang='lat' dir='ltr'><strong>atque</strong></span> <span class='ocrx_word' id='word_1_230' title='bbox 414 2767 454 2808; x_wconf 84' lang='lat' dir='ltr'><strong>ox</strong></span> <span class='ocrx_word' id='word_1_231' title='bbox 482 2744 552 2830; x_wconf 89' lang='lat' dir='ltr'><strong>ipsa</strong></span> <span class='ocrx_word' id='word_1_232' title='bbox 580 2750 825 2830; x_wconf 86' lang='lat' dir='ltr'><strong>eonsequuntur.</strong></span> <span class='ocrx_word' id='word_1_233' title='bbox 874 2746 915 2810; x_wconf 72' lang='lat' dir='ltr'><strong>G.</strong></span> <span class='ocrx_word' id='word_1_234' title='bbox 941 2745 1064 2809; x_wconf 80' lang='lat' dir='ltr'><strong>Bomos</strong></span> <span class='ocrx_word' id='word_1_235' title='bbox 1089 2745 1213 2829; x_wconf 63' lang='lat' dir='ltr'><strong>Daseai.</strong></span> <span class='ocrx_word' id='word_1_236' title='bbox 1238 2745 1341 2810; x_wconf 70' lang='lat' dir='ltr'><strong>Fidei</strong></span> 
     </span>
     <span class='ocr_line' id='line_1_29' title="bbox 293 2830 1338 2917; baseline 0 -21"><span class='ocrx_word' id='word_1_237' title='bbox 293 2833 433 2896; x_wconf 77' lang='lat' dir='ltr'><strong>Nicoeace</strong></span> <span class='ocrx_word' id='word_1_238' title='bbox 457 2854 488 2917; x_wconf 93' lang='lat' dir='ltr'><strong>p.</strong></span> <span class='ocrx_word' id='word_1_239' title='bbox 513 2834 584 2912; x_wconf 92' lang='lat'><strong>164.</strong></span> <span class='ocrx_word' id='word_1_240' title='bbox 610 2835 656 2916; x_wconf 90' lang='lat' dir='ltr'><strong>(p.</strong></span> <span class='ocrx_word' id='word_1_241' title='bbox 684 2849 737 2914; x_wconf 80' lang='lat'><strong>92.</strong></span> <span class='ocrx_word' id='word_1_242' title='bbox 752 2831 802 2896; x_wconf 85' lang='lat' dir='ltr'><strong>ed</strong></span> <span class='ocrx_word' id='word_1_243' title='bbox 827 2831 954 2914; x_wconf 79' lang='lat' dir='ltr'><strong>Grabii)</strong></span> <span class='ocrx_word' id='word_1_244' title='bbox 980 2854 1001 2896; x_wconf 92' lang='lat' dir='ltr'><strong>a</strong></span> <span class='ocrx_word' id='word_1_245' title='bbox 1030 2830 1179 2896; x_wconf 89' lang='lat' dir='ltr'><strong>Fabrieio</strong></span> <span class='ocrx_word' id='word_1_246' title='bbox 1206 2830 1338 2896; x_wconf 87' lang='lat' dir='ltr'><strong>allatus.</strong></span> 
     </span>
     <span class='ocr_line' id='line_1_30' title="bbox 293 2916 1338 3028; baseline -0.001 -46"><span class='ocrx_word' id='word_1_247' title='bbox 293 2919 428 2983; x_wconf 85' lang='lat' dir='ltr'><strong>Dixerat</strong></span> <span class='ocrx_word' id='word_1_248' title='bbox 444 2918 570 3003; x_wconf 90' lang='lat' dir='ltr'><strong>quidem</strong></span> <span class='ocrx_word' id='word_1_249' title='bbox 586 2916 791 3028; x_wconf 84' lang='lat' dir='ltr'><strong>Hippolytus,</strong></span> <span class='ocrx_word' id='word_1_250' title='bbox 807 2917 860 2982; x_wconf 86' lang='grc' dir='ltr'><strong>τὸν</strong></span> <span class='ocrx_word' id='word_1_251' title='bbox 874 2920 976 3000; x_wconf 87' lang='grc' dir='ltr'>Λόγον</span> <span class='ocrx_word' id='word_1_252' title='bbox 990 2918 1117 2982; x_wconf 91' lang='lat' dir='ltr'><strong>nomine</strong></span> <span class='ocrx_word' id='word_1_253' title='bbox 1132 2917 1205 2981; x_wconf 89' lang='lat' dir='ltr'><strong>Filii</strong></span> <span class='ocrx_word' id='word_1_254' title='bbox 1227 2918 1338 3004; x_wconf 87' lang='lat' dir='ltr'><strong>appel·</strong></span> 
     </span>
     <span class='ocr_line' id='line_1_31' title="bbox 292 3003 1339 3086; baseline 0.002 -20"><span class='ocrx_word' id='word_1_255' title='bbox 292 3005 393 3068; x_wconf 90' lang='lat' dir='ltr'><strong>latum</strong></span> <span class='ocrx_word' id='word_1_256' title='bbox 407 3027 476 3068; x_wconf 86' lang='lat' dir='ltr'><strong>esse</strong></span> <span class='ocrx_word' id='word_1_257' title='bbox 490 3008 538 3068; x_wconf 77' lang='grc' dir='ltr'>διὸ</span> <span class='ocrx_word' id='word_1_258' title='bbox 552 3004 587 3067; x_wconf 85' lang='grc' dir='ltr'><strong>τὸ</strong></span> <span class='ocrx_word' id='word_1_259' title='bbox 601 3013 728 3083; x_wconf 86' lang='grc' dir='ltr'>μελλειν</span> <span class='ocrx_word' id='word_1_260' title='bbox 741 3004 833 3068; x_wconf 77' lang='grc' dir='ltr'>αὐτὸν</span> <span class='ocrx_word' id='word_1_261' title='bbox 847 3003 1000 3086; x_wconf 80' lang='grc' dir='ltr'>γενέσθαι,</span> <span class='ocrx_word' id='word_1_262' title='bbox 1015 3005 1075 3069; x_wconf 90' lang='lat' dir='ltr'><strong>hoe</strong></span> <span class='ocrx_word' id='word_1_263' title='bbox 1090 3025 1164 3069; x_wconf 88' lang='lat' dir='ltr'><strong>vero</strong></span> <span class='ocrx_word' id='word_1_264' title='bbox 1183 3003 1254 3069; x_wconf 85' lang='lat' dir='ltr'><strong>loco</strong></span> <span class='ocrx_word' id='word_1_265' title='bbox 1274 3026 1339 3069; x_wconf 90' lang='lat' dir='ltr'><strong>non</strong></span> 
     </span>
     <span class='ocr_line' id='line_1_32' title="bbox 293 3089 1341 3170; baseline 0.003 -17"><span class='ocrx_word' id='word_1_266' title='bbox 293 3113 332 3153; x_wconf 90' lang='lat' dir='ltr'><strong>ne</strong></span> <span class='ocrx_word' id='word_1_267' title='bbox 373 3097 489 3169; x_wconf 72' lang='lat' dir='ltr'><strong>teum</strong></span> <span class='ocrx_word' id='word_1_268' title='bbox 511 3096 586 3154; x_wconf 92' lang='lat' dir='ltr'><strong>ante</strong></span> <span class='ocrx_word' id='word_1_269' title='bbox 608 3111 682 3153; x_wconf 88' lang='lat' dir='ltr'><strong>uam</strong></span> <span class='ocrx_word' id='word_1_270' title='bbox 704 3089 888 3154; x_wconf 77' lang='lat' dir='ltr'><strong>insufflatus</strong></span> <span class='ocrx_word' id='word_1_271' title='bbox 909 3091 1070 3170; x_wconf 84' lang='lat' dir='ltr'><strong>existeret,</strong></span> <span class='ocrx_word' id='word_1_272' title='bbox 1092 3090 1221 3155; x_wconf 89' lang='lat' dir='ltr'><strong>omnino</strong></span> <span class='ocrx_word' id='word_1_273' title='bbox 1241 3091 1341 3156; x_wconf 82' lang='lat' dir='ltr'><strong>fuisse</strong></span> 
     </span>
     <span class='ocr_line' id='line_1_33' title="bbox 297 3175 1339 3261; baseline 0.004 -23"><span class='ocrx_word' id='word_1_274' title='bbox 297 3177 332 3238; x_wconf 84' lang='lat' dir='ltr'><strong>Fi</strong></span> <span class='ocrx_word' id='word_1_275' title='bbox 348 3177 429 3252; x_wconf 89' lang='lat' dir='ltr'><strong>&#39;um;</strong></span> <span class='ocrx_word' id='word_1_276' title='bbox 453 3175 512 3240; x_wconf 87' lang='lat' dir='ltr'><strong>sed</strong></span> <span class='ocrx_word' id='word_1_277' title='bbox 528 3199 569 3261; x_wconf 89' lang='lat' dir='ltr'><strong>pe</strong></span> <span class='ocrx_word' id='word_1_278' title='bbox 598 3182 705 3241; x_wconf 89' lang='lat' dir='ltr'><strong>eetum</strong></span> <span class='ocrx_word' id='word_1_279' title='bbox 721 3176 837 3240; x_wconf 89' lang='lat' dir='ltr'><strong>Filium</strong></span> <span class='ocrx_word' id='word_1_280' title='bbox 857 3177 953 3242; x_wconf 72' lang='lat' dir='ltr'><strong>titisse</strong></span> <span class='ocrx_word' id='word_1_281' title='bbox 966 3178 1053 3242; x_wconf 87' lang='lat' dir='ltr'><strong>haud</strong></span> <span class='ocrx_word' id='word_1_282' title='bbox 1067 3176 1221 3242; x_wconf 87' lang='lat' dir='ltr'><strong>ooneedit.</strong></span> <span class='ocrx_word' id='word_1_283' title='bbox 1268 3176 1339 3242; x_wconf 93' lang='lat' dir='ltr'><strong>Imo</strong></span> 
     </span>
     <span class='ocr_line' id='line_1_34' title="bbox 293 3262 1339 3347; baseline 0.003 -22"><span class='ocrx_word' id='word_1_284' title='bbox 293 3283 390 3347; x_wconf 88' lang='lat' dir='ltr'><strong>supra</strong></span> <span class='ocrx_word' id='word_1_285' title='bbox 403 3263 436 3324; x_wconf 90' lang='lat' dir='ltr'><strong>in</strong></span> <span class='ocrx_word' id='word_1_286' title='bbox 451 3269 527 3326; x_wconf 90' lang='lat' dir='ltr'><strong>seet.</strong></span> <span class='ocrx_word' id='word_1_287' title='bbox 545 3263 585 3325; x_wconf 87' lang='lat' dir='ltr'><strong>xi.</strong></span> <span class='ocrx_word' id='word_1_288' title='bbox 602 3262 937 3346; x_wconf 61' lang='lat' dir='ltr'><strong>perhibetote</strong></span> <span class='ocrx_word' id='word_1_289' title='bbox 958 3267 990 3327; x_wconf 74' lang='grc' dir='ltr'><strong>δὲ</strong></span> <span class='ocrx_word' id='word_1_290' title='bbox 1014 3269 1091 3339; x_wconf 82' lang='grc' dir='ltr'>νοῦς,</span> <span class='ocrx_word' id='word_1_291' title='bbox 1112 3263 1146 3331; x_wconf 75' lang='grc' dir='ltr'><strong>ὃς</strong></span> <span class='ocrx_word' id='word_1_292' title='bbox 1165 3266 1285 3345; x_wconf 72' lang='grc' dir='ltr'>προβὰς</span> <span class='ocrx_word' id='word_1_293' title='bbox 1305 3267 1339 3328; x_wconf 71' lang='grc' dir='ltr'><strong>ἐν</strong></span> 
     </span>
     <span class='ocr_line' id='line_1_35' title="bbox 293 3349 1339 3436; baseline 0.002 -25"><span class='ocrx_word' id='word_1_294' title='bbox 293 3350 394 3433; x_wconf 79' lang='grc' dir='ltr'>κόσμῳ</span> <span class='ocrx_word' id='word_1_295' title='bbox 410 3349 556 3411; x_wconf 77' lang='grc' dir='ltr'>ἐδείκνυτο</span> <span class='ocrx_word' id='word_1_296' title='bbox 570 3356 640 3416; x_wconf 78' lang='grc' dir='ltr'>παῖς</span> <span class='ocrx_word' id='word_1_297' title='bbox 655 3354 747 3414; x_wconf 83' lang='grc' dir='ltr'>Θεοῦ.</span> <span class='ocrx_word' id='word_1_298' title='bbox 771 3349 928 3414; x_wconf 88' lang='lat' dir='ltr'><strong>Attamen</strong></span> <span class='ocrx_word' id='word_1_299' title='bbox 942 3372 1068 3415; x_wconf 79' lang='lat' dir='ltr'><strong>censere</strong></span> <span class='ocrx_word' id='word_1_300' title='bbox 1075 3351 1202 3416; x_wconf 87' lang='lat' dir='ltr'><strong>videtur</strong></span> <span class='ocrx_word' id='word_1_301' title='bbox 1213 3349 1339 3436; x_wconf 82' lang='lat' dir='ltr'><strong>Hippo</strong></span> 
     </span>
     <span class='ocr_line' id='line_1_36' title="bbox 293 3431 1339 3522; baseline 0.006 -27"><span class='ocrx_word' id='word_1_302' title='bbox 293 3434 386 3518; x_wconf 89' lang='lat' dir='ltr'><strong>lytus‚</strong></span> <span class='ocrx_word' id='word_1_303' title='bbox 402 3431 487 3497; x_wconf 83' lang='lat' dir='ltr'><strong>Filii</strong></span> <span class='ocrx_word' id='word_1_304' title='bbox 505 3433 749 3519; x_wconf 79' lang='lat' dir='ltr'><strong>appellationem</strong></span> <span class='ocrx_word' id='word_1_305' title='bbox 772 3435 890 3520; x_wconf 79' lang='lat' dir='ltr'><strong>partim</strong></span> <span class='ocrx_word' id='word_1_306' title='bbox 915 3459 955 3500; x_wconf 84' lang='lat' dir='ltr'><strong>ex</strong></span> <span class='ocrx_word' id='word_1_307' title='bbox 979 3437 1180 3522; x_wconf 76' lang='lat' dir='ltr'><strong>precessione</strong></span> <span class='ocrx_word' id='word_1_308' title='bbox 1204 3436 1274 3522; x_wconf 90' lang='lat' dir='ltr'><strong>ejus</strong></span> <span class='ocrx_word' id='word_1_309' title='bbox 1296 3439 1339 3501; x_wconf 83' lang='lat' dir='ltr'><strong>ad</strong></span> 
     </span>
     <span class='ocr_line' id='line_1_37' title="bbox 293 3520 1338 3608; baseline 0.007 -26"><span class='ocrx_word' id='word_1_310' title='bbox 293 3541 344 3583; x_wconf 90' lang='lat' dir='ltr'><strong>res</strong></span> <span class='ocrx_word' id='word_1_311' title='bbox 359 3520 547 3595; x_wconf 83' lang='lat' dir='ltr'><strong>condendas,</strong></span> <span class='ocrx_word' id='word_1_312' title='bbox 564 3521 682 3607; x_wconf 86' lang='lat' dir='ltr'><strong>partim</strong></span> <span class='ocrx_word' id='word_1_313' title='bbox 697 3543 736 3585; x_wconf 84' lang='lat' dir='ltr'><strong>ex</strong></span> <span class='ocrx_word' id='word_1_314' title='bbox 751 3521 969 3586; x_wconf 80' lang='lat' dir='ltr'><strong>incarnatione</strong></span> <span class='ocrx_word' id='word_1_315' title='bbox 983 3523 1052 3608; x_wconf 89' lang='lat' dir='ltr'><strong>ejus</strong></span> <span class='ocrx_word' id='word_1_316' title='bbox 1066 3523 1242 3588; x_wconf 83' lang='lat' dir='ltr'><strong>derivatam</strong></span> <span class='ocrx_word' id='word_1_317' title='bbox 1256 3545 1338 3589; x_wconf 88' lang='lat' dir='ltr'><strong>esse.</strong></span> 
     </span>
     <span class='ocr_line' id='line_1_38' title="bbox 295 3605 1338 3693; baseline 0.005 -25"><span class='ocrx_word' id='word_1_318' title='bbox 295 3605 412 3670; x_wconf 83' lang='lat' dir='ltr'><strong>itidem</strong></span> <span class='ocrx_word' id='word_1_319' title='bbox 427 3606 639 3672; x_wconf 82' lang='lat' dir='ltr'><strong>Tertullianus</strong></span> <span class='ocrx_word' id='word_1_320' title='bbox 654 3607 709 3686; x_wconf 85' lang='lat' dir='ltr'><strong>ait,</strong></span> <span class='ocrx_word' id='word_1_321' title='bbox 725 3607 822 3672; x_wconf 83' lang='lat' dir='ltr'><strong>fuisse</strong></span> <span class='ocrx_word' id='word_1_322' title='bbox 836 3614 971 3693; x_wconf 84' lang='lat' dir='ltr'><strong>tempus,</strong></span> <span class='ocrx_word' id='word_1_323' title='bbox 982 3631 1055 3673; x_wconf 88' lang='lat' dir='ltr'><strong>oum</strong></span> <span class='ocrx_word' id='word_1_324' title='bbox 1067 3609 1167 3673; x_wconf 89' lang='lat' dir='ltr'><strong>Filius</strong></span> <span class='ocrx_word' id='word_1_325' title='bbox 1181 3631 1246 3673; x_wconf 90' lang='lat' dir='ltr'><strong>non</strong></span> <span class='ocrx_word' id='word_1_326' title='bbox 1255 3609 1338 3685; x_wconf 77' lang='lat' dir='ltr'><strong>fuit3</strong></span> 
     </span>
     <span class='ocr_line' id='line_1_39' title="bbox 293 3693 1340 3774; baseline 0.005 -18"><span class='ocrx_word' id='word_1_327' title='bbox 293 3700 438 3758; x_wconf 83' lang='lat' dir='ltr'><strong>statuens</strong></span> <span class='ocrx_word' id='word_1_328' title='bbox 453 3700 561 3757; x_wconf 92' lang='lat' dir='ltr'><strong>tamen</strong></span> <span class='ocrx_word' id='word_1_329' title='bbox 575 3693 679 3758; x_wconf 91' lang='lat' dir='ltr'><strong>Deum</strong></span> <span class='ocrx_word' id='word_1_330' title='bbox 700 3715 764 3758; x_wconf 90' lang='lat' dir='ltr'><strong>non</strong></span> <span class='ocrx_word' id='word_1_331' title='bbox 779 3701 849 3758; x_wconf 92' lang='lat' dir='ltr'><strong>tum</strong></span> <span class='ocrx_word' id='word_1_332' title='bbox 871 3695 973 3759; x_wconf 89' lang='lat' dir='ltr'><strong>solum</strong></span> <span class='ocrx_word' id='word_1_333' title='bbox 991 3696 1096 3774; x_wconf 82' lang='lat' dir='ltr'><strong>luisse,</strong></span> <span class='ocrx_word' id='word_1_334' title='bbox 1112 3697 1169 3760; x_wconf 92' lang='lat' dir='ltr'><strong>sed</strong></span> <span class='ocrx_word' id='word_1_335' title='bbox 1190 3695 1340 3761; x_wconf 81' lang='lat' dir='ltr'><strong>habuisse</strong></span> 
     </span>
     <span class='ocr_line' id='line_1_40' title="bbox 292 3779 1340 3865; baseline 0.003 -23"><span class='ocrx_word' id='word_1_336' title='bbox 292 3779 325 3842; x_wconf 92' lang='lat' dir='ltr'><strong>in</strong></span> <span class='ocrx_word' id='word_1_337' title='bbox 341 3779 510 3865; x_wconf 89' lang='lat' dir='ltr'><strong>semetipso</strong></span> <span class='ocrx_word' id='word_1_338' title='bbox 524 3801 700 3844; x_wconf 85' lang='lat' dir='ltr'><strong>sermonem</strong></span> <span class='ocrx_word' id='word_1_339' title='bbox 715 3781 756 3844; x_wconf 92' lang='lat' dir='ltr'><strong>de</strong></span> <span class='ocrx_word' id='word_1_340' title='bbox 778 3781 958 3846; x_wconf 89' lang='lat' dir='ltr'><strong>substantia</strong></span> <span class='ocrx_word' id='word_1_341' title='bbox 972 3782 1090 3846; x_wconf 84' lang='lat' dir='ltr'><strong>Patris.</strong></span> <span class='ocrx_word' id='word_1_342' title='bbox 1131 3781 1248 3846; x_wconf 81' lang='lat' dir='ltr'><strong>Oenfer</strong></span> <span class='ocrx_word' id='word_1_343' title='bbox 1263 3782 1340 3847; x_wconf 88' lang='lat' dir='ltr'><strong>Ter-</strong></span> 
     </span>
     <span class='ocr_line' id='line_1_41' title="bbox 294 3866 1339 3954; baseline 0.001 -24"><span class='ocrx_word' id='word_1_344' title='bbox 294 3866 769 3952; x_wconf 75' lang='lat' dir='ltr'><strong>tull.Ades.Hormopooem,oap.</strong></span> <span class='ocrx_word' id='word_1_345' title='bbox 776 3868 1303 3954; x_wconf 59' lang='lat' dir='ltr'><strong>3.etAdos.Prooeommapp.4et</strong></span> <span class='ocrx_word' id='word_1_346' title='bbox 1306 3889 1339 3954; x_wconf 85' lang='lat'><strong>5.</strong></span> 
     </span>
     <span class='ocr_line' id='line_1_42' title="bbox 294 3952 1342 4039; baseline 0.003 -23"><span class='ocrx_word' id='word_1_347' title='bbox 294 3952 417 4039; x_wconf 79' lang='lat' dir='ltr'><strong>Quippe</strong></span> <span class='ocrx_word' id='word_1_348' title='bbox 443 3953 664 4032; x_wconf 85' lang='lat' dir='ltr'><strong>Tertullianus,</strong></span> <span class='ocrx_word' id='word_1_349' title='bbox 689 3960 727 4018; x_wconf 90' lang='lat' dir='ltr'><strong>ut</strong></span> <span class='ocrx_word' id='word_1_350' title='bbox 749 3952 841 4018; x_wconf 92' lang='lat' dir='ltr'><strong>Bullo</strong></span> <span class='ocrx_word' id='word_1_351' title='bbox 867 3954 995 4039; x_wconf 85' lang='lat' dir='ltr'><strong>plaouit‚</strong></span> <span class='ocrx_word' id='word_1_352' title='bbox 1016 3955 1231 4034; x_wconf 85' lang='lat' dir='ltr'><strong>existimabat,</strong></span> <span class='ocrx_word' id='word_1_353' title='bbox 1255 3957 1342 4020; x_wconf 76' lang='lat' dir='ltr'><strong>“rhu</strong></span> 
     </span>
     <span class='ocr_line' id='line_1_43' title="bbox 294 4039 1341 4129; baseline 0.005 -27"><span class='ocrx_word' id='word_1_354' title='bbox 294 4045 313 4074; x_wconf 88' lang='lat'>“</span> <span class='ocrx_word' id='word_1_355' title='bbox 328 4043 430 4122; x_wconf 87' lang='grc' dir='ltr'>Λόγον</span> <span class='ocrx_word' id='word_1_356' title='bbox 440 4039 473 4102; x_wconf 88' lang='lat' dir='ltr'><strong>in</strong></span> <span class='ocrx_word' id='word_1_357' title='bbox 483 4039 543 4103; x_wconf 90' lang='lat' dir='ltr'><strong>hoe</strong></span> <span class='ocrx_word' id='word_1_358' title='bbox 553 4039 707 4124; x_wconf 85' lang='lat' dir='ltr'><strong>imprimis</strong></span> <span class='ocrx_word' id='word_1_359' title='bbox 719 4039 836 4104; x_wconf 89' lang='lat' dir='ltr'><strong>Filium</strong></span> <span class='ocrx_word' id='word_1_360' title='bbox 850 4041 911 4104; x_wconf 88' lang='lat' dir='ltr'><strong>Dei</strong></span> <span class='ocrx_word' id='word_1_361' title='bbox 922 4042 1118 4107; x_wconf 75' lang='lat' dir='ltr'><strong>declaratum</strong></span> <span class='ocrx_word' id='word_1_362' title='bbox 1132 4041 1238 4118; x_wconf 83' lang='lat' dir='ltr'><strong>fuisse,</strong></span> <span class='ocrx_word' id='word_1_363' title='bbox 1254 4043 1341 4129; x_wconf 90' lang='lat' dir='ltr'><strong>qued</strong></span> 
     </span>
     <span class='ocr_line' id='line_1_44' title="bbox 295 4126 1341 4228; baseline 0.006 -40"><span class='ocrx_word' id='word_1_364' title='bbox 295 4133 313 4159; x_wconf 89' lang='lat'><strong>“</strong></span> <span class='ocrx_word' id='word_1_365' title='bbox 329 4147 400 4189; x_wconf 86' lang='lat' dir='ltr'><strong>eum</strong></span> <span class='ocrx_word' id='word_1_366' title='bbox 416 4126 502 4190; x_wconf 81' lang='lat' dir='ltr'><strong>Deus</strong></span> <span class='ocrx_word' id='word_1_367' title='bbox 518 4126 618 4191; x_wconf 91' lang='lat' dir='ltr'><strong>Pater</strong></span> <span class='ocrx_word' id='word_1_368' title='bbox 637 4126 745 4205; x_wconf 88' lang='lat' dir='ltr'><strong>voluit,</strong></span> <span class='ocrx_word' id='word_1_369' title='bbox 769 4149 809 4191; x_wconf 82' lang='lat' dir='ltr'><strong>ex</strong></span> <span class='ocrx_word' id='word_1_370' title='bbox 831 4126 901 4211; x_wconf 88' lang='lat' dir='ltr'><strong>ipso</strong></span> <span class='ocrx_word' id='word_1_371' title='bbox 922 4129 1121 4228; x_wconf 87' lang='lat' dir='ltr'><strong>proeesserit,</strong></span> <span class='ocrx_word' id='word_1_372' title='bbox 1137 4135 1171 4193; x_wconf 85' lang='lat' dir='ltr'><strong>et</strong></span> <span class='ocrx_word' id='word_1_373' title='bbox 1185 4135 1341 4214; x_wconf 82' lang='lat' dir='ltr'><strong>tanquam</strong></span> 
     </span>
     <span class='ocr_line' id='line_1_45' title="bbox 295 4212 1339 4300; baseline 0.008 -27"><span class='ocrx_word' id='word_1_374' title='bbox 295 4215 314 4246; x_wconf 84' lang='lat'>“</span> <span class='ocrx_word' id='word_1_375' title='bbox 329 4235 369 4276; x_wconf 87' lang='lat' dir='ltr'><strong>ex</strong></span> <span class='ocrx_word' id='word_1_376' title='bbox 383 4217 475 4276; x_wconf 89' lang='lat' dir='ltr'><strong>utero</strong></span> <span class='ocrx_word' id='word_1_377' title='bbox 495 4219 636 4297; x_wconf 73' lang='lat' dir='ltr'><strong>paterna</strong></span> <span class='ocrx_word' id='word_1_378' title='bbox 658 4212 775 4278; x_wconf 91' lang='lat' dir='ltr'><strong>mentis</strong></span> <span class='ocrx_word' id='word_1_379' title='bbox 793 4213 956 4298; x_wconf 79' lang='lat' dir='ltr'><strong>prodient,</strong></span> <span class='ocrx_word' id='word_1_380' title='bbox 972 4221 1006 4280; x_wconf 91' lang='lat' dir='ltr'><strong>et</strong></span> <span class='ocrx_word' id='word_1_381' title='bbox 1021 4215 1112 4300; x_wconf 87' lang='lat' dir='ltr'><strong>quasi</strong></span> <span class='ocrx_word' id='word_1_382' title='bbox 1127 4223 1223 4280; x_wconf 91' lang='lat' dir='ltr'><strong>natus</strong></span> <span class='ocrx_word' id='word_1_383' title='bbox 1243 4216 1339 4281; x_wconf 81' lang='lat' dir='ltr'><strong>suerit</strong></span> 
     </span>
     <span class='ocr_line' id='line_1_46' title="bbox 294 4299 1340 4388; baseline 0.001 -25"><span class='ocrx_word' id='word_1_384' title='bbox 294 4307 313 4334; x_wconf 83' lang='grc'>“</span> <span class='ocrx_word' id='word_1_385' title='bbox 327 4299 369 4363; x_wconf 86' lang='lat' dir='ltr'><strong>ad</strong></span> <span class='ocrx_word' id='word_1_386' title='bbox 384 4299 563 4363; x_wconf 84' lang='lat' dir='ltr'><strong>condendas</strong></span> <span class='ocrx_word' id='word_1_387' title='bbox 578 4300 771 4365; x_wconf 82' lang='lat' dir='ltr'><strong>ereaturas.⁷&#39;</strong></span> <span class='ocrx_word' id='word_1_388' title='bbox 798 4299 873 4364; x_wconf 89' lang='lat' dir='ltr'><strong>Vid.</strong></span> <span class='ocrx_word' id='word_1_389' title='bbox 886 4302 948 4388; x_wconf 89' lang='lat' dir='ltr'><strong>Op.</strong></span> <span class='ocrx_word' id='word_1_390' title='bbox 959 4303 1059 4388; x_wconf 84' lang='lat' dir='ltr'><strong>ejusd.</strong></span> <span class='ocrx_word' id='word_1_391' title='bbox 1070 4324 1101 4387; x_wconf 93' lang='lat' dir='ltr'><strong>p.</strong></span> <span class='ocrx_word' id='word_1_392' title='bbox 1114 4318 1187 4387; x_wconf 82' lang='lat'>235.</span> <span class='ocrx_word' id='word_1_393' title='bbox 1198 4302 1246 4366; x_wconf 89' lang='lat' dir='ltr'><strong>vel</strong></span> <span class='ocrx_word' id='word_1_394' title='bbox 1264 4321 1340 4386; x_wconf 83' lang='lat'>207.</span> 
     </span>
    </p>
   </div>
   <div class='ocr_carea' id='block_1_3' title="bbox 0 0 1448 4817">
    <p class='ocr_par' dir='ltr' id='par_1_4' title="bbox 0 0 1448 4817">
     <span class='ocr_line' id='line_1_47' title="bbox 0 0 1448 4817; baseline 0 0"><span class='ocrx_word' id='word_1_395' title='bbox 0 0 1448 4817; x_wconf 95' lang='lat' dir='ltr'><strong> </strong></span> 
     </span>
    </p>
   </div>
  </div>
 </body>
</html>
