2867 4817
146 2066 407 2221 TESTES
431 2066 554 2151 hosce
578 2067 862 2151 eeclesiastieae
886 2066 1088 2149 doctrinae
1112 2095 1137 2148 a
1163 2078 1205 2147 te

253 2223 364 2323 pet0,
396 2224 447 2293 ut
484 2211 658 2321 accipias
696 2211 887 2320 benigne,
924 2210 1091 2321 quippe,
1122 2238 1208 2319 quo

148 2358 323 2466 propius
342 2358 496 2439 absunt
513 2384 539 2438 a
563 2356 801 2467 primordiis
820 2355 1138 2452 Christianismi,
1158 2381 1208 2435 eo

150 2500 286 2609 magis
323 2512 469 2583 contra
504 2497 744 2582 haercticam
782 2500 1028 2609 pravitatem
1067 2497 1211 2610 justis-

152 2644 280 2725 simas
308 2645 362 2725 ob
391 2671 533 2726 causas
566 2642 717 2728 valent.
785 2646 891 2735 Quae
924 2672 989 2727 res
1021 2671 1116 2726 cum
1151 2643 1211 2724 ita

153 2790 212 2870 sit
231 2800 478 2897 comparata,
492 2787 647 2871 idcirco
661 2816 713 2871 ex
732 2790 925 2900 operibus
941 2789 1210 2897 antiquorum

154 2944 327 3043 patrum
354 2929 518 3013 libellos
545 2930 706 3041 aliquot
736 2933 837 3015 mihi
865 2933 999 3016 visum
1027 2945 1091 3015 est
1118 2929 1212 3013 seli-

155 3106 269 3189 gere,
297 3076 371 3187 qui
396 3078 615 3160 veritatem
641 3077 887 3161 catholicam
909 3078 1146 3162 luculenter
1169 3092 1212 3160 et

157 3234 363 3318 accurate,
383 3233 476 3301 tum
494 3247 592 3304 vero
615 3222 718 3306 scite
738 3234 782 3305 et
804 3222 1015 3331 eleganter
1034 3223 1213 3315 tradant.

161 3368 260 3451 Hoc
278 3366 321 3447 in
342 3392 495 3476 genere
513 3364 595 3449 alia
613 3380 816 3477 praeterea
836 3364 1035 3478 opuscula
1053 3368 1215 3478 adjici0,

1 3528 2 3540 ¹
160 3514 364 3624 pietatem
401 3522 530 3621 atque
567 3512 766 3594 virtutem
805 3540 888 3594 non
928 3525 1013 3594 tam
1050 3540 1217 3623 persua-

3 3654 14 3666 ’
161 3656 320 3753 dentia,
353 3682 480 3765 quarn
510 3655 770 3764 inspirantis,
803 3670 951 3768 utpote
982 3686 1078 3740 curn
1113 3685 1218 3767 prae-

161 3815 288 3911 cepta
303 3799 524 3881 hominum
543 3801 594 3883 iis
613 3800 919 3900 contineantur,
933 3802 1049 3886 haud
1068 3830 1218 3912 magna

161 3943 443 4055 loquentium,
493 3943 577 4040 sed,
621 3943 734 4052 quod
782 3945 912 4041 aiunt,
960 3945 1218 4042 viventium3

161 4117 350 4202 quorum
388 4087 577 4198 plerique
615 4116 692 4197 pro
730 4088 898 4172 Christo
934 4090 1062 4172 vitam
1099 4121 1222 4202 posu·

163 4247 309 4319 erunt.
371 4232 430 4315 Et
453 4233 650 4343 quoniam
675 4232 765 4314 sine
792 4231 986 4317 libertate
1013 4235 1083 4316 vix
1112 4233 1223 4319 salva
