2867 4817
168 327 219 391 IN
245 329 276 390 S.
297 328 434 391 CYPR.
460 327 523 391 DE
547 327 706 391 OPERE
730 327 795 391 ΕΤ
819 327 1055 392 ELEEMOS.
1087 330 1152 398 349

99 500 171 563 sino
195 499 280 563 inter
305 498 489 563 testimonia
509 506 638 585 patrum
661 507 695 564 et
716 506 894 584 martymm
917 499 1068 564 adversus
1088 498 1152 563 hee

99 586 197 649 resim
212 584 364 649 Nestorii.
410 584 525 670 ltaque
539 586 572 648 in
592 585 727 670 antiqua
744 585 900 649 Versione
919 585 1011 649 istius
1031 584 1153 649 ooneilii

100 692 166 735 non
197 670 420 735 deseribuntur
444 671 595 756 Cypriani
620 672 726 749 verba,
753 671 809 735 sed
837 672 901 735 alia
928 670 1088 736 translate
1113 692 1154 735 ex

101 758 218 822 Graeoo
232 778 387 821 sermone.
431 756 536 822 Extat
555 779 594 822 ea
613 757 715 821 versio
733 757 819 821 inter
836 779 933 842 opera
949 757 1045 821 Marii
1068 757 1154 820 Mer-

100 843 221 907 oatoris
229 864 302 929 pag.
316 844 386 906 180.
398 842 547 907 editionis
557 850 686 907 nostrae.
708 842 805 907 Hune
817 865 913 928 porro
924 844 1027 907 loeum
1037 843 1154 907 leotum

99 928 382 993 fuisseineonoilio
391 934 532 993 testatur
540 928 832 994 etiamVineentius
843 929 1024 994 Lirinensis.
1034 928 1153 992 Binuz.

146 1015 186 1078 P.
198 1014 304 1164 2351.
317 1030 364 1095 17.
377 1014 747 1103 homini-reservando]
759 1016 824 1079 Pro
835 1038 874 1081 eo
885 1016 970 1100 quod
981 1022 1040 1093 est,
1050 1016 1154 1080 denuo

101 1122 218 1166 servan
239 1122 272 1164 o.

149 1186 233 1250 Ibid.
256 1185 277 1250 l.
296 1206 344 1271 19.
379 1187 487 1251 Adam
514 1188 713 1273 portaverat]
748 1187 997 1271 Apportaverat,
1028 1186 1154 1252 inflixit.

102 1274 145 1338 D.
159 1273 297 1358 August.
314 1272 397 1337 hune
416 1273 520 1337 looum
539 1274 654 1358 saepius
675 1274 795 1347 laudat,
812 1272 951 1357 dicitque
966 1273 1046 1337 duas
1065 1274 1156 1337 Pela·

100 1360 271 1445 gianorum
294 1357 451 1424 falsitates
477 1359 528 1423 hio
552 1359 711 1445 redargui,
739 1380 833 1422 eoem
857 1380 919 1443 qua
947 1359 1054 1422 dieunt
1077 1359 1159 1422 odit

100 1446 250 1510 ottomm
269 1466 306 1509 ee
326 1444 433 1510 Adam
454 1446 572 1509 tradere
584 1466 676 1530 perses
695 1445 870 1522 immature,
885 1445 967 1529 qued
982 1445 1026 1508 sit
1045 1466 1157 1509 suetass·

100 1532 179 1597 ems
193 1530 419 1616 eureadsmsque
427 1552 489 1617 per
500 1531 676 1595 chattos:
698 1530 828 1595 alteram
842 1553 904 1615 quo
914 1531 1158 1607 diemduullwn

95 1627 170 1703 post
195 1615 377 1701 baptismam
401 1628 516 1681 samos
540 1616 646 1681 debere
665 1626 834 1702 peceatum.
872 1616 967 1681 (ient.
997 1637 1025 1681 α.
1050 1616 1156 1702 Epist.

104 1703 217 1789 Pelog.
234 1703 277 1767 sd
291 1702 393 1766 Bonis.
409 1703 429 1767 l.
443 1724 474 1782 4.
490 1726 516 1767 o.
530 1704 560 1767 8.
582 1703 677 1767 ann.

151 1790 190 1853 P.
204 1792 276 1871 296.
295 1789 316 1851 l.
330 1810 360 1872 9.
381 1789 485 1853 denuo
505 1789 583 1854 dioit
604 1789 650 1873 (h.
667 1811 694 1853 e.
719 1788 857 1873 Spiritus
879 1786 1048 1873 Sanetus)]
1073 1786 1157 1851 Olim

103 1878 192 1940 inter
205 1875 372 1961 legendum
387 1875 463 1938 mihi
479 1875 632 1952 constitit,
645 1875 761 1938 libmm
769 1874 890 1939 dietum
901 1874 1155 1950 Eeeleeiaetieum,

103 1962 162 2047 qui
176 1961 228 2024 hie
243 1967 277 2025 et
294 1960 369 2025 alibi
389 1984 410 2025 a
425 1961 583 2047 prriano
602 1962 744 2038 affertur,
760 1983 781 2025 a
795 1960 940 2045 patribus
954 1967 1022 2024 tam
1037 1960 1158 2023 Graeois

103 2069 205 2133 qnam
228 2046 360 2123 Latinis,
384 2068 422 2111 eo
445 2048 530 2130 quod
551 2047 584 2109 in
605 2046 870 2132 interpretatione
891 2053 950 2109 τῶν
972 2044 998 2108 o'
1020 2052 1157 2122 extaret,

104 2142 144 2199 nt
180 2133 214 2197 S.
235 2132 408 2217 Soripturae
442 2140 567 2217 partem
597 2136 800 2197 θεόπνευστου
828 2154 952 2217 semper
984 2132 1158 2195 adductum

104 2220 216 2295 fixisse,
239 2241 338 2301 usquo
360 2219 435 2282 dum
457 2219 580 2283 veneris
601 2220 642 2283 ad
664 2218 847 2295 Eusebium,
868 2219 922 2302 qui
941 2225 1055 2282 eontra
1074 2217 1159 2281 inter

104 2306 175 2372 τοὺς
194 2304 443 2385 ἀντιλεγομένους
463 2305 567 2389 ipsum
586 2305 753 2370 recensuit.
793 2304 886 2369 Solus
909 2304 1024 2367 Melito
1043 2303 1158 2387 exeipi-

105 2392 210 2457 endus
224 2396 282 2463 eet,
300 2391 388 2474 eujus
408 2389 572 2475 catalogus
591 2391 745 2454 librorum
760 2390 836 2455 Vet.
854 2390 1052 2453 Testamenti
1071 2389 1158 2473 apud

105 2477 245 2543 eundem
264 2475 436 2540 Eusebium
456 2482 556 2541 extat.
602 2477 647 2541 Et
666 2476 803 2560 posteris
818 2498 942 2561 quoque
961 2475 1158 2560 temporibus

106 2572 262 2647 receptum
284 2583 356 2625 eum
381 2562 477 2627 luisse
501 2564 536 2625 iu
559 2564 777 2640 auctoritatem,
800 2563 937 2626 maxime
960 2562 1002 2625 ab
1027 2560 1159 2625 eoolesia

106 2647 267 2725 orientali,
289 2648 429 2713 ostendit
449 2648 695 2747 S.Augustinus
715 2649 753 2712 de
775 2649 906 2747 divitaie
925 2648 997 2747 Eoi,
1013 2647 1067 2711 lib.
1080 2670 1157 2709 xvir.

106 2734 721 2905 tt·t·.1.tt.⁰ttt.ttlttt³tt
734 2734 1160 2884 ltt.t¹}3¹¹t⁰t‘¹¹..ptltf

107 2908 219 2973 monia
239 2905 417 2980 afferenda3
440 2906 557 2971 etenim
572 2906 738 2971 ooneilium
759 2906 982 2982 Laodicenum,
1003 2911 1079 2968 ante
1094 2903 1161 2966 Au·

153 2992 231 3057 stini
257 2999 403 3077 tempora
428 2993 513 3076 quod
542 2992 687 3056 habitum
713 2998 772 3069 est,
798 2997 872 3077 post
898 2996 1162 3055 commemoratos

107 3017 244 3144 laeteris
267 3078 465 3143 Testamenti
486 3079 592 3156 libros,
615 3079 707 3142 nullis
730 3099 839 3142 eorum
860 3076 994 3162 adiectis
1016 3077 1069 3161 qui
1090 3096 1162 3160 epe-

109 3164 221 3251 erypdi
234 3165 328 3249 vulgo
339 3164 495 3242 dicuntur,
511 3165 595 3228 buno
609 3164 725 3228 libmm
740 3164 891 3228 Siraoidae
906 3163 1162 3227 Ecclesiastieum

106 3250 289 3337 junioribus
304 3251 487 3315 diseendum
506 3257 633 3314 tantum
653 3249 838 3335 proposuit;
862 3258 932 3314 tum
951 3272 1026 3313 vero
1042 3249 1074 3313 S.
1085 3248 1163 3312 Hie-

109 3359 275 3423 ronymus,
298 3337 358 3400 etsi
382 3336 577 3401 Hebraioum
599 3337 693 3421 hujus
714 3336 787 3400 libri
809 3336 970 3422 exemplar
989 3340 1162 3421 repererat,

111 3424 251 3488 eundem
273 3430 390 3500 tamen,
417 3430 587 3508 propterea
609 3423 693 3506 quod
718 3445 739 3486 a
763 3422 902 3486 Judaioo
928 3422 1164 3508 Scripturerum

112 3530 237 3575 oenone
251 3510 386 3587 abesset,
402 3509 491 3573 libris
511 3508 669 3572 eanoniois
683 3509 914 3573 excludendum
932 3530 1001 3572 esse
1020 3506 1161 3581 censuit3

113 3618 218 3680 neque
245 3595 471 3659 auctoritatem
495 3594 597 3658 eidem
623 3594 725 3659 inesse
748 3595 791 3657 ed
817 3596 969 3681 dogmata
993 3594 1067 3657 fidei
1092 3614 1164 3657 eon-

114 3681 276 3746 firmanda
300 3681 438 3766 agnovit.
485 3680 561 3743 Vid.
589 3680 709 3766 Prolep.
735 3681 803 3764 ejus
827 3684 863 3743 ia
887 3680 997 3744 Isttros
1019 3679 1165 3744 meme.

117 3769 231 3853 Neque
245 3766 339 3831 uliter
360 3774 502 3832 statuere
522 3766 637 3830 Rufino
654 3766 848 3852 Aquileiensi
867 3767 968 3830 visum
982 3773 1041 3830 est.
1086 3764 1164 3827 Vid.

115 3856 231 3941 Eapoe.
248 3854 315 3938 ejus
330 3854 364 3917 ia
384 3851 556 3935 Symbolmu
573 3856 677 3938 Apost.
696 3858 726 3936 ξ.
739 3852 868 3917 xxxviii.
883 3875 914 3938 p.
926 3854 977 3915 26.
992 3851 1034 3915 ad
1049 3851 1168 3915 oaleem

117 3942 195 4006 edit.
208 3940 312 4005 Oxon.
325 3941 383 4025 Op.
394 3939 594 4025 &Cypriam
621 3939 666 4002 Hi
678 3940 762 4003 enirn
770 3939 865 4003 ambo
875 3939 1043 4025 legendum
1051 3937 1168 4000 librum

117 4028 151 4091 in
175 4026 309 4091 eeclesia
330 4033 459 4090 tantum
489 4032 621 4110 propter
645 4025 898 4101 aedificationem,
925 4031 963 4088 ut
983 4025 1165 4109 loquuntur,

117 4112 366 4186 existimabant3
402 4112 666 4196 quemadmodum
692 4111 809 4175 statuit
831 4110 988 4174 AElt'rious
1010 4110 1111 4175 abbas
1136 4108 1169 4172 in

119 4199 278 4264 Tmotetu
298 4220 355 4263 suo
373 4198 410 4262 de
433 4198 495 4262 Vet.
516 4208 606 4283 etque
620 4199 708 4262 Nono
732 4198 915 4262 Pammene
933 4219 1007 4283 pag.
1028 4212 1075 4278 17.
1092 4195 1168 4259 edit.

121 4285 215 4350 Lisle.
232 4285 286 4371 qui
301 4284 429 4370 quidem
443 4290 603 4350 tractatus
618 4284 758 4371 AEdgari
776 4284 860 4371 regis
880 4283 1006 4369 Anglise
1020 4281 1170 4367 tempori-
