2867 4817
285 318 351 383 tw
623 317 1002 381 ANNOTATIONES

290 488 404 555 Posuit
417 488 570 555 ootlole'ow
584 487 743 574 Rigaltiue
755 510 796 554 ox
811 488 919 553 oodioe
936 488 1070 573 antiquo
1090 489 1124 551 h.
1138 510 1168 552 e.
1180 486 1336 552 aalma

289 576 418 641 osonio
432 597 490 661 per
504 574 662 639 solennem
678 574 821 659 ellipsim.
866 574 925 639 Ait
938 596 1014 639 vero
1029 574 1188 639 semlerus
1201 574 1235 637 in
1249 573 1335 638 notis

290 662 333 727 ad
360 661 438 727 edit.
470 683 559 728 suam
590 660 774 739 Haleneem,
800 660 833 724 iu
861 660 1050 745 quibusdam
1078 660 1219 745 antiquie
1245 658 1336 723 libris

291 747 385 815 eoribi
407 746 567 825 catholice,
584 768 652 811 esse
673 753 781 811 autem
824 747 950 826 lessam,
966 769 1037 832 quae
1058 746 1198 831 pertinet
1211 746 1254 809 ad
1272 745 1335 809 illi.

292 834 356 898 Sed
378 841 516 898 veterem
540 832 732 918 scripturam
753 769 895 897 ootloliee
919 833 1099 917 oppositam
1120 831 1164 895 illi
1184 833 1266 896 ister
1282 831 1336 894 do

290 920 430 997 metros
448 919 573 1019 Lupum
591 926 689 1003 atque
704 918 910 983 Thomasium
929 926 1058 983 seeutus
1070 917 1223 983 revocavi.
1267 917 1336 982 Ga»
1413 930 1417 936 ’

291 1015 396 1070 terum
419 1006 548 1071 inferrus
567 1004 757 1090 partioulam
777 1013 807 1069 et
819 1012 897 1069 ante
910 1026 1002 1069 voees
1020 1004 1119 1069 oliam
1135 1004 1250 1068 oetas·
1267 1002 1336 1067 aad

290 1093 446 1169 mattam,
463 1099 496 1157 et
510 1098 586 1156 ante
601 1091 671 1155 illas
689 1090 788 1155 uliam
808 1112 901 1175 spem
916 1091 1071 1176 expunxit
1085 1090 1252 1176 Rigaltius,
1267 1089 1336 1153 sine

292 1200 389 1245 eausa
403 1178 517 1243 idonea
531 1176 653 1262 opinor,
669 1198 771 1261 neque
786 1177 819 1240 id
833 1176 978 1242 imitatus
990 1184 1042 1241 est
1056 1176 1255 1240 Thomasiua

336 1264 374 1328 P.
393 1284 463 1344 144.
489 1263 508 1327 l.
529 1285 558 1327 1.
585 1270 628 1341 et,
661 1264 740 1327 Tam
768 1261 838 1327 deae
865 1260 1046 1350 metatu]
1078 1262 1138 1327 Ait
1166 1262 1336 1338 Semlerus,

291 1350 315 1414 J
316 1350 424 1414 unium
439 1372 566 1414 censere
579 1349 747 1435 legendum
761 1348 854 1421 item
871 1348 948 1413 illud
962 1356 1086 1415 eertum
1099 1370 1178 1426 esse,
1193 1358 1257 1413 tom
1271 1369 1338 1411 non

291 1443 402 1501 extare
416 1436 449 1499 in
467 1436 569 1501 Galat.
584 1457 613 1499 v.

336 1521 416 1587 Ibid.
433 1522 455 1585 l.
471 1544 501 1603 4
518 1522 572 1607 qai
592 1543 642 1585 eos
662 1520 794 1608 oeoaoit]
811 1520 932 1597 Habet,
947 1520 1005 1585 sed
1025 1520 1130 1585 neseio
1148 1540 1255 1604 quare,
1269 1540 1340 1583 esee

292 1630 356 1672 non
370 1630 420 1673 eos
436 1608 469 1671 in
490 1615 626 1691 utraque
647 1629 705 1673 sua
726 1607 865 1671 editione
879 1606 1048 1691 Rigaltius.
1093 1606 1174 1671 (lum
1189 1606 1282 1691 Lupo
1303 1612 1339 1669 et

292 1694 463 1758 Thomasio
477 1715 527 1757 eos
539 1693 674 1757 restitui.

337 1780 418 1845 Ibid.
442 1780 464 1843 l.
487 1798 537 1860 24.
562 1779 674 1843 Nullus
697 1778 783 1843 iuter
807 1778 925 1843 multos
950 1785 1082 1843 eventus
1105 1800 1207 1842 unus:
1231 1777 1339 1842 exitus

292 1866 431 1931 variasse
455 1866 610 1931 debuerat
635 1864 778 1929 ordinem
802 1864 957 1929 doetrinoe
981 1864 1198 1949 eeclesiarum]
1224 1863 1278 1929 Ite
1303 1884 1340 1927 se

292 1953 414 2017 habent
428 1951 582 2017 editiones
596 1951 763 2036 prinoipes,
776 1951 840 2015 eive
855 1950 1081 2015 Rhenaniauae.
1105 1949 1158 2015 Sio
1168 1972 1243 2015 vero
1257 1949 1337 2015 edit.

294 2037 396 2103 Paris
419 2037 531 2125 prima,
555 2037 672 2101 Nullus
700 2038 780 2102 ιἰιίον
807 2036 915 2101 maltos
943 2046 1062 2101 eomas
1093 2046 1144 2113 est,
1173 2058 1253 2101 emur
1285 2046 1338 2101 est.

292 2126 406 2189 mecm
418 2124 553 2190 variasse
573 2122 715 2188 detumet
735 2123 872 2187 ordinem
890 2128 991 2207 (error
1003 2144 1069 2187 var.
1083 2123 1156 2187 leet.
1171 2124 1215 2187 ad
1231 2124 1338 2204 oram)

292 2210 440 2275 άυοιήιιιε
462 2208 663 2275 molestarum.
709 2210 873 2273 Praestaut
897 2208 990 2275 editt.
1016 2207 1117 2273 Paris
1141 2209 1280 2273 oeounda
1303 2217 1340 2273 et

295 2296 432 2361 Frenek.
478 2296 595 2360 Nullas
615 2296 695 2360 mor
712 2294 821 2360 multoe
838 2303 956 2359 euentu
973 2303 1015 2359 eet
1028 2316 1108 2359 aeus
1120 2296 1227 2359 caitus
1278 2296 1340 2359 Ve-

293 2383 388 2447 maroe
412 2380 555 2447 debuerat
580 2404 666 2446 mor
689 2381 836 2445 dodim
859 2380 1063 2446 eeekaemm.
1107 2380 1188 2446 Haeo
1211 2380 1340 2465 quidem

293 2476 482 2535 revoearunt
511 2468 621 2552 Lupus
648 2474 683 2533 ot
709 2466 906 2545 Thomasiue,
932 2467 989 2531 sed
1016 2467 1140 2533 monuit
1169 2467 1338 2543 Semlerus,

292 2554 315 2619 J
319 2554 428 2619 unium
442 2576 505 2621 non
519 2554 602 2618 male
615 2553 766 2654 praeferre
779 2552 947 2618 lectionem
957 2552 1111 2630 Rhenum,
1123 2575 1179 2617 seu
1189 2553 1341 2617 editionis

293 2640 782 2793 fflipiiffffifflmffl
808 2640 869 2703 hoe
901 2639 1126 2790 gemelli&
1153 2639 1341 2789 ordinavi&

375 2749 411 2793 ue
534 2749 562 2789 m
804 2746 884 2789 aeae
944 2774 953 2791 .
1073 2746 1110 2789 ιιι
1133 2746 1268 2789 oeream

293 2812 399 2879 deerat
426 2835 513 2879 emor
534 2812 684 2877 damaim
708 2811 912 2877 exosam.
957 2810 1103 2897 legerim
1127 2834 1197 2897 ego,
1221 2812 1343 2876 Nullae

293 2901 374 2965 mur
388 2900 494 2965 maltos
507 2908 626 2965 eomas
639 2919 717 2963 ιιιιιιι
730 2898 846 2962 eostre(
883 2897 1025 2962 Variam
1037 2898 1215 2963 debuerant
1228 2898 1342 2961 ordine

296 2986 343 3070 (h.
366 3010 394 3051 e.
416 2986 479 3051 elie
500 3008 540 3049 ex
562 2982 639 3065 alie)
662 2984 809 3049 domam
830 2982 1034 3049 eeclesiarum.
1078 2984 1162 3049 Olim
1180 2983 1277 3048 nullis
1297 2984 1340 3048 le·

294 3073 433 3158 gendum
447 3072 551 3135 minus
561 3080 647 3135 reete
662 3070 822 3155 proposui.
1079 3106 1081 3111 ·

340 3158 378 3222 Ρ.
395 3178 464 3243 145.
479 3157 500 3220 l.
518 3176 546 3220 2.
562 3164 613 3221 tot
627 3156 772 3233 virtutes,
788 3163 839 3221 tot
852 3154 1058 3241 charismata]
1081 3154 1163 3220 Haeo
1183 3156 1227 3220 ab
1248 3155 1341 3221 initio

295 3245 452 3328 usquead
467 3241 631 3307 Valentini
647 3242 883 3327 Marcionisque
897 3250 1052 3326 tempora,
1067 3249 1103 3305 et
1116 3242 1171 3307 diu
1184 3249 1261 3327 post
1275 3242 1339 3321 illa,

295 3330 328 3395 in
343 3329 474 3395 eoelesia
487 3328 697 3413 permansisse
710 3336 834 3393 veteres
847 3326 1061 3392 erediderunt.

340 3414 421 3479 Ibid.
436 3414 457 3479 l.
473 3434 521 3479 11.
538 3411 625 3499 prior
639 3414 671 3477 in
686 3413 845 3499 doetrine]
865 3412 979 3478 Siovul
1034 3413 1194 3479 seribitur.
1238 3414 1342 3479 Omit-

295 3502 387 3567 tebet
401 3500 590 3587 purtieulam
604 3501 638 3565 ιἰι
649 3500 824 3565 Wouwerii
837 3499 947 3565 eodex.
1017 3500 1110 3585 ponit
1122 3499 1146 3564 J
1148 3499 1241 3564 unius
1248 3502 1344 3585 prior

295 3587 378 3653 illius
394 3592 521 3673 (nempe
535 3584 693 3667 ver-itatis)
715 3586 865 3663 ᾱοοίνὶιιᾶ,
887 3586 1090 3651 restitutione
1111 3594 1149 3651 ut
1169 3585 1227 3662 ait,
1242 3586 1342 3650 mani-

295 3673 380 3739 festa
393 3681 427 3739 et
441 3673 628 3738 necessaria.
673 3672 789 3737 Malim
802 3693 863 3757 ego
876 3672 936 3737 illa
949 3694 1008 3757 pro
1023 3674 1058 3736 ιἰι
1071 3672 1255 3737 reseribere.

341 3759 522 3839 Ibid.l.14
538 3758 581 3824 ad
602 3757 766 3823 eoelesiam
789 3779 880 3822 suam
901 3758 1025 3843 ser-ibit]
1050 3758 1236 3823 Eliminavit
1250 3780 1343 3823 rouu-

296 3844 361 3911 lam
382 3866 470 3947 meam
491 3844 668 3945 Rigaltiurj
693 3866 789 3929 quam
810 3866 870 3930 ego
891 3843 1019 3944 rectius,
1039 3844 1162 3945 opinor,
1186 3846 1342 3945 revocavi,

296 3931 1343 4101 ⁰”tltlttttttttttttttffittttrtlttm

297 4104 381 4169 Nem
403 4104 594 4170 Valentinus
616 4111 760 4187 tempore
782 4102 939 4167 Antonini
962 4102 1013 4165 Pii
1032 4103 1147 4167 vixisse
1167 4103 1294 4189 legitur,
1310 4110 1345 4167 et

297 4190 401 4255 cerdo
422 4190 575 4277 magister
590 4189 782 4261 Marcionis;
809 4188 956 4253 Marcion
970 4210 1045 4253 vero
1065 4189 1221 4254 Antonini
1244 4189 1345 4273 philo

297 4275 398 4359 sophi,
414 4276 469 4361 qui
483 4275 634 4339 suecessit
650 4275 719 4339 Pio.
765 4275 957 4340 Valentinus
975 4275 1103 4358 quidem
1117 4288 1152 4339 et
1166 4276 1270 4361 Cerdo
1284 4276 1345 4339 sub
