2867 4817
201 328 548 396 ALEXANDRINI
574 327 791 396 CONCILII
814 327 1067 398 EPISTOLA.
1109 328 1153 396 87

102 527 167 576 eos
183 505 254 576 tuis
272 505 422 576 decretis
438 504 599 598 opprimi,
616 503 678 598 qui
700 513 876 576 noverunt
898 511 996 575 recte
1012 503 1152 587 sentire,

102 621 167 714 qui
196 622 305 694 etiem
334 621 425 693 bene
454 621 624 692 facientes
656 619 724 692 tibi
750 620 1023 713 prudentissime
1050 621 1153 692 resti·

102 745 247 808 terunt:
272 737 341 808 hoc
365 739 461 808 idem
485 758 638 829 nomque
663 735 701 806 in
722 736 872 830 epistole
895 759 1002 830 quem
1026 735 1153 808 misisti

103 851 151 924 ed
168 851 356 945 praesidem
372 850 501 945 emplae
518 851 645 926 Romae
667 861 829 926 sanctum
846 862 884 925 et
906 854 1153 947 coepiscopum

70 975 267 1054 5uostrum
284 967 516 1039 Caelestinum
533 968 731 1062 significare
746 970 886 1040 curasti.
928 967 1015 1040 Non
1031 976 1153 1040 eutem

104 1083 236 1155 sufficit
252 1093 323 1156 tnae
339 1085 499 1180 religioni
517 1085 739 1156 solummodo
755 1083 839 1156 fidei
856 1084 1056 1178 symbolum
1070 1107 1154 1156 con·

103 1200 210 1284 fiteri,
235 1201 330 1292 quod
355 1201 557 1293 expositum
582 1208 638 1271 est
661 1221 726 1293 per
749 1200 846 1271 idem
867 1209 1019 1294 tempus,
1040 1201 1153 1272 soncti

106 1315 260 1409 Spiritus
289 1315 463 1410 largitate,
493 1339 516 1386 o
544 1315 744 1388 venerando
773 1323 811 1386 et
839 1339 969 1410 magno
1003 1314 1153 1388 concilio

104 1432 200 1525 opud
219 1429 383 1504 Niceeem
400 1440 634 1526 congregeto;
658 1431 728 1503 hoc
745 1432 840 1502 enim
852 1455 920 1502 nec
933 1431 1152 1517 intellexisti,

52 1569 173 1622 ronec
193 1553 291 1618 recte
307 1547 559 1639 interpretetus
583 1569 630 1630 es,
653 1547 850 1639 quinimmo
872 1570 1047 1641 perversae
1066 1547 1153 1622 licet

105 1685 192 1734 sono
218 1663 314 1734 vocis
336 1663 462 1734 eedem
482 1663 590 1733 verbe
613 1660 822 1755 protulerim
847 1665 909 1734 sed
934 1685 1152 1756 consequens

104 1787 216 1850 estet
226 1779 455 1872 jurejurando
472 1779 576 1851 fateri
587 1789 634 1861 te,
645 1779 741 1872 quod
753 1779 1030 1852 anathematizes
1044 1779 1151 1852 fidem

104 1904 206 1966 tuem
231 1894 414 1988 pollutum
432 1903 470 1966 et
494 1895 641 1988 profane
666 1895 834 1988 dogmate
850 1918 931 1987 quae
955 1895 1088 1978 sentis3
1113 1903 1153 1968 et

104 2012 232 2085 doceas
250 2033 330 2103 quse
355 2033 419 2082 nos
443 2012 594 2082 universi
617 2011 691 2081 sive
712 2033 777 2103 per
798 2011 982 2093 orientem,
1003 2033 1067 2083 seu
1088 2034 1153 2104 per

52 2170 91 2230 ¹5
104 2128 326 2198 occidentem
356 2126 510 2220 episcopi
536 2134 574 2198 et
599 2126 757 2220 magistri
782 2128 1019 2220 praesulesque
1041 2150 1152 2221 popu-

104 2241 229 2325 lorum,
242 2242 418 2313 credimus
428 2250 465 2312 et
476 2243 653 2314 docemus.
671 2240 840 2335 Epistolis
852 2252 973 2316 eutem
983 2242 1028 2316 ob
1039 2241 1153 2316 Alex-

104 2357 228 2427 endrie
245 2363 318 2428 tuae
335 2356 495 2449 religioni
509 2356 661 2440 directis,
679 2357 829 2430 ecclesis
840 2382 1049 2430 consensum
1062 2383 1152 2453 prae-

105 2472 195 2554 buit,
208 2480 283 2542 tem
297 2493 339 2542 ee
349 2493 429 2562 quae
442 2470 536 2564 opud
546 2470 672 2544 urbem
685 2471 840 2547 Romam
852 2476 1018 2547 convenit
1030 2485 1151 2554 sancte

105 2589 269 2681 synodus,
287 2610 394 2679 quem
411 2588 521 2658 etiem
537 2609 602 2660 nos
619 2609 752 2674 omnes,
770 2589 869 2661 velut
890 2600 989 2664 recte
1003 2593 1151 2684 irrepre-

52 2743 94 2784 20
104 2702 396 2796 hensibiliterque
417 2705 634 2796 conscriptis.
695 2703 926 2778 Subdidimus
946 2716 1067 2780 eutem
1095 2709 1151 2780 his

104 2821 233 2891 nostris
253 2818 365 2890 literis
382 2840 463 2911 quae
486 2827 524 2888 te
546 2821 676 2891 sentire
693 2828 835 2912 oportet
856 2829 895 2892 et
919 2822 1058 2906 docere,
1074 2833 1113 2894 et
1128 2847 1152 2894 s

104 2936 233 3028 quibus
266 2935 443 3006 obstinere
475 2936 651 3006 convenit.
713 2935 806 3008 Haec
843 2945 898 3008 est
935 2938 1031 3008 enim
1063 2937 1151 3009 fides

103 3050 290 3124 cetholicae
307 3059 344 3122 et
364 3049 567 3142 apostolicae
590 3049 761 3134 ecelesiae,
780 3052 838 3122 cui
862 3054 981 3123 cuncti
1004 3075 1151 3124 consen·

104 3169 200 3238 tiunt
224 3165 411 3237 orthodoxi
437 3188 501 3257 per
523 3167 697 3238 orientem
720 3168 1013 3260 occidentemque
1033 3170 1150 3261 ponti·

54 3283 198 3386 25fices.
241 3291 261 3322 ‘⁴
274 3281 462 3352 Credimus
484 3282 522 3352 in
545 3303 657 3352 unum
685 3282 804 3353 Deum
827 3292 966 3375 petrem
991 3287 1151 3378 omnipo-

103 3406 252 3480 tentem,
283 3405 321 3467 et
350 3398 509 3466 cetero?
560 3395 759 3489 Sequentes
788 3399 909 3490 itaque
938 3421 1002 3490 per
1031 3402 1151 3472 omnio

102 3521 305 3584 sanctorum
328 3521 523 3605 martyrum
545 3512 790 3596 confessiones,
807 3537 903 3606 ques,
921 3513 1089 3605 loquente
1113 3516 1152 3586 in

102 3629 153 3699 eis
170 3637 293 3700 sencto
311 3627 456 3720 Spiritu,
480 3625 713 3721 protulenmt,
731 3637 770 3700 et
788 3628 977 3700 intentioni
995 3650 1076 3720 quse
1095 3636 1151 3699 est

102 3742 140 3812 in
167 3765 291 3815 eorum
317 3739 568 3825 intellectibus,
598 3741 709 3834 eequis
739 3745 896 3838 vestigiis
925 3744 1150 3828 inhaerentes,

52 3865 210 3971 30utque
226 3859 295 3930 iter
310 3857 532 3930 ambulantes
545 3859 692 3952 regium,
708 3859 915 3952 profitemur
927 3859 1021 3951 quod
1033 3859 1151 3951 ipsum

101 3974 327 4067 unigenitum
353 3973 422 4045 Dei
448 3974 606 4056 verbum,
630 3983 757 4046 notum
781 3997 829 4046 ex
857 3975 933 4068 ipsu
960 3975 1070 4068 petris
1096 3996 1150 4048 es-

101 4089 225 4172 sentie,
243 4089 288 4160 de
314 4088 395 4160 Deo
417 4112 500 4161 vero
524 4087 624 4162 Deus
649 4109 762 4171 verus,
785 4087 908 4159 lumen
932 4089 977 4160 de
1004 4087 1149 4171 lumine,

100 4227 164 4296 per
180 4227 288 4297 quem
305 4205 424 4276 omnis
439 4205 629 4278 factasunt
642 4205 716 4276 sive
732 4205 771 4276 in
783 4202 890 4286 coelis,
908 4203 1033 4274 sivein
1045 4210 1149 4286 terre,
