2867 4817
301 342 367 407 280
678 343 708 405 S.
733 341 972 406 CYPRIANI

302 539 359 588 vos
394 514 509 587 tristes
546 516 654 601 eatis,
692 516 754 589 scd
788 516 934 589 tristitia
968 525 1080 589 emto
1119 516 1159 587 io
1193 514 1354 588 letitiam

301 630 443 703 occia?
480 630 570 717 Quis
599 656 670 703 non
700 634 846 704 tristitia
873 656 993 704 carere
1022 640 1134 725 optet,
1167 634 1246 725 quis
1278 656 1354 702 non

301 749 346 820 ad
371 748 534 822 laetitiam
562 751 681 821 venire
705 751 875 822 festinet?
909 749 1061 834 Quando
1084 759 1205 821 autern
1229 751 1266 820 in
1289 750 1355 820 lae-

301 865 418 937 titiam
447 867 568 937 veniat
596 875 717 938 nostra
746 867 893 938 tristitia
918 865 1094 937 Dominus
1124 866 1242 938 denuo
1276 868 1354 960 ipse

301 982 456 1055 declarat
481 984 621 1056 dicens:
650 982 784 1056 Iterum
809 982 926 1055 videbo
955 1007 1023 1067 cos,
1048 992 1081 1055 ct
1104 982 1268 1080 pssidebit
1291 1004 1382 1064 cors

300 1109 515 1183 accinerati
539 1100 708 1199 posidium
733 1111 880 1174 cetrum
910 1124 1008 1172 namo
1037 1099 1217 1197 aufertis
1246 1100 1352 1173 veih.

301 1218 395 1291 Cum
420 1242 505 1314 ergo
530 1219 712 1290 Christum
736 1220 856 1290 videre
883 1218 1039 1311 gaudere
1063 1218 1121 1300 sit,
1145 1240 1213 1288 nec
1239 1220 1354 1311 possit

300 1358 377 1407 esse
393 1335 562 1429 gaudium
579 1343 741 1405 nostrum
757 1336 825 1405 nisi
841 1357 924 1405 cum
947 1333 1139 1403 viderimus
1156 1333 1353 1416 Christum,

300 1476 381 1545 quae
398 1454 541 1525 coecitas
563 1452 671 1522 animi
695 1474 821 1544 quaeve
844 1451 1026 1520 dementia
1041 1460 1096 1521 est
1118 1472 1238 1521 amare
1254 1474 1354 1544 pres-

300 1591 397 1639 suras
414 1576 452 1637 et
474 1590 595 1661 poenas
617 1578 655 1638 et
678 1567 850 1662 lacrymas
871 1569 1006 1651 mundi,
1027 1577 1064 1638 et
1086 1591 1159 1639 nou
1181 1569 1352 1640 festinare
1365 1589 1403 1627 10

299 1687 417 1779 potius
434 1685 478 1755 ad
495 1686 664 1781 gaudium
682 1686 776 1777 quod
794 1707 976 1777 nunquam
992 1685 1103 1778 possit
1119 1686 1272 1759 auferri?

350 1800 419 1873 IV.
438 1800 520 1873 Hoc
542 1808 664 1872 autem
686 1802 738 1884 fit,
755 1801 881 1871 fratres
902 1800 1131 1885 dilectissimi,
1155 1800 1238 1893 quia
1259 1802 1352 1873 fides

299 1918 409 2001 deest,
440 1920 522 2010 quia
550 1941 656 1989 nemo
686 1918 799 1988 credit
828 1940 913 1988 vera
945 1940 1022 1987 esse
1055 1940 1136 2008 quae
1169 1918 1352 2009 promittit

300 2033 409 2119 Deus,
423 2037 484 2128 qui
501 2058 608 2106 verax
626 2044 690 2118 est,
704 2036 805 2127 cujus
821 2056 937 2104 sermo
954 2034 1179 2104 erodentibus
1195 2044 1350 2105 {eternus

299 2159 336 2223 et
361 2152 483 2223 firmus
509 2162 573 2223 eet.
626 2152 665 2223 Si
690 2153 757 2222 tibi
784 2153 838 2221 vir
865 2152 981 2244 gravis
1007 2158 1044 2221 et
1073 2150 1398 2227 laudabilisali-15

298 2270 383 2361 quid
416 2270 652 2364 polliceretur,
681 2268 829 2340 haberes
861 2269 987 2360 utique
1015 2266 1198 2360 pollicenti
1227 2268 1349 2351 fidem,

298 2408 364 2457 nec
390 2394 427 2458 te
452 2386 527 2459 falli
552 2394 615 2457 aut
641 2387 757 2479 decipi
781 2386 829 2456 ab
857 2408 901 2456 eo
929 2385 1090 2457 crederes
1115 2407 1221 2477 quem
1251 2392 1349 2456 stare

296 2504 334 2574 in
359 2506 579 2576 sermonibus
603 2513 711 2597 atquc
736 2506 774 2573 in
799 2503 937 2574 actibus
966 2503 1038 2573 suis
1066 2504 1183 2573 scires
1236 2502 1349 2574 Nunc

298 2620 398 2693 Deus
422 2629 543 2692 tecum
569 2622 746 2715 loquitur3
776 2628 814 2690 et
838 2627 881 2689 tu
910 2626 1032 2689 mente
1060 2617 1242 2689 incredula
1267 2642 1350 2711 per-

296 2736 388 2807 fidus
411 2736 586 2808 fluctuas?
625 2736 726 2807 Deus
751 2735 817 2806 trhi
842 2735 888 2805 de
912 2734 981 2804 hoc
1005 2735 1140 2804 mundo
1163 2734 1348 2805 recedenti
1361 2755 1399 2794 20

296 2853 602 2925 immortalitatem
619 2862 727 2944 atque
749 2852 989 2922 aeternitatem
1009 2850 1218 2944 pollicetur3
1243 2860 1281 2922 et
1302 2860 1348 2922 tu

296 2970 461 3041 dubitas?
488 2969 570 3040 Hoc
591 2979 646 3040 est
668 2970 789 3040 Deum
809 2970 954 3039 omnino
975 2992 1047 3039 non
1067 2990 1180 3051 nosse,
1197 2967 1266 3038 hoc
1289 2978 1349 3039 est

296 3087 478 3158 Christum
504 3086 725 3158 credentium
751 3088 960 3180 magistrum
984 3093 1132 3179 peccato
1156 3085 1348 3156 increduli-

296 3205 380 3275 tatis
397 3204 584 3285 offendere,
601 3204 670 3275 hoc
690 3211 746 3274 est
768 3205 807 3273 iu
822 3201 972 3274 ecclesia
987 3204 1218 3275 constitutam
1235 3202 1347 3274 fidem

295 3320 333 3389 in
358 3321 464 3391 domo
489 3320 572 3391 fidei
597 3342 669 3391 uon
698 3320 839 3390 habere.
890 3318 1076 3403 Quantum
1104 3318 1217 3411 prosit
1244 3320 1392 3395 exire²5

296 3436 340 3506 de
357 3435 488 3506 saeculo
505 3434 666 3507 Christus
683 3437 759 3529 ipse
774 3436 899 3507 salutis
909 3444 1019 3529 atque
1029 3434 1196 3507 utilitatis
1211 3443 1347 3508 nostrae

294 3553 464 3647 magister
492 3554 666 3624 ostendit:
702 3554 873 3645 quicum
903 3552 1065 3647 discipuli
1095 3554 1172 3646 ejus
1196 3553 1348 3623 contris-

294 3680 457 3742 tarentur
480 3670 574 3762 qnod
605 3692 643 3740 se
671 3670 750 3762 jam
779 3670 914 3740 diceret
942 3692 1173 3753 recessurum,
1202 3668 1346 3741 locutus

150 3810 269 3860 oanan.
295 3798 350 3859 est
374 3788 420 3858 ad
444 3808 505 3858 eos
527 3788 657 3869 <licens
680 3784 727 3859 Si
750 3808 805 3857 me
819 3785 1036 3871 dilecissetis,
1055 3784 1253 3883 pandectis
1276 3788 1348 3857 ati-

296 3930 369 4002 que,
392 3905 555 4001 quoniam
578 3902 664 3976 codo
688 3902 736 3974 od
756 3900 911 3986 Patrem,
928 3904 1059 3974 docens
1082 3910 1120 3973 ct
1143 3904 1344 3987 ostendens,
1357 3923 1393 3981 30

295 4046 378 4094 cum
412 4023 483 4093 cari
513 4044 600 4113 quos
634 4020 814 4115 diligimus
843 4018 889 4091 de
917 4019 1050 4091 saeculo
1078 4028 1223 4104 exeunt,
1256 4042 1347 4113 gau-

295 4138 450 4210 dendum
473 4138 720 4230 potiusquam
743 4136 946 4207 dolendum.
993 4134 1105 4229 Cujus
1130 4136 1182 4206 rei
1206 4158 1347 4205 mernor

294 4256 419 4325 beatus
453 4253 632 4347 apostolus
663 4252 796 4324 Paulus
829 4254 866 4323 in
896 4252 1047 4347 epistola
1079 4276 1143 4324 sua
1175 4254 1276 4346 ponit
1306 4262 1346 4323 et
