<?xml version="1.0" encoding="UTF-8"?>
<!DOCTYPE html PUBLIC "-//W3C//DTD XHTML 1.0 Transitional//EN"
    "http://www.w3.org/TR/xhtml1/DTD/xhtml1-transitional.dtd">
<html xmlns="http://www.w3.org/1999/xhtml" xml:lang="en" lang="en">
 <head>
  <title>
</title>
<meta http-equiv="Content-Type" content="text/html;charset=utf-8" />
  <meta name='ocr-system' content='tesseract 3.04.00' />
  <meta name='ocr-capabilities' content='ocr_page ocr_carea ocr_par ocr_line ocrx_word'/>
</head>
<body>
  <div class='ocr_page' id='page_1' title='image "./scriptorumeccle03routgoog_0125.png"; bbox 0 0 2867 4817; ppageno 0'>
   <div class='ocr_carea' id='block_1_1' title="bbox 464 324 1167 395">
    <p class='ocr_par' dir='ltr' id='par_1_1' title="bbox 464 324 1167 395">
     <span class='ocr_line' id='line_1_1' title="bbox 464 324 1167 395; baseline 0.009 -8"><span class='ocrx_word' id='word_1_1' title='bbox 464 324 533 389; x_wconf 89' lang='lat' dir='ltr'>DE</span> <span class='ocrx_word' id='word_1_2' title='bbox 557 324 818 389; x_wconf 85' lang='lat' dir='ltr'><strong>ORATIONE.</strong></span> <span class='ocrx_word' id='word_1_3' title='bbox 1108 329 1167 395; x_wconf 70' lang='lat'>107</span> 
     </span>
    </p>
   </div>
   <div class='ocr_carea' id='block_1_2' title="bbox 55 496 1166 3975">
    <p class='ocr_par' dir='ltr' id='par_1_2' title="bbox 55 496 1166 3975">
     <span class='ocr_line' id='line_1_2' title="bbox 109 496 1166 594; baseline 0.005 -27"><span class='ocrx_word' id='word_1_4' title='bbox 109 496 283 569; x_wconf 59' lang='lat' dir='ltr'>menta</span> <span class='ocrx_word' id='word_1_5' title='bbox 308 498 517 591; x_wconf 89' lang='lat' dir='ltr'>proderunt,</span> <span class='ocrx_word' id='word_1_6' title='bbox 545 502 575 569; x_wconf 93' lang='lat' dir='ltr'>si</span> <span class='ocrx_word' id='word_1_7' title='bbox 605 498 658 569; x_wconf 92' lang='lat' dir='ltr'>illi</span> <span class='ocrx_word' id='word_1_8' title='bbox 687 510 894 593; x_wconf 79' lang='lat' dir='ltr'>reputemur</span> <span class='ocrx_word' id='word_1_9' title='bbox 922 522 1045 572; x_wconf 80' lang='lat' dir='ltr'>revera</span> <span class='ocrx_word' id='word_1_10' title='bbox 1067 504 1166 594; x_wconf 83' lang='lat' dir='ltr'>quasi</span> 
     </span>
     <span class='ocr_line' id='line_1_3' title="bbox 108 614 1165 691; baseline 0.007 -7"><span class='ocrx_word' id='word_1_11' title='bbox 108 624 231 684; x_wconf 70' lang='lat' dir='ltr'>taurus</span> <span class='ocrx_word' id='word_1_12' title='bbox 247 614 296 685; x_wconf 83' lang='lat' dir='ltr'>od</span> <span class='ocrx_word' id='word_1_13' title='bbox 313 616 523 687; x_wconf 75' lang='lat' dir='ltr'>viotimuml</span> <span class='ocrx_word' id='word_1_14' title='bbox 547 615 692 687; x_wconf 76' lang='lat' dir='ltr'><strong>Sciebat</strong></span> <span class='ocrx_word' id='word_1_15' title='bbox 709 615 886 688; x_wconf 80' lang='lat' dir='ltr'><strong>Dominus</strong></span> <span class='ocrx_word' id='word_1_16' title='bbox 903 640 941 688; x_wconf 85' lang='lat' dir='ltr'>se</span> <span class='ocrx_word' id='word_1_17' title='bbox 958 618 1073 687; x_wconf 93' lang='lat' dir='ltr'>solum</span> <span class='ocrx_word' id='word_1_18' title='bbox 1090 621 1165 691; x_wconf 91' lang='lat' dir='ltr'>sine</span> 
     </span>
     <span class='ocr_line' id='line_1_4' title="bbox 107 728 1166 826; baseline 0.009 -27"><span class='ocrx_word' id='word_1_19' title='bbox 107 728 241 800; x_wconf 81' lang='lat' dir='ltr'>delicto</span> <span class='ocrx_word' id='word_1_20' title='bbox 271 752 362 801; x_wconf 87' lang='lat' dir='ltr'>esse.</span> <span class='ocrx_word' id='word_1_21' title='bbox 415 730 533 802; x_wconf 82' lang='lat' dir='ltr'>Docet</span> <span class='ocrx_word' id='word_1_22' title='bbox 557 734 688 824; x_wconf 76' lang='lat' dir='ltr'>iisque,</span> <span class='ocrx_word' id='word_1_23' title='bbox 706 740 870 826; x_wconf 80' lang='lat' dir='ltr'>petamus</span> <span class='ocrx_word' id='word_1_24' title='bbox 892 754 1034 804; x_wconf 77' lang='lat' dir='ltr'>numm</span> <span class='ocrx_word' id='word_1_25' title='bbox 1059 754 1166 809; x_wconf 78' lang='lat' dir='ltr'>uosls</span> 
     </span>
     <span class='ocr_line' id='line_1_5' title="bbox 106 847 1165 943; baseline 0.008 -28"><span class='ocrx_word' id='word_1_26' title='bbox 106 865 244 915; x_wconf 75' lang='lat' dir='ltr'>unsrun</span> <span class='ocrx_word' id='word_1_27' title='bbox 273 866 427 917; x_wconf 80' lang='lat' dir='ltr'>nosrns.</span> <span class='ocrx_word' id='word_1_28' title='bbox 479 847 748 943; x_wconf 78' lang='lat' dir='ltr'>Exomologesis</span> <span class='ocrx_word' id='word_1_29' title='bbox 777 858 843 933; x_wconf 88' lang='lat' dir='ltr'>est,</span> <span class='ocrx_word' id='word_1_30' title='bbox 876 850 1004 943; x_wconf 88' lang='lat' dir='ltr'>petitio</span> <span class='ocrx_word' id='word_1_31' title='bbox 1033 852 1165 937; x_wconf 80' lang='lat' dir='ltr'>veniae3</span> 
     </span>
     <span class='ocr_line' id='line_1_6' title="bbox 81 962 1165 1056; baseline 0.009 -27"><span class='ocrx_word' id='word_1_32' title='bbox 81 962 190 1052; x_wconf 74' lang='lat' dir='ltr'>squis</span> <span class='ocrx_word' id='word_1_33' title='bbox 214 964 280 1054; x_wconf 89' lang='lat' dir='ltr'>qui</span> <span class='ocrx_word' id='word_1_34' title='bbox 304 965 402 1056; x_wconf 91' lang='lat' dir='ltr'>petit</span> <span class='ocrx_word' id='word_1_35' title='bbox 418 965 567 1047; x_wconf 81' lang='lat' dir='ltr'>venium,</span> <span class='ocrx_word' id='word_1_36' title='bbox 591 964 763 1035; x_wconf 77' lang='lat' dir='ltr'>delictum</span> <span class='ocrx_word' id='word_1_37' title='bbox 786 966 985 1037; x_wconf 84' lang='lat' dir='ltr'>eonfitetur.</span> <span class='ocrx_word' id='word_1_38' title='bbox 1036 966 1097 1038; x_wconf 79' lang='lat' dir='ltr'>sio</span> <span class='ocrx_word' id='word_1_39' title='bbox 1127 978 1165 1039; x_wconf 91' lang='lat' dir='ltr'>et</span> 
     </span>
     <span class='ocr_line' id='line_1_7' title="bbox 105 1080 1165 1175; baseline 0.004 -24"><span class='ocrx_word' id='word_1_40' title='bbox 105 1080 324 1171; x_wconf 80' lang='lat' dir='ltr'>poenitentin</span> <span class='ocrx_word' id='word_1_41' title='bbox 348 1082 611 1152; x_wconf 78' lang='lat' dir='ltr'>demonstretur</span> <span class='ocrx_word' id='word_1_42' title='bbox 635 1080 862 1173; x_wconf 75' lang='lat' dir='ltr'>acceptabilis</span> <span class='ocrx_word' id='word_1_43' title='bbox 880 1080 970 1165; x_wconf 89' lang='lat' dir='ltr'>Deo,</span> <span class='ocrx_word' id='word_1_44' title='bbox 987 1084 1070 1175; x_wconf 86' lang='lat' dir='ltr'>quis</span> <span class='ocrx_word' id='word_1_45' title='bbox 1094 1082 1165 1156; x_wconf 78' lang='lat' dir='ltr'>vult</span> 
     </span>
     <span class='ocr_line' id='line_1_8' title="bbox 106 1197 1163 1296; baseline 0.005 -30"><span class='ocrx_word' id='word_1_46' title='bbox 106 1218 191 1278; x_wconf 70' lang='lat' dir='ltr'>mm,</span> <span class='ocrx_word' id='word_1_47' title='bbox 219 1219 328 1291; x_wconf 77' lang='lat' dir='ltr'>quom</span> <span class='ocrx_word' id='word_1_48' title='bbox 362 1205 505 1268; x_wconf 77' lang='lat' dir='ltr'>mortem</span> <span class='ocrx_word' id='word_1_49' title='bbox 533 1199 736 1293; x_wconf 57' lang='lat' dir='ltr'>mmmmm</span> <span class='ocrx_word' id='word_1_50' title='bbox 762 1197 908 1288; x_wconf 86' lang='lat' dir='ltr'>(Ezeoh.</span> <span class='ocrx_word' id='word_1_51' title='bbox 933 1202 1059 1271; x_wconf 86' lang='lat' dir='ltr'>xxxiii.</span> <span class='ocrx_word' id='word_1_52' title='bbox 1078 1204 1163 1296; x_wconf 82' lang='lat'>11.&gt;.</span> 
     </span>
     <span class='ocr_line' id='line_1_9' title="bbox 107 1311 1164 1411; baseline 0.006 -28"><span class='ocrx_word' id='word_1_53' title='bbox 107 1311 286 1384; x_wconf 78' lang='lat' dir='ltr'><strong>Debitum</strong></span> <span class='ocrx_word' id='word_1_54' title='bbox 303 1323 429 1385; x_wconf 83' lang='lat' dir='ltr'>sutem</span> <span class='ocrx_word' id='word_1_55' title='bbox 446 1316 483 1385; x_wconf 92' lang='lat' dir='ltr'>in</span> <span class='ocrx_word' id='word_1_56' title='bbox 500 1317 680 1409; x_wconf 85' lang='lat' dir='ltr'>scripturis</span> <span class='ocrx_word' id='word_1_57' title='bbox 704 1315 827 1386; x_wconf 83' lang='lat' dir='ltr'>delicti</span> <span class='ocrx_word' id='word_1_58' title='bbox 850 1315 963 1410; x_wconf 81' lang='lat' dir='ltr'>figura</span> <span class='ocrx_word' id='word_1_59' title='bbox 987 1326 1051 1401; x_wconf 86' lang='lat' dir='ltr'>est,</span> <span class='ocrx_word' id='word_1_60' title='bbox 1069 1320 1164 1411; x_wconf 91' lang='lat' dir='ltr'>quod</span> 
     </span>
     <span class='ocr_line' id='line_1_10' title="bbox 105 1432 1165 1527; baseline 0.006 -25"><span class='ocrx_word' id='word_1_61' title='bbox 105 1432 256 1525; x_wconf 79' lang='lat' dir='ltr'>perinde</span> <span class='ocrx_word' id='word_1_62' title='bbox 265 1432 406 1523; x_wconf 81' lang='lat' dir='ltr'>judicio</span> <span class='ocrx_word' id='word_1_63' title='bbox 423 1432 604 1515; x_wconf 83' lang='lat' dir='ltr'>debentur,</span> <span class='ocrx_word' id='word_1_64' title='bbox 621 1441 660 1504; x_wconf 89' lang='lat' dir='ltr'>et</span> <span class='ocrx_word' id='word_1_65' title='bbox 675 1433 722 1504; x_wconf 82' lang='lat' dir='ltr'>ub</span> <span class='ocrx_word' id='word_1_66' title='bbox 740 1455 783 1503; x_wconf 87' lang='lat' dir='ltr'>eo</span> <span class='ocrx_word' id='word_1_67' title='bbox 809 1433 982 1527; x_wconf 77' lang='lat' dir='ltr'>exigatur,</span> <span class='ocrx_word' id='word_1_68' title='bbox 1000 1458 1067 1505; x_wconf 88' lang='lat' dir='ltr'>nee</span> <span class='ocrx_word' id='word_1_69' title='bbox 1085 1458 1165 1508; x_wconf 86' lang='lat' dir='ltr'>eva-</span> 
     </span>
     <span class='ocr_line' id='line_1_11' title="bbox 65 1546 1164 1638; baseline 0.006 -23"><span class='ocrx_word' id='word_1_70' title='bbox 65 1547 168 1615; x_wconf 78' lang='lat' dir='ltr'>¹0dot</span> <span class='ocrx_word' id='word_1_71' title='bbox 185 1546 373 1638; x_wconf 78' lang='lat' dir='ltr'>justitium</span> <span class='ocrx_word' id='word_1_72' title='bbox 399 1549 605 1630; x_wconf 78' lang='lat' dir='ltr'>exactionis,</span> <span class='ocrx_word' id='word_1_73' title='bbox 631 1549 698 1619; x_wconf 90' lang='lat' dir='ltr'>uisi</span> <span class='ocrx_word' id='word_1_74' title='bbox 728 1549 881 1618; x_wconf 85' lang='lat' dir='ltr'>donetur</span> <span class='ocrx_word' id='word_1_75' title='bbox 904 1550 1056 1633; x_wconf 81' lang='lat' dir='ltr'>exactio,</span> <span class='ocrx_word' id='word_1_76' title='bbox 1073 1552 1164 1622; x_wconf 86' lang='lat' dir='ltr'>siout</span> 
     </span>
     <span class='ocr_line' id='line_1_12' title="bbox 106 1663 1163 1762; baseline 0.005 -27"><span class='ocrx_word' id='word_1_77' title='bbox 106 1664 158 1735; x_wconf 90' lang='lat' dir='ltr'>illi</span> <span class='ocrx_word' id='word_1_78' title='bbox 187 1688 295 1735; x_wconf 83' lang='lat' dir='ltr'>servo</span> <span class='ocrx_word' id='word_1_79' title='bbox 325 1663 503 1736; x_wconf 89' lang='lat' dir='ltr'>Dominus</span> <span class='ocrx_word' id='word_1_80' title='bbox 532 1663 693 1737; x_wconf 84' lang='lat' dir='ltr'>debitum</span> <span class='ocrx_word' id='word_1_81' title='bbox 720 1666 857 1736; x_wconf 85' lang='lat' dir='ltr'>remisit</span> <span class='ocrx_word' id='word_1_82' title='bbox 882 1663 1009 1756; x_wconf 86' lang='lat' dir='ltr'>(Mett.</span> <span class='ocrx_word' id='word_1_83' title='bbox 1027 1690 1059 1737; x_wconf 85' lang='lat' dir='ltr'>v.</span> <span class='ocrx_word' id='word_1_84' title='bbox 1079 1672 1163 1762; x_wconf 50' lang='lat'>25).</span> 
     </span>
     <span class='ocr_line' id='line_1_13' title="bbox 108 1778 1162 1877; baseline 0.006 -27"><span class='ocrx_word' id='word_1_85' title='bbox 108 1778 192 1852; x_wconf 84' lang='lat' dir='ltr'>Hno</span> <span class='ocrx_word' id='word_1_86' title='bbox 208 1782 312 1851; x_wconf 88' lang='lat' dir='ltr'>enim</span> <span class='ocrx_word' id='word_1_87' title='bbox 329 1788 468 1874; x_wconf 81' lang='lat' dir='ltr'>spectat</span> <span class='ocrx_word' id='word_1_88' title='bbox 485 1780 691 1877; x_wconf 86' lang='lat' dir='ltr'>exemplum</span> <span class='ocrx_word' id='word_1_89' title='bbox 707 1780 883 1875; x_wconf 72' lang='lat' dir='ltr'>parabolis</span> <span class='ocrx_word' id='word_1_90' title='bbox 899 1784 1021 1855; x_wconf 85' lang='lat' dir='ltr'>totius.</span> <span class='ocrx_word' id='word_1_91' title='bbox 1066 1784 1105 1855; x_wconf 93' lang='lat' dir='ltr'>N</span> <span class='ocrx_word' id='word_1_92' title='bbox 1105 1809 1162 1857; x_wconf 81' lang='lat' dir='ltr'>um</span> 
     </span>
     <span class='ocr_line' id='line_1_14' title="bbox 107 1898 1162 1995; baseline 0.007 -27"><span class='ocrx_word' id='word_1_93' title='bbox 107 1908 145 1968; x_wconf 86' lang='lat' dir='ltr'>et</span> <span class='ocrx_word' id='word_1_94' title='bbox 159 1898 260 1991; x_wconf 89' lang='lat' dir='ltr'>quod</span> <span class='ocrx_word' id='word_1_95' title='bbox 277 1900 376 1969; x_wconf 90' lang='lat' dir='ltr'>idem</span> <span class='ocrx_word' id='word_1_96' title='bbox 392 1920 514 1969; x_wconf 89' lang='lat' dir='ltr'>servus</span> <span class='ocrx_word' id='word_1_97' title='bbox 530 1921 553 1969; x_wconf 84' lang='lat' dir='ltr'>s</span> <span class='ocrx_word' id='word_1_98' title='bbox 569 1900 713 1969; x_wconf 92' lang='lat' dir='ltr'>domino</span> <span class='ocrx_word' id='word_1_99' title='bbox 730 1898 911 1983; x_wconf 80' lang='lat' dir='ltr'>liberatus,</span> <span class='ocrx_word' id='word_1_100' title='bbox 929 1924 1000 1972; x_wconf 92' lang='lat' dir='ltr'>non</span> <span class='ocrx_word' id='word_1_101' title='bbox 1017 1904 1162 1995; x_wconf 89' lang='lat' dir='ltr'>perinde</span> 
     </span>
     <span class='ocr_line' id='line_1_15' title="bbox 106 2014 1163 2109; baseline 0.005 -24"><span class='ocrx_word' id='word_1_102' title='bbox 106 2015 220 2106; x_wconf 70' lang='lat' dir='ltr'>percit</span> <span class='ocrx_word' id='word_1_103' title='bbox 236 2014 394 2085; x_wconf 72' lang='lat' dir='ltr'>debitori</span> <span class='ocrx_word' id='word_1_104' title='bbox 410 2038 485 2098; x_wconf 92' lang='lat' dir='ltr'>suo,</span> <span class='ocrx_word' id='word_1_105' title='bbox 502 2039 545 2087; x_wconf 85' lang='lat' dir='ltr'>oe</span> <span class='ocrx_word' id='word_1_106' title='bbox 560 2025 749 2109; x_wconf 81' lang='lat' dir='ltr'>propterea</span> <span class='ocrx_word' id='word_1_107' title='bbox 768 2014 908 2085; x_wconf 80' lang='lat' dir='ltr'>deletus</span> <span class='ocrx_word' id='word_1_108' title='bbox 924 2038 1033 2109; x_wconf 88' lang='lat' dir='ltr'>penes</span> <span class='ocrx_word' id='word_1_109' title='bbox 1051 2018 1163 2089; x_wconf 90' lang='lat' dir='ltr'>domi-</span> 
     </span>
     <span class='ocr_line' id='line_1_16' title="bbox 64 2132 1162 2227; baseline 0.005 -26"><span class='ocrx_word' id='word_1_110' title='bbox 64 2148 192 2209; x_wconf 76' lang='lat' dir='ltr'>¹snum</span> <span class='ocrx_word' id='word_1_111' title='bbox 226 2132 359 2202; x_wconf 89' lang='lat' dir='ltr'>tortori</span> <span class='ocrx_word' id='word_1_112' title='bbox 392 2132 577 2227; x_wconf 83' lang='lat' dir='ltr'>delegotm</span> <span class='ocrx_word' id='word_1_113' title='bbox 609 2133 654 2204; x_wconf 84' lang='lat' dir='ltr'>ud</span> <span class='ocrx_word' id='word_1_114' title='bbox 689 2132 898 2203; x_wconf 87' lang='lat' dir='ltr'>solvendum</span> <span class='ocrx_word' id='word_1_115' title='bbox 932 2136 1162 2206; x_wconf 89' lang='lat' dir='ltr'>novissimum</span> 
     </span>
     <span class='ocr_line' id='line_1_17' title="bbox 106 2248 1161 2341; baseline 0.004 -23"><span class='ocrx_word' id='word_1_116' title='bbox 106 2248 355 2340; x_wconf 71' lang='lat' dir='ltr'>quadrantem,</span> <span class='ocrx_word' id='word_1_117' title='bbox 383 2249 420 2318; x_wconf 93' lang='lat' dir='ltr'>id</span> <span class='ocrx_word' id='word_1_118' title='bbox 453 2257 520 2332; x_wconf 89' lang='lat' dir='ltr'>est,</span> <span class='ocrx_word' id='word_1_119' title='bbox 548 2250 730 2319; x_wconf 79' lang='lat' dir='ltr'>modinum</span> <span class='ocrx_word' id='word_1_120' title='bbox 765 2270 877 2341; x_wconf 87' lang='lat' dir='ltr'>usque</span> <span class='ocrx_word' id='word_1_121' title='bbox 906 2248 1088 2335; x_wconf 77' lang='lat' dir='ltr'>delictum,</span> <span class='ocrx_word' id='word_1_122' title='bbox 1119 2275 1161 2322; x_wconf 87' lang='lat' dir='ltr'>eo</span> 
     </span>
     <span class='ocr_line' id='line_1_18' title="bbox 105 2366 1162 2459; baseline 0.005 -25"><span class='ocrx_word' id='word_1_123' title='bbox 105 2368 292 2459; x_wconf 69' lang='lat' dir='ltr'>oompetit,</span> <span class='ocrx_word' id='word_1_124' title='bbox 310 2366 406 2457; x_wconf 88' lang='lat' dir='ltr'>quod</span> <span class='ocrx_word' id='word_1_125' title='bbox 428 2368 612 2437; x_wconf 80' lang='lat' dir='ltr'>remittere</span> <span class='ocrx_word' id='word_1_126' title='bbox 633 2388 698 2435; x_wconf 91' lang='lat' dir='ltr'>nos</span> <span class='ocrx_word' id='word_1_127' title='bbox 720 2388 860 2458; x_wconf 92' lang='lat' dir='ltr'>quoque</span> <span class='ocrx_word' id='word_1_128' title='bbox 876 2366 1084 2459; x_wconf 88' lang='lat' dir='ltr'>profitemur</span> <span class='ocrx_word' id='word_1_129' title='bbox 1101 2368 1162 2439; x_wconf 94' lang='lat' dir='ltr'>de-</span> 
     </span>
     <span class='ocr_line' id='line_1_19' title="bbox 107 2481 1161 2576; baseline 0.004 -23"><span class='ocrx_word' id='word_1_130' title='bbox 107 2481 287 2553; x_wconf 83' lang='lat' dir='ltr'>bitoribus</span> <span class='ocrx_word' id='word_1_131' title='bbox 302 2485 442 2556; x_wconf 88' lang='lat' dir='ltr'>nostn&#39;s.</span> <span class='ocrx_word' id='word_1_132' title='bbox 492 2483 576 2555; x_wconf 80' lang='lat' dir='ltr'>Jsm</span> <span class='ocrx_word' id='word_1_133' title='bbox 593 2492 632 2554; x_wconf 88' lang='lat' dir='ltr'>et</span> <span class='ocrx_word' id='word_1_134' title='bbox 647 2484 733 2556; x_wconf 83' lang='lat' dir='ltr'>ulibi</span> <span class='ocrx_word' id='word_1_135' title='bbox 751 2506 798 2553; x_wconf 87' lang='lat' dir='ltr'>ex</span> <span class='ocrx_word' id='word_1_136' title='bbox 814 2482 881 2555; x_wconf 86' lang='lat' dir='ltr'>hoo</span> <span class='ocrx_word' id='word_1_137' title='bbox 898 2485 1015 2576; x_wconf 79' lang='lat' dir='ltr'>specie</span> <span class='ocrx_word' id='word_1_138' title='bbox 1033 2486 1161 2557; x_wconf 80' lang='lat' dir='ltr'>oratio-</span> 
     </span>
     <span class='ocr_line' id='line_1_20' title="bbox 106 2596 1159 2695; baseline 0.005 -27"><span class='ocrx_word' id='word_1_139' title='bbox 106 2601 180 2669; x_wconf 82' lang='lat' dir='ltr'>nis:</span> <span class='ocrx_word' id='word_1_140' title='bbox 197 2598 393 2684; x_wconf 80' lang='lat' dir='ltr'>Remittite,</span> <span class='ocrx_word' id='word_1_141' title='bbox 404 2603 531 2695; x_wconf 83' lang='lat' dir='ltr'>inquit,</span> <span class='ocrx_word' id='word_1_142' title='bbox 548 2610 581 2673; x_wconf 84' lang='lat' dir='ltr'>et</span> <span class='ocrx_word' id='word_1_143' title='bbox 596 2602 789 2672; x_wconf 81' lang='lat' dir='ltr'>remittetur</span> <span class='ocrx_word' id='word_1_144' title='bbox 800 2596 893 2671; x_wconf 78' lang='lat' dir='ltr'>vobio</span> <span class='ocrx_word' id='word_1_145' title='bbox 906 2599 1062 2689; x_wconf 65' lang='lat' dir='ltr'>(Luem</span> <span class='ocrx_word' id='word_1_146' title='bbox 1074 2603 1159 2694; x_wconf 52' lang='lat'>32).</span> 
     </span>
     <span class='ocr_line' id='line_1_21' title="bbox 63 2714 1161 2814; baseline 0.003 -28"><span class='ocrx_word' id='word_1_147' title='bbox 63 2714 154 2787; x_wconf 66' lang='lat' dir='ltr'>vost</span> <span class='ocrx_word' id='word_1_148' title='bbox 170 2740 287 2810; x_wconf 87' lang='lat' dir='ltr'>quum</span> <span class='ocrx_word' id='word_1_149' title='bbox 304 2720 554 2814; x_wconf 77' lang='lat' dir='ltr'>interrogasset</span> <span class='ocrx_word' id='word_1_150' title='bbox 572 2718 711 2800; x_wconf 85' lang='lat' dir='ltr'>Petms,</span> <span class='ocrx_word' id='word_1_151' title='bbox 727 2717 760 2787; x_wconf 75' lang='lat' dir='ltr'>si</span> <span class='ocrx_word' id='word_1_152' title='bbox 775 2716 898 2811; x_wconf 73' lang='lat' dir='ltr'>septies</span> <span class='ocrx_word' id='word_1_153' title='bbox 921 2715 1161 2789; x_wconf 79' lang='lat' dir='ltr'>remittendum</span> 
     </span>
     <span class='ocr_line' id='line_1_22' title="bbox 104 2831 1159 2929; baseline 0 -24"><span class='ocrx_word' id='word_1_154' title='bbox 104 2843 190 2905; x_wconf 74' lang='lat' dir='ltr'>erret</span> <span class='ocrx_word' id='word_1_155' title='bbox 211 2832 358 2929; x_wconf 73' lang='lat' dir='ltr'>fiatri:</span> <span class='ocrx_word' id='word_1_156' title='bbox 389 2832 479 2918; x_wconf 84' lang='lat' dir='ltr'>Imo,</span> <span class='ocrx_word' id='word_1_157' title='bbox 505 2836 631 2927; x_wconf 85' lang='lat' dir='ltr'>inquit,</span> <span class='ocrx_word' id='word_1_158' title='bbox 659 2832 851 2929; x_wconf 75' lang='lat' dir='ltr'>septuagies</span> <span class='ocrx_word' id='word_1_159' title='bbox 877 2832 1009 2927; x_wconf 75' lang='lat' dir='ltr'>septies,</span> <span class='ocrx_word' id='word_1_160' title='bbox 1034 2831 1159 2921; x_wconf 84' lang='lat' dir='ltr'>(Matt.</span> 
     </span>
     <span class='ocr_line' id='line_1_23' title="bbox 105 2950 1160 3046; baseline 0.001 -25"><span class='ocrx_word' id='word_1_161' title='bbox 105 2953 204 3021; x_wconf 77' lang='lat' dir='ltr'>xviii.</span> <span class='ocrx_word' id='word_1_162' title='bbox 222 2955 303 3046; x_wconf 74' lang='lat'><strong>22.)</strong></span> <span class='ocrx_word' id='word_1_163' title='bbox 325 2959 366 3021; x_wconf 91' lang='lat' dir='ltr'>ut</span> <span class='ocrx_word' id='word_1_164' title='bbox 388 2952 505 3046; x_wconf 91' lang='lat' dir='ltr'>legem</span> <span class='ocrx_word' id='word_1_165' title='bbox 532 2952 571 3021; x_wconf 92' lang='lat' dir='ltr'>in</span> <span class='ocrx_word' id='word_1_166' title='bbox 596 2950 725 3022; x_wconf 89' lang='lat' dir='ltr'>melius</span> <span class='ocrx_word' id='word_1_167' title='bbox 754 2950 973 3033; x_wconf 80' lang='lat' dir='ltr'>reformaret,</span> <span class='ocrx_word' id='word_1_168' title='bbox 999 2950 1094 3041; x_wconf 94' lang='lat' dir='ltr'>quod</span> <span class='ocrx_word' id='word_1_169' title='bbox 1124 2952 1160 3022; x_wconf 93' lang='lat' dir='ltr'>in</span> 
     </span>
     <span class='ocr_line' id='line_1_24' title="bbox 107 3064 1160 3162; baseline -0.002 -23"><span class='ocrx_word' id='word_1_170' title='bbox 107 3067 242 3139; x_wconf 82' lang='lat' dir='ltr'>Genesi</span> <span class='ocrx_word' id='word_1_171' title='bbox 269 3068 332 3157; x_wconf 85' lang='lat' dir='ltr'>(iv.</span> <span class='ocrx_word' id='word_1_172' title='bbox 350 3071 424 3162; x_wconf 79' lang='lat'>24.)</span> <span class='ocrx_word' id='word_1_173' title='bbox 451 3067 494 3139; x_wconf 85' lang='lat' dir='ltr'>de</span> <span class='ocrx_word' id='word_1_174' title='bbox 519 3066 611 3142; x_wconf 79' lang='lat' dir='ltr'>Cain</span> <span class='ocrx_word' id='word_1_175' title='bbox 639 3067 772 3162; x_wconf 78' lang='lat' dir='ltr'>septies,</span> <span class='ocrx_word' id='word_1_176' title='bbox 799 3065 840 3139; x_wconf 80' lang='lat' dir='ltr'>de</span> <span class='ocrx_word' id='word_1_177' title='bbox 868 3064 1019 3139; x_wconf 75' lang='lat' dir='ltr'>Lamech</span> <span class='ocrx_word' id='word_1_178' title='bbox 1048 3076 1160 3138; x_wconf 72' lang='lat' dir='ltr'>auten</span> 
     </span>
     <span class='ocr_line' id='line_1_25' title="bbox 104 3182 801 3282; baseline -0.004 -26"><span class='ocrx_word' id='word_1_179' title='bbox 104 3186 301 3282; x_wconf 57' lang='lat' dir='ltr'>maugier</span> <span class='ocrx_word' id='word_1_180' title='bbox 315 3186 447 3280; x_wconf 78' lang='lat' dir='ltr'>septies,</span> <span class='ocrx_word' id='word_1_181' title='bbox 465 3182 551 3257; x_wconf 82' lang='lat' dir='ltr'>ultio</span> <span class='ocrx_word' id='word_1_182' title='bbox 567 3192 726 3279; x_wconf 79' lang='lat' dir='ltr'>reputato</span> <span class='ocrx_word' id='word_1_183' title='bbox 743 3192 801 3254; x_wconf 78' lang='lat' dir='ltr'>est.</span> 
     </span>
     <span class='ocr_line' id='line_1_26' title="bbox 62 3298 1156 3395; baseline -0.005 -20"><span class='ocrx_word' id='word_1_184' title='bbox 62 3314 95 3375; x_wconf 76' lang='lat'>²5</span> <span class='ocrx_word' id='word_1_185' title='bbox 154 3300 307 3394; x_wconf 81' lang='lat' dir='ltr'>Adjeeit</span> <span class='ocrx_word' id='word_1_186' title='bbox 324 3304 369 3372; x_wconf 80' lang='lat' dir='ltr'>ad</span> <span class='ocrx_word' id='word_1_187' title='bbox 394 3300 652 3395; x_wconf 88' lang='lat' dir='ltr'>plenitudinem</span> <span class='ocrx_word' id='word_1_188' title='bbox 678 3308 754 3369; x_wconf 82' lang='lat' dir='ltr'>tum</span> <span class='ocrx_word' id='word_1_189' title='bbox 780 3298 955 3390; x_wconf 75' lang='lat' dir='ltr'>expedite</span> <span class='ocrx_word' id='word_1_190' title='bbox 981 3298 1156 3382; x_wconf 78' lang='lat' dir='ltr'>orationis,</span> 
     </span>
     <span class='ocr_line' id='line_1_27' title="bbox 104 3414 1158 3497; baseline 0 -10"><span class='ocrx_word' id='word_1_191' title='bbox 104 3428 246 3489; x_wconf 88' lang='lat' dir='ltr'>utnon</span> <span class='ocrx_word' id='word_1_192' title='bbox 277 3418 324 3487; x_wconf 91' lang='lat' dir='ltr'>de</span> <span class='ocrx_word' id='word_1_193' title='bbox 346 3416 570 3488; x_wconf 87' lang='lat' dir='ltr'>remittendis</span> <span class='ocrx_word' id='word_1_194' title='bbox 596 3424 748 3497; x_wconf 83' lang='lat' dir='ltr'>tontum,</span> <span class='ocrx_word' id='word_1_195' title='bbox 772 3414 834 3485; x_wconf 91' lang='lat' dir='ltr'>sed</span> <span class='ocrx_word' id='word_1_196' title='bbox 859 3416 968 3484; x_wconf 83' lang='lat' dir='ltr'>etium</span> <span class='ocrx_word' id='word_1_197' title='bbox 992 3414 1036 3487; x_wconf 89' lang='lat' dir='ltr'>de</span> <span class='ocrx_word' id='word_1_198' title='bbox 1059 3438 1158 3487; x_wconf 85' lang='lat' dir='ltr'>over·</span> 
     </span>
     <span class='ocr_line' id='line_1_28' title="bbox 104 3531 1157 3626; baseline -0.001 -22"><span class='ocrx_word' id='word_1_199' title='bbox 104 3535 223 3605; x_wconf 85' lang='lat' dir='ltr'>tendis</span> <span class='ocrx_word' id='word_1_200' title='bbox 250 3536 291 3605; x_wconf 90' lang='lat' dir='ltr'>in</span> <span class='ocrx_word' id='word_1_201' title='bbox 316 3542 434 3605; x_wconf 92' lang='lat' dir='ltr'>totum</span> <span class='ocrx_word' id='word_1_202' title='bbox 461 3531 602 3604; x_wconf 85' lang='lat' dir='ltr'>delictis</span> <span class='ocrx_word' id='word_1_203' title='bbox 623 3531 912 3626; x_wconf 82' lang='lat' dir='ltr'>supplicaremus,</span> <span class='ocrx_word' id='word_1_204' title='bbox 933 3552 983 3601; x_wconf 79' lang='lat' dir='ltr'>nu</span> <span class='ocrx_word' id='word_1_205' title='bbox 1008 3553 1077 3603; x_wconf 79' lang='lat' dir='ltr'>uos</span> <span class='ocrx_word' id='word_1_206' title='bbox 1102 3553 1157 3603; x_wconf 78' lang='lat' dir='ltr'>m-</span> 
     </span>
     <span class='ocr_line' id='line_1_29' title="bbox 104 3648 1156 3741; baseline -0.001 -21"><span class='ocrx_word' id='word_1_207' title='bbox 104 3672 224 3723; x_wconf 77' lang='lat' dir='ltr'>nucss</span> <span class='ocrx_word' id='word_1_208' title='bbox 241 3672 284 3722; x_wconf 80' lang='lat' dir='ltr'>m</span> <span class='ocrx_word' id='word_1_209' title='bbox 299 3670 567 3734; x_wconf 66' lang='lat' dir='ltr'>russonum,</span> <span class='ocrx_word' id='word_1_210' title='bbox 585 3650 622 3720; x_wconf 91' lang='lat' dir='ltr'>id</span> <span class='ocrx_word' id='word_1_211' title='bbox 639 3658 704 3732; x_wconf 90' lang='lat' dir='ltr'>est,</span> <span class='ocrx_word' id='word_1_212' title='bbox 722 3672 768 3719; x_wconf 92' lang='lat' dir='ltr'>ne</span> <span class='ocrx_word' id='word_1_213' title='bbox 785 3670 849 3718; x_wconf 92' lang='lat' dir='ltr'>nos</span> <span class='ocrx_word' id='word_1_214' title='bbox 866 3648 1009 3741; x_wconf 81' lang='lat' dir='ltr'>patioris</span> <span class='ocrx_word' id='word_1_215' title='bbox 1026 3648 1156 3731; x_wconf 80' lang='lat' dir='ltr'>induci,</span> 
     </span>
     <span class='ocr_line' id='line_1_30' title="bbox 101 3762 1156 3860; baseline -0.001 -23"><span class='ocrx_word' id='word_1_216' title='bbox 101 3769 151 3837; x_wconf 75' lang='lat' dir='ltr'>ab</span> <span class='ocrx_word' id='word_1_217' title='bbox 166 3792 211 3839; x_wconf 90' lang='lat' dir='ltr'>eo</span> <span class='ocrx_word' id='word_1_218' title='bbox 228 3770 355 3860; x_wconf 90' lang='lat' dir='ltr'>ntique</span> <span class='ocrx_word' id='word_1_219' title='bbox 371 3770 432 3860; x_wconf 91' lang='lat' dir='ltr'>qui</span> <span class='ocrx_word' id='word_1_220' title='bbox 449 3774 577 3838; x_wconf 83' lang='lat' dir='ltr'>tentat.</span> <span class='ocrx_word' id='word_1_221' title='bbox 625 3766 795 3839; x_wconf 83' lang='lat' dir='ltr'>Ceterum</span> <span class='ocrx_word' id='word_1_222' title='bbox 812 3762 904 3834; x_wconf 87' lang='lat' dir='ltr'>obsit</span> <span class='ocrx_word' id='word_1_223' title='bbox 921 3774 963 3834; x_wconf 89' lang='lat' dir='ltr'>ut</span> <span class='ocrx_word' id='word_1_224' title='bbox 981 3763 1156 3836; x_wconf 87' lang='lat' dir='ltr'>Dominus</span> 
     </span>
     <span class='ocr_line' id='line_1_31' title="bbox 55 3880 1154 3975; baseline -0.002 -21"><span class='ocrx_word' id='word_1_225' title='bbox 55 3894 245 3961; x_wconf 69' lang='lat' dir='ltr'>sotentore</span> <span class='ocrx_word' id='word_1_226' title='bbox 270 3883 441 3966; x_wconf 82' lang='lat' dir='ltr'>videatur,</span> <span class='ocrx_word' id='word_1_227' title='bbox 465 3884 564 3975; x_wconf 81' lang='lat' dir='ltr'>quusi</span> <span class='ocrx_word' id='word_1_228' title='bbox 589 3890 652 3953; x_wconf 85' lang='lat' dir='ltr'>out</span> <span class='ocrx_word' id='word_1_229' title='bbox 678 3882 819 3975; x_wconf 76' lang='lat' dir='ltr'>ignoret</span> <span class='ocrx_word' id='word_1_230' title='bbox 841 3880 948 3951; x_wconf 90' lang='lat' dir='ltr'>fidem</span> <span class='ocrx_word' id='word_1_231' title='bbox 976 3881 1154 3973; x_wconf 80' lang='lat' dir='ltr'>cujusque,</span> 
     </span>
    </p>
   </div>
   <div class='ocr_carea' id='block_1_3' title="bbox 102 3996 1304 4093">
    <p class='ocr_par' dir='ltr' id='par_1_3' title="bbox 102 3996 1304 4093">
     <span class='ocr_line' id='line_1_32' title="bbox 102 3996 1304 4093; baseline -0.002 -22"><span class='ocrx_word' id='word_1_232' title='bbox 102 4010 170 4071; x_wconf 82' lang='lat' dir='ltr'>aut</span> <span class='ocrx_word' id='word_1_233' title='bbox 185 4001 341 4093; x_wconf 81' lang='lat' dir='ltr'>dejicere</span> <span class='ocrx_word' id='word_1_234' title='bbox 357 4001 405 4070; x_wconf 90' lang='lat' dir='ltr'>sit</span> <span class='ocrx_word' id='word_1_235' title='bbox 419 4000 586 4093; x_wconf 89' lang='lat' dir='ltr'>gestiens.</span> <span class='ocrx_word' id='word_1_236' title='bbox 629 3996 773 4069; x_wconf 81' lang='lat' dir='ltr'>Diaboli</span> <span class='ocrx_word' id='word_1_237' title='bbox 789 4006 845 4067; x_wconf 88' lang='lat' dir='ltr'>est</span> <span class='ocrx_word' id='word_1_238' title='bbox 862 4004 900 4067; x_wconf 87' lang='lat' dir='ltr'>et</span> <span class='ocrx_word' id='word_1_239' title='bbox 917 3996 1102 4067; x_wconf 82' lang='lat' dir='ltr'>infirmitas</span> <span class='ocrx_word' id='word_1_240' title='bbox 1118 4008 1155 4069; x_wconf 88' lang='lat' dir='ltr'>et</span> <span class='ocrx_word' id='word_1_241' title='bbox 1302 4050 1304 4057; x_wconf 70' lang='lat'><em>,</em></span> 
     </span>
    </p>
   </div>
   <div class='ocr_carea' id='block_1_4' title="bbox 100 4113 1156 4419">
    <p class='ocr_par' dir='ltr' id='par_1_4' title="bbox 100 4113 1156 4419">
     <span class='ocr_line' id='line_1_33' title="bbox 102 4113 1154 4187; baseline -0.003 0"><span class='ocrx_word' id='word_1_242' title='bbox 102 4117 253 4187; x_wconf 68' lang='lat' dir='ltr'>malitis</span> <span class='ocrx_word' id='word_1_243' title='bbox 305 4116 403 4186; x_wconf 85' lang='lat' dir='ltr'>Nom</span> <span class='ocrx_word' id='word_1_244' title='bbox 426 4124 464 4186; x_wconf 87' lang='lat' dir='ltr'>et</span> <span class='ocrx_word' id='word_1_245' title='bbox 486 4114 732 4185; x_wconf 82' lang='lat' dir='ltr'>Abrohomum</span> <span class='ocrx_word' id='word_1_246' title='bbox 763 4136 835 4183; x_wconf 91' lang='lat' dir='ltr'>non</span> <span class='ocrx_word' id='word_1_247' title='bbox 866 4113 1044 4183; x_wconf 81' lang='lat' dir='ltr'>tentandos</span> <span class='ocrx_word' id='word_1_248' title='bbox 1073 4114 1154 4184; x_wconf 86' lang='lat' dir='ltr'>fidei</span> 
     </span>
     <span class='ocr_line' id='line_1_34' title="bbox 100 4229 1156 4327; baseline 0.001 -24"><span class='ocrx_word' id='word_1_249' title='bbox 100 4236 221 4327; x_wconf 78' lang='lat' dir='ltr'>gratio</span> <span class='ocrx_word' id='word_1_250' title='bbox 236 4232 430 4302; x_wconf 78' lang='lat' dir='ltr'>sacrificem</span> <span class='ocrx_word' id='word_1_251' title='bbox 451 4232 496 4303; x_wconf 86' lang='lat' dir='ltr'>de</span> <span class='ocrx_word' id='word_1_252' title='bbox 519 4231 592 4301; x_wconf 87' lang='lat' dir='ltr'>lilio</span> <span class='ocrx_word' id='word_1_253' title='bbox 611 4232 775 4323; x_wconf 81' lang='lat' dir='ltr'>jusserat,</span> <span class='ocrx_word' id='word_1_254' title='bbox 793 4231 855 4301; x_wconf 89' lang='lat' dir='ltr'>sed</span> <span class='ocrx_word' id='word_1_255' title='bbox 881 4229 1089 4323; x_wconf 81' lang='lat' dir='ltr'>probandae3</span> <span class='ocrx_word' id='word_1_256' title='bbox 1116 4242 1156 4304; x_wconf 89' lang='lat' dir='ltr'>ut</span> 
     </span>
     <span class='ocr_line' id='line_1_35' title="bbox 605 4355 667 4419; baseline 0.032 -2"><span class='ocrx_word' id='word_1_257' title='bbox 605 4370 626 4417; x_wconf 85' lang='lat' dir='ltr'>r</span> <span class='ocrx_word' id='word_1_258' title='bbox 643 4355 667 4419; x_wconf 73' lang='lat'><strong>2</strong></span> 
     </span>
    </p>
   </div>
   <div class='ocr_carea' id='block_1_5' title="bbox 0 0 1438 4817">
    <p class='ocr_par' dir='ltr' id='par_1_5' title="bbox 0 0 1438 4817">
     <span class='ocr_line' id='line_1_36' title="bbox 0 0 1438 4817; baseline 0 2"><span class='ocrx_word' id='word_1_259' title='bbox 0 0 1438 4817; x_wconf 95' lang='lat' dir='ltr'> </span> 
     </span>
    </p>
   </div>
  </div>
 </body>
</html>
