2867 4817
237 368 290 433 IN
313 368 420 434 CAN.
445 365 1048 434 CONC.CONSTANT1NOPOL.
1107 367 1172 432 428

116 546 284 691 unffi
305 561 374 606 esse
399 545 508 604 oenset
529 538 720 640 Beveregius
745 559 898 603 cononem
918 537 1025 604 XOV.
1041 537 1173 604 (ioneiiii

254 625 274 700 ’,
290 626 381 711 eujus
400 625 528 711 quidem
548 647 678 691 eenoms
793 624 882 710 prior
898 632 933 691 et
949 624 1061 709 major,
1076 624 1173 710 piune

117 713 233 777 eodem
256 718 306 778 est
332 719 431 797 atque
455 711 508 776 hio
533 733 635 777 eonon
658 710 685 777 0
715 717 821 788 tenus,
844 711 932 775 nullo
952 717 1062 776 temen
1084 732 1171 776 men-

117 797 209 862 tione
224 797 313 863 saoto
327 798 396 884 ejus
410 819 431 862 ο
445 797 591 882 patribus
602 796 773 862 undonis.
801 797 981 882 Epistulam
991 796 1034 862 ed
1046 797 1172 882 Marty-

116 884 207 985 rium¹
218 883 339 1034 figimus
354 883 454 1035 {digit
465 884 490 947 J
491 882 889 1033 oanneo1sseurgolluytitnstini
889 883 981 948 June
984 884 1171 1034 ttiroreflulio-

117 991 207 1034 moue
265 992 359 1035 rou
472 989 1173 1036 .2o.eou1neserm1uus

118 1056 252 1120 cononis
277 993 495 1142 subpositioiie
515 993 634 1120 iratres
660 1054 821 1133 Besserini,
846 1057 901 1140 qni
928 993 983 1121 dep
993 1077 1041 1132 eo,
1067 992 1172 1120 eeri-

117 1142 187 1206 mnl
202 1144 242 1208 de
258 1143 370 1227 quinto
384 1149 418 1207 et
433 1149 525 1207 sexto
540 1141 722 1218 oenonibus
738 1141 808 1206 haee
821 1149 962 1208 monent.
1008 1149 1028 1179 ‘⁶
1037 1139 1172 1206 (iunoni-

119 1229 219 1293 “bus
234 1228 294 1293 IV.
311 1229 423 1314 synodi
444 1228 585 1294 OPtenae
605 1229 747 1312 en.381.
762 1227 919 1292 Justeilns
933 1236 1001 1293 tres
1019 1228 1099 1292 ulios
1116 1228 1172 1292 ud-

119 1323 142 1352 “
155 1314 243 1399 jecit.
285 1315 332 1378 Hi
353 1315 464 1415 utique
484 1336 548 1378 non
568 1320 661 1378 erunt
675 1315 708 1377 in
723 1313 823 1378 veteri
838 1315 952 1378 Graeoo
966 1314 1083 1392 codiee,
1099 1335 1172 1379 oum

119 1409 144 1438 ‘⁶
158 1423 217 1465 neo
238 1401 272 1466 in
293 1400 499 1486 Dionysiana,
520 1422 577 1465 neo
599 1401 632 1464 in
653 1399 726 1465 eliis
746 1399 887 1484 antiquis
909 1399 1104 1466 versionibus
1124 1401 1172 1464 in-

119 1495 144 1525 “
158 1487 335 1552 veniantur.
361 1487 456 1553 corte
474 1508 576 1552 onnon
591 1486 660 1549 VII
687 1487 732 1550 od
750 1486 896 1551 eamdem
914 1486 1082 1553 OPtenum
1101 1508 1172 1572 syn-

119 1581 144 1611 “
160 1573 256 1638 odum
284 1595 485 1659 nequequam
513 1573 673 1659 pertinetz
704 1573 790 1636 unde
817 1594 876 1637 neo
904 1573 990 1659 apud
1011 1571 1172 1638 Joennem

121 1667 144 1697 “
160 1659 401 1738 Soholestioun
438 1660 471 1724 ui
486 1681 621 1725 oenones
637 1658 785 1744 quintum
798 1663 832 1722 et
846 1667 974 1724 sextum
987 1657 1063 1724 lieet
1082 1658 1172 1724 eddi·

120 1745 250 1811 “titios
275 1745 404 1832 reoepit,
416 1681 482 1810 isio
503 1745 657 1831 septimus
681 1744 809 1831 legitur.
862 1745 971 1810 Serius
993 1745 1096 1810 multo
1120 1745 1173 1809 hio

121 1838 144 1870 ‘⁴
159 1832 315 1911 eonditus,
331 1833 449 1897 nedum
466 1833 612 1918 odjeotus
630 1831 701 1895 fuit.
736 1831 873 1913 Quintus
889 1838 999 1896 entem
1013 1838 1048 1897 et
1062 1838 1173 1896 sextus

121 1926 295 1983 “oenones
317 1918 401 1983 forte
422 1917 589 1984 constituti
610 1917 741 1983 fuerunt
758 1917 792 1982 in
813 1917 878 1983 ulis
894 1916 1030 1983 OPtene
1051 1917 1173 2003 synodo

121 2005 382 2090 “subsequentis
407 2025 458 2069 on.
482 2006 556 2089 382.
602 2003 675 2068 Ηοσ
703 2025 779 2068 vero
805 2003 853 2068 11.
877 2004 999 2090 synodo
1023 2003 1174 2068 ebidem

121 2099 144 2128 ‘⁶
159 2113 274 2156 nomen
295 2089 383 2155 urbis
401 2098 435 2156 et
454 2090 497 2155 ob
515 2090 668 2176 temporis
691 2089 964 2176 propinquitatem
982 2112 1055 2155 oum
1074 2089 1173 2175 priori

121 2185 144 2214 “
159 2177 298 2255 oonfirse,
314 2176 398 2242 ieeili
419 2176 666 2242 hulluoinutione
684 2176 817 2241 alterius
835 2198 972 2242 oenones
989 2199 1061 2241 oum
1079 2197 1172 2241 eeno-

122 2264 252 2328 “nibus
275 2263 405 2328 alterius
425 2263 546 2328 eoninsi
567 2270 601 2328 et
624 2261 765 2349 oopuleti
783 2262 942 2328 fuerunt”
962 2263 1013 2328 Do
1026 2263 1175 2348 Antiquis

153 2347 353 2416 ellectiouibus
367 2359 395 2415 ot
407 2347 619 2416 Collootore'bus
630 2350 799 2427 Gomon,
814 2371 846 2435 p.
856 2348 883 2414 1.
895 2372 922 2414 o.
932 2349 953 2414 i.
970 2351 1000 2433 ξ.
1013 2370 1063 2413 10.
1102 2397 1110 2412 .
1124 2369 1173 2413 10.
1261 2401 1265 2404 .

121 2436 485 2523 AppendioisudOpero
496 2437 529 2500 S.
541 2436 653 2500 Leonis
663 2436 713 2499 M.
724 2435 841 2500 Venet.
855 2450 891 2518 17
893 2451 946 2521 57.
970 2435 1067 2499 Hune
1111 2435 1174 2499 isse

121 2544 281 2588 oenonum
301 2522 404 2608 quinti
422 2529 456 2588 et
476 2521 560 2587 sexti
579 2528 695 2601 ortum,
711 2520 783 2586 aliis
802 2543 927 2622 qnoque
946 2520 1021 2586 viris
1039 2520 1174 2585 eruditis

121 2617 267 2675 statuere
280 2609 464 2694 pleoueret3
511 2609 575 2672 nod
595 2615 629 2673 et
647 2607 768 2672 firmari
786 2609 912 2672 videtur
925 2607 1029 2673 vorbis
1044 2607 1174 2672 canonis

122 2695 217 2774 sexti,
233 2695 395 2777 αἱρετικοὺς
415 2698 447 2759 δὲ
461 2630 604 2777 Agonen,
625 2695 692 2761 τοὺς
705 2693 801 2760 πάλαι
814 2698 866 2774 τῆς
886 2696 1046 2773 ἐκκλησίας
1064 2695 1174 2774 ἀποκη-

120 2781 297 2866 ρυχθέντσς,
321 2783 369 2846 καὶ
391 2781 459 2848 τοὺς
480 2784 555 2861 μετὰ
576 2785 669 2844 τοῦτο
691 2779 742 2862 ὑφ’
766 2781 849 2860 ἡμῶν
872 2778 1173 2860 ἆσσθεμοτισθέντας.

122 2889 222 3018 Ἥ
240 2865 521 3018 ttottttid
538 2865 1198 3038 ttttpfflwttbtt

122 2975 178 3104 iib.
191 3040 233 3104 V.
250 3040 333 3104 Her.
349 3039 461 3104 Εσσῑσο.
478 3061 504 3104 e.
518 3040 547 3102 8.
568 3039 623 3124 qui
644 3038 678 3103 in
699 3002 945 3124 suum’quisque
1007 3037 1104 3104 trium
1125 3060 1175 3102 re·

122 3127 206 3191 versi
235 3132 338 3202 erunt,
368 3125 512 3212 sequenti
540 3131 655 3190 esstote
685 3127 714 3188 oi
742 3131 881 3191 πλεῖστοι
909 3124 1038 3210 quiem
1064 3145 1175 3190 eorum

123 3213 258 3279 eundem
273 3212 384 3276 urbem
398 3211 515 3277 iterum
529 3211 687 3276 adierunt.

169 3299 207 3364 P.
220 3301 295 3385 396.
310 3297 332 3361 l.
347 3319 374 3363 1.
398 3298 458 3363 ἀπὸ
477 3300 641 3383 abessen]
670 3297 753 3363 Hoeo
765 3297 864 3364 verbo
877 3319 950 3363 oum
1024 3296 1174 3363 uentibus

122 3385 201 3449 mihi
224 3384 351 3471 quidem
368 3384 533 3470 jungendo
553 3383 709 3463 videntur,
732 3406 806 3463 non,
822 3390 860 3450 ut
881 3385 978 3450 vertit
1036 3391 1173 3463 ervetus,

123 3493 197 3536 eum
216 3469 488 3537 antecedentibus.
533 3469 684 3536 imitatus
703 3477 754 3538 est
775 3471 918 3559 epistoloe
938 3477 1052 3536 onotor
1069 3470 1174 3536 locum

123 3562 273 3623 Actorum
287 3560 392 3643 Δροσί.
403 3557 436 3621 ii.
449 3571 502 3639 47.
516 3551 556 3621 ‘0
568 3558 600 3622 u
613 3557 720 3640 Κύριος
729 3559 900 3640 προσετίθει
910 3558 978 3626 τοὺς
988 3555 1175 3638 σωζομένους

125 3645 190 3708 καθ’
203 3643 316 3727 ἡμέραν
330 3644 366 3729 τῇ
380 3644 533 3728 ἐκκλησίᾳ.

169 3730 251 3795 lbid.
268 3729 289 3794 l.
300 3749 331 3816 3.
348 3729 396 3794 καὶ
412 3729 654 3814 Σοββοτιανοὺς]
672 3728 747 3792 Non
759 3727 886 3793 videtur
904 3729 990 3813 opud
1009 3727 1175 3793 Soorutem

125 3815 381 3882 Sobdotioomum
395 3836 510 3880 nomen
529 3822 717 3901 usin-patum
732 3821 808 3880 ante
824 3836 943 3879 annum
957 3813 1084 3880 oireiter
1096 3831 1172 3899 392.

126 3903 290 3966 Hsnooru.
336 3901 410 3966 Ηοσ
426 3907 484 3980 est,
501 3908 575 3986 post
594 3909 722 3987 tempus
740 3901 835 3987 hujus
854 3901 987 3966 ooneiiii.
1032 3901 1097 3966 Sed
1109 3921 1175 3964 me·

124 3989 254 4056 minisse
267 4011 326 4052 nos
340 3994 477 4088 oportet,
492 4009 601 4053 voeem
615 3987 698 4054 huno
711 3987 746 4052 in
756 4009 877 4053 oenone
886 4009 970 4052 nuno
983 3988 1175 4052 existentem

124 4073 588 4247 ffiffigpffl
608 4074 811 4226 iffi
827 4073 1175 4247 ”imitabis

124 4249 340 4314 vetustissimo
434 4247 534 4326 eisne,
547 4246 698 4332 quinum.
711 4249 764 4314 26.
779 4247 973 4334 designatur,
987 4248 1048 4313 hoo
1058 4267 1175 4312 nomen

124 4337 166 4400 od
188 4357 289 4422 marg.
313 4341 440 4400 tontum
461 4333 601 4420 positum
625 4333 762 4400 videtur.
798 4333 850 4399 De
872 4333 1077 4402 Subbotiunis
1098 4353 1175 4400 vero
