2867 4817
292 338 359 403 312
672 338 706 403 S.
729 337 966 403 CYPRIANI

292 512 391 583 tione
415 534 616 607 pungamus,
641 512 702 605 qui
728 510 861 585 diaboli
891 512 1000 584 servis
1028 512 1183 584 minores
1211 534 1350 595 ulmus,

292 636 336 701 ut
361 628 503 701 Christo
527 651 591 723 pro
613 630 729 721 pretio
753 628 925 723 passionis
951 638 991 701 et
1019 630 1201 724 sungtnnis
1228 630 1350 702 vieem

293 769 359 819 nes
376 747 414 817 in
430 746 578 817 modieis
594 746 854 839 rependemus?

344 862 474 935 XVII.
509 862 695 957 Praeeepts
728 863 790 935 ille
826 863 929 934 nobis
964 862 1074 947 dedit,
1108 864 1195 957 qnid
1228 865 1350 937 insere

293 1002 412 1053 servos
424 1002 505 1051 suos
518 988 698 1073 oporteret
710 980 901 1063 instruxit3
916 980 1144 1073 operantibus
1156 982 1385 1074 praemiums

292 1096 483 1190 pollicitus,
504 1105 542 1168 et
562 1096 775 1191 supplicium
796 1095 974 1169 sterilibus
996 1097 1243 1181 vomminstus,
1266 1121 1351 1169 sen·

293 1215 445 1286 tentiam
478 1236 579 1285 susm
611 1213 771 1308 protulit,
805 1213 891 1307 qnid
922 1213 1147 1305 judicaturus
1179 1215 1227 1285 sit
1259 1223 1350 1285 ante

292 1331 470 1423 praedixit.
521 1330 610 1415 Quae
632 1338 751 1424 potest
776 1330 959 1402 excusatio
980 1351 1057 1400 esse
1080 1330 1242 1411 cessanti,
1262 1354 1350 1423 quae

293 1446 451 1517 defensio
480 1446 601 1530 sterili,
628 1448 695 1517 nisi
725 1448 822 1539 qnod
846 1468 919 1516 non
943 1445 1097 1517 faciente
1123 1468 1224 1518 servo
1249 1447 1349 1538 quod

293 1564 503 1656 precipitur,
535 1563 711 1635 Dominus
740 1564 848 1634 fseiet
877 1563 973 1655 quod
1000 1562 1181 1636 minuturi
1219 1563 1281 1655 qui
1306 1572 1349 1633 et
1366 1590 1411 1629 ιο

160 1716 176 1749 s
199 1716 257 1750 ,xm
295 1680 400 1751 dicit:
429 1678 517 1753 Cum
534 1680 663 1752 vemem't
678 1678 798 1751 Filius
814 1676 965 1751 dominis
987 1678 1027 1750 iu
1043 1678 1200 1752 ctoritate
1221 1702 1297 1763 sua,
1314 1687 1349 1750 et

293 1816 409 1883 omms
439 1794 553 1894 ampeli
581 1820 657 1867 eum
687 1818 736 1880 eo,
764 1804 846 1867 tuoe
872 1793 1000 1867 sedebit
1028 1796 1067 1866 im
1092 1793 1217 1867 throno
1241 1793 1349 1866 eluvi-

293 1913 375 1985 totis
404 1934 485 1995 sue,
515 1922 548 1985 st
577 1910 779 2009 vodipvvtuv
807 1921 886 1983 ante
914 1935 991 1983 eum
1020 1934 1136 1983 omnes
1160 1921 1287 2009 pestes,
1314 1921 1350 1983 et

291 2028 478 2127 sepmpudit
517 2052 573 2101 eos
619 2027 661 2100 nd
701 2028 857 2112 invicem
899 2027 1182 2123 quemadmodum
1222 2035 1350 2123 pastor

291 2155 443 2244 seps-epm
466 2169 542 2218 oves
571 2144 613 2217 nd
639 2142 760 2227 dcedvs,
788 2153 820 2217 et
844 2153 968 2217 statuet
990 2168 1066 2217 oves
1096 2142 1145 2215 od
1168 2142 1347 2215 deuterum
1362 2178 1401 2237 15

291 2286 401 2349 mmm,
426 2260 542 2335 dcedos
571 2270 684 2335 autem
713 2260 762 2333 ud
788 2262 980 2334 sinistrum.
1036 2259 1134 2333 Tuus
1160 2259 1250 2332 dicet
1279 2283 1348 2330 vem

291 2380 338 2451 iis
364 2380 426 2476 qui
454 2378 502 2451 nd
529 2378 706 2451 deuterum
735 2402 834 2451 suum
863 2386 986 2451 evum:
1031 2376 1149 2449 Venite
1177 2375 1346 2449 benedieti

292 2494 416 2569 Patris
451 2497 529 2580 mei,
559 2496 730 2592 percipite
757 2518 900 2593 reputem
934 2494 1027 2590 quod
1058 2492 1150 2566 vodis
1178 2503 1346 2589 puratum

293 2622 343 2685 est
359 2611 401 2685 nd
421 2613 556 2711 oviyime
573 2612 704 2683 muudi.
746 2610 896 2683 Esmivi
911 2611 1013 2695 euim,
1037 2619 1070 2682 et
1091 2610 1234 2682 dedistis
1256 2608 1348 2681 midi

294 2728 512 2803 manducare.
561 2728 680 2812 Sitivi,
714 2736 747 2800 et
769 2728 918 2823 potastis
946 2752 1000 2799 me
1012 2756 1024 2810 ,·
1064 2725 1183 2824 hospes
1206 2726 1284 2823 sui,
1314 2738 1398 2804 etio

294 2846 492 2919 adiuvisse
524 2870 602 2927 me;
639 2844 764 2930 nudus,
794 2853 827 2916 et
855 2845 1001 2917 vestistis
1030 2869 1106 2926 me,·
1149 2844 1347 2939 infirmatus

294 2988 380 3049 sums,
404 2973 436 3035 et
457 2962 623 3037 visitastis
645 2986 721 3044 me‚·
759 2963 799 3033 ive
821 2985 957 3034 earcere
971 2960 1047 3057 sui,
1072 2969 1105 3033 et
1129 2962 1270 3034 venistis
1299 2962 1348 3033 vd

295 3104 357 3153 mv.
412 3078 510 3152 Tuos
538 3077 787 3174 vespmedebuot
814 3078 848 3149 ei
867 3078 960 3171 justi
982 3077 1153 3149 dieentes.-
1182 3075 1344 3160 Domine,

294 3196 431 3293 qsmndo
461 3206 493 3268 te
514 3194 663 3268 vidimus
690 3196 894 3267 esurientem
919 3202 951 3266 et
973 3195 1145 3290 pavimus,
1175 3194 1345 3267 sitientem

292 3322 324 3386 et
348 3312 576 3407 potavimus?
610 3309 758 3400 Quando
787 3319 819 3383 te
844 3311 994 3383 vidimus
1018 3308 1195 3406 hospitem
1222 3319 1254 3382 et
1283 3310 1390 3408 ‹td-25

291 3427 488 3501 ducimus?
516 3427 657 3512 mudum,
687 3437 720 3499 et
746 3428 973 3500 vestivimus?
1008 3428 1146 3523 quando
1175 3436 1288 3499 eutem
1313 3437 1345 3500 te

292 3544 441 3617 vidimus
464 3545 641 3640 infirmavi
665 3554 697 3617 et
727 3546 767 3616 io
795 3568 939 3628 earcere,
964 3554 997 3617 et
1026 3544 1179 3617 venimus
1209 3541 1257 3614 nd
1280 3544 1344 3615 te?

297 3660 396 3735 Tuus
427 3660 634 3757 respondem
661 3660 745 3735 Rem
773 3661 862 3733 dicet
890 3661 962 3732 eis:
998 3658 1113 3731 Amen
1138 3659 1217 3731 dieo
1241 3658 1342 3743 vodis,

293 3778 449 3876 mundive
466 3777 608 3875 fecistis
633 3780 697 3850 omi
721 3776 846 3850 dorum
871 3801 915 3848 eu
926 3775 1108 3874 fratribus
1130 3777 1215 3849 meis
1240 3777 1344 3847 mimi·

293 3896 370 3979 mis,
388 3892 476 3967 midi
490 3893 640 3991 fivistvs.
694 3893 795 3966 Tune
819 3893 909 3966 dicet
930 3902 963 3965 et
988 3890 1061 3965 iliis
1085 3892 1148 3987 qui
1169 3890 1219 3963 vd
1240 3892 1388 3992 sines-30

294 4020 385 4084 team
407 4010 478 4106 ejvs
498 4018 621 4083 evum:
647 4009 826 4083 Discedite
848 4034 871 4080 u
895 4034 949 4081 me
972 4007 1147 4081 maledieti
1170 4008 1210 4079 im
1232 4007 1342 4104 ipsein

293 4136 458 4199 mum
484 4152 582 4224 quem
599 4128 742 4224 puvuvit
757 4126 868 4199 Pater
883 4150 978 4197 meus
999 4122 1135 4198 diodoto
1159 4132 1193 4196 et
1214 4122 1342 4223 adpetis

292 4242 373 4336 ejus.
416 4242 563 4317 Esmivi
579 4244 682 4327 enim,
704 4253 738 4317 et
758 4267 829 4317 mum
844 4242 988 4317 dedistis
1013 4240 1102 4315 midi
1118 4240 1342 4321 munducare:
