2867 4817
231 308 662 375 CHALCEDONENSIS
685 310 903 376 CONCILII
927 310 1056 377 UNIV.
1127 314 1171 382 59

512 536 715 614 ΚΑΝΩΝ
749 538 779 614 Ι.

178 665 246 767 Μὴ
264 667 393 774 ἐξεῖναι
409 664 580 771 κληρικὸν
597 668 635 747 ἐν
658 665 722 747 δύο
745 664 889 749 πόλεων
906 667 1000 749 κατὰ
1023 666 1066 751 τὸ
1084 669 1172 753 αὐτὸ

120 794 387 898 καταλέγεσθαι
411 795 629 896 ἐκκλησίαις,
647 796 685 875 ἐν
708 792 733 901 ᾖ
751 830 790 877 τε
813 794 880 897 τὴν
901 794 1016 903 ἀρχὴν
1040 798 1173 905 ἐχειρο-

119 922 264 1023 τονήθη,
283 925 343 1003 καῖ
365 923 404 1002 ἐν
429 920 454 1029 ᾗ
478 922 722 1030 προσέφυγεν,
741 924 789 1008 ὦς
816 922 948 1028 μείζονι
974 926 1092 1024 δῆθεν,
1114 925 1174 1007 διὰ

92 1047 231 1158 εδόξης
253 1054 356 1150 κενῆς
379 1050 577 1150 ἐπιθυμίαν.
609 1048 692 1137 τοὺς
715 1050 759 1130 δέ
777 1085 821 1153 γε
843 1059 950 1132 τοῖπο
972 1060 1172 1151 ποιοῦντας,
1304 1040 1308 1047 ¹

119 1178 439 1259 ἀποκαθίστασθαι
455 1184 501 1284 τῇ
519 1176 592 1285 ἰδίᾳ
608 1179 794 1289 ἐκκλησίᾳ,
807 1180 846 1259 ἐν
863 1175 887 1285 ᾗ
905 1176 1059 1287 ε’ξαρχῆς
1078 1182 1169 1287 ἔχει·

119 1303 382 1409 ροτονῆθησαν,
399 1307 459 1385 καὶ
483 1307 556 1387 ε’κεῖ
575 1302 686 1406 μόνον
710 1312 941 1411 λειτουργεῖν.
976 1312 1006 1387 εῖ
1029 1307 1095 1406 μέν
1116 1343 1173 1389 τοι

119 1432 191 1533 ἤδη
208 1466 262 1516 τις
279 1432 446 1533 μετετέθη
464 1431 509 1539 ἐξ
524 1432 642 1532 ἄλλης
660 1436 710 1516 εῖς
733 1431 855 1535 ἄλλην
871 1434 1080 1535 ἐκκλησίαν,
1096 1469 1168 1535 μη·

121 1559 181 1641 δέν
198 1567 272 1645 τοῖς
290 1563 354 1660 τῆς
370 1559 544 1664 προτέρας
569 1560 773 1660 ἐκκλησίας,
791 1560 870 1661 ἤτοι
893 1568 966 1642 τῶν
984 1564 1042 1644 ὑπ’
1062 1561 1172 1664 αὐτὴν

53 1688 112 1750 ’10
120 1687 325 1792 μαρτυρίων
352 1684 376 1789 ἢ
405 1686 590 1793 πτωχείαν
621 1685 646 1790 ἢ
679 1688 909 1795 ξενοδοχείων
938 1692 1172 1773 ἐπικοινωνεῖν

119 1814 347 1919 πράγμασιν.
382 1813 465 1899 τοὺς
497 1814 540 1894 δέ
566 1849 609 1917 γε
637 1821 847 1913 τολμῶντας
876 1814 967 1916 μετὰ
993 1815 1058 1898 τὸν
1087 1818 1173 1923 ὅρον

120 1947 185 2043 τῆς
202 1941 364 2045 μεγάλης
382 1946 442 2022 καὶ
459 1946 696 2043 οῖκουμενικῆς
713 1940 846 2043 ταύτης
866 1940 1033 2043 συνόδου,
1051 1944 1167 2049 πράτ-

121 2105 195 2151 τειν
213 2106 249 2152 τι
266 2078 339 2152 τῶν
363 2079 427 2151 νῦν
450 2070 758 2175 ἀπηγορευμένων,
777 2070 908 2177 ὥρισεν
926 2072 949 2173 ἠ
972 2074 1059 2176 ἁγία
1083 2072 1171 2155 σύν-

121 2202 215 2297 οδος,
233 2198 412 2280 ε’κπθττειν
429 2206 493 2279 τοῦ
511 2199 638 2278 οῖκείου
655 2204 811 2299 βαθμοῦ.

74 2438 110 2499 ¹5
490 2424 693 2500 ΚΑΝΩΝ
728 2426 794 2502 ΙΑ.

181 2570 329 2656 Πάντας
358 2570 441 2655 τοὺς
473 2569 627 2671 πένητας
657 2574 718 2652 καὶ
750 2574 933 2671 δεομένους
960 2576 1169 2681 ἐπικουρίας,

120 2699 212 2800 μετὰ
229 2699 441 2799 δοκιμασίας
458 2698 687 2797 ἐπιστολίοις,
705 2698 820 2780 εἴτουν
837 2706 1019 2805 εἰρηνικοῖς
1036 2704 1166 2803 ε’κκλη-

121 2833 324 2912 σιαστικαῖς
341 2823 464 2926 μόνοις
482 2824 664 2930 ὡρισαμεν
681 2817 824 2927 ὁδεύειν,
844 2830 902 2909 καὶ
918 2826 970 2930 μὴ
988 2864 1166 2911 συστατι-

267 3090 482 3151 mom.
666 3031 1170 3177 ξλῒοῖῖὶᾝιᾛῖἰὲἒθιῖἶὲῖ

164 3198 236 3257 Non
256 3195 346 3256 lieere
365 3195 502 3256 clericum
521 3195 553 3254 in
570 3194 625 3256 du·
666 3205 723 3253 eet.
758 3193 1045 3274 Eoevero,quieusi
1058 3198 1170 3259 fuerint

122 3299 206 3339 erum
220 3278 372 3337 civitatum
387 3275 528 3337 conscupi
539 3275 627 3335 simul
666 3284 735 3355 poet
762 3274 964 3337 diffinitionem
996 3298 1108 3357 magne
1138 3290 1170 3340 et

121 3359 261 3427 ecclesiis,
275 3370 306 3418 et
325 3358 356 3416 in
370 3376 428 3436 que
443 3357 529 3417 initio
547 3358 626 3416 ordi.
667 3357 838 3415 universalis
858 3358 947 3435 hujus
965 3358 1069 3437 synodi
1088 3360 1170 3437 quie-

122 3450 285 3505 natusest,
306 3448 338 3498 et
357 3438 395 3497 ed
415 3458 502 3516 quem
523 3436 625 3498 eonsu-
666 3456 754 3515 quem
768 3456 805 3496 ex
826 3438 880 3505 hie,
894 3458 960 3517 que
980 3449 1050 3499 eunt
1070 3441 1169 3519 prohi-

122 3522 176 3601 git,
191 3520 273 3598 quasi
288 3518 325 3578 ed
338 3520 492 3599 potiorem,
507 3518 546 3578 ob
562 3517 625 3578 ine·
666 3517 738 3585 bita,
752 3536 789 3599 pe
843 3529 929 3585 trare,
944 3517 1073 3579 decrevit
1087 3541 1169 3581 sene-

122 3602 170 3661 αἱς
190 3601 290 3679 glorie
313 3598 515 3679 cupiditatem.
558 3598 626 3658 Hoc
666 3609 698 3658 te
720 3618 792 3678 eyno
813 3618 898 3669 us,e
925 3600 1043 3679 proprio
1066 3601 1168 3679 hujus-

122 3692 223 3741 eutem
253 3681 392 3740 facientes
419 3680 549 3739 revoeeri
575 3680 626 3739 de·
666 3680 747 3739 modi
760 3678 1012 3759 gradujreeedere.

122 3764 193 3823 bere
206 3762 243 3821 ed
258 3781 340 3821 suem
353 3759 512 3829 eeclesiam,
524 3761 556 3820 in
569 3781 627 3839 que

123 3843 261 3923 primitus
281 3840 408 3901 ordinati
432 3852 511 3909 eunt,
532 3854 563 3902 et
585 3840 626 3900 ibi
800 3811 953 3872 CANON
973 3812 1031 3873 XI·

122 3922 328 3983 tantummodo
341 3922 515 3981 ministrare.
707 3918 819 3978 Omnes
829 3938 981 3999 pauperes,
996 3930 1026 3979 et
1036 3918 1168 3999 indigen-

164 4004 199 4063 si
219 4024 288 4063 vero
305 4004 366 4081 jam
383 4004 448 4081 quie
468 4002 626 4063 translatus
667 4011 712 4061 tes
726 3998 846 4070 auxilio,
861 4020 927 4059 cum
947 4000 1170 4083 proficiscuntur

123 4097 169 4145 eet
183 4104 220 4143 ex
234 4084 292 4143 elie
309 4085 341 4142 in
359 4084 444 4143 aliam
466 4083 626 4155 ecelesiam,
667 4081 723 4142 eub
751 4081 932 4161 probatione,
960 4082 1101 4162 epistolis,
1123 4082 1171 4143 vel

123 4165 230 4247 prioris
258 4164 394 4234 ecclesie,
420 4164 469 4224 vel
493 4166 628 4247 martyri·
668 4162 870 4223 ecelesiasticis
891 4164 1019 4243 pacificis
1041 4174 1170 4224 tentum·

122 4266 292 4327 oramque
301 4246 627 4328 eubeasunt,eutpto·
667 4242 756 4305 modo
769 4244 1171 4315 commenderedeerevimue‚

696 4352 751 4416 12
