2867 4817
262 277 305 342 18
365 277 399 341 S.
423 277 625 344 CYRILLI
650 277 798 342 ALEX.
821 275 889 341 AD
911 273 1199 341 NESTORIUM

262 455 427 555 σωτῆρος
441 456 607 555 Χριστοῦ
621 483 631 546 3
649 450 703 536 τίς
721 449 814 551 ἡμεῖς
831 451 869 529 ἐν
886 448 1001 555 ἡμερμ
1013 449 1165 551 κρίσεως
1182 448 1320 546 ὀνῆσαι

263 575 475 678 δυνήσεται;
515 576 538 678 ἢ
567 579 674 660 ποίαν
703 576 901 682 εὑρήσομεν
928 576 1142 677 ἀπολογίαν,
1169 571 1321 673 σιωιτὴν

265 708 358 786 οὕτω
371 703 586 806 τιμήσαντες
598 707 671 806 (for.
686 705 920 809 τηρήσαντες)
931 701 997 804 τὴν
1009 700 1152 806 μακρὰν
1165 703 1224 783 ἐπὶ
1237 708 1321 785 ταῖς

265 832 365 938 παρὰ
386 843 456 914 σοῦ
479 833 682 937 γενομεναις
704 834 780 913 κατ’
800 834 909 912 αὐτοῦ
927 830 1172 939 δυσφημίιις;
1207 832 1267 910 καὶ
1287 835 1323 910 εῖ

265 961 331 1062 μέν
348 960 485 1042 σαυτὸν
501 963 629 1062 ἠδίκεις
647 961 768 1060 μόνον,
785 947 840 1040 τιῖιι
849 968 996 1040 τοιαῦτα
1017 966 1162 1066 φρονῶν
1180 963 1239 1039 καὶ
1256 963 1349 1066 δνς

265 1092 421 1188 δάσκων,
436 1091 553 1190 ἥττων
570 1087 615 1169 ἂν
640 1087 684 1190 ἦν
709 1089 733 1189 ἡ
756 1086 916 1195 φροντίς.
941 1085 1060 1186 ἐπειδὴ
1079 1085 1117 1166 δέ
1139 1084 1322 1167 ἐσκανδιῖ·

264 1227 375 1301 λισας
410 1218 617 1320 ἐκκλησίαν,
653 1222 712 1298 καὶ
747 1214 858 1319 ζύμην
895 1215 1063 1319 αῖρεῖτεως
1094 1212 1225 1315 ἀήθους
1255 1217 1323 1293 καὶ

266 1343 370 1452 ξένης
397 1344 624 1446 ἐμβέβληκας
649 1351 724 1428 τοῖς
753 1351 865 1443 λαοῖς,
898 1347 957 1422 καὶ
988 1344 1068 1448 οὐχὶ
1097 1349 1172 1426 τοῖς
1202 1344 1322 1423 ἐκεῖσε

266 1470 386 1574 μόνον,
405 1471 507 1552 ἀλλὰ
524 1472 597 1577 γὰρ
610 1475 669 1552 καὶ
686 1478 761 1557 τοῖς
779 1473 989 1576 ἁπανταχοῦ
1012 1471 1225 1576 περιηνέχθη
1243 1477 1323 1550 τῶν

267 1607 348 1681 σοῖν
374 1599 582 1707 ἐξηγήσεων
608 1598 655 1680 τὰ
680 1601 822 1699 βιβλιο,
847 1607 949 1684 ποῖος
976 1597 1027 1678 ἔτι
1047 1605 1120 1678 τῶν
1144 1605 1220 1704 (ως.
1237 1605 1320 1706 τῆς)
1335 1641 1374 1682 ιο

267 1730 350 1832 παρ’
370 1728 455 1828 ἡμῖν
472 1731 613 1828 σιωοιῆς
630 1726 774 1831 άρκέσει
791 1726 903 1829 λόγος
917 1762 928 1826 ;
961 1725 984 1829 ἢ
1002 1735 1080 1813 πῶς
1096 1730 1161 1809 οὐκ
1178 1728 1322 1832 ἀνάγκη

267 1861 472 1957 μεμνῆσθαι
498 1865 562 1936 τοῦ
586 1861 753 1959 Χριστοῦ
774 1856 953 1958 λέγοντος·
981 1857 1032 1957 μὴ
1063 1858 1234 1958 νομίσητε
1263 1855 1322 1938 ἵντι

268 1983 383 2084 ἦλθον
411 1991 539 2080 βαλεῖν
563 1985 621 2065 ἐπὶ
645 1982 712 2084 τὴν
739 1987 809 2086 γῆν
833 1981 985 2088 εἰρήνην,
1003 1983 1103 2064 ἀλλὰ
1127 1984 1321 2091 μάχαιραν.

269 2109 384 2211 ἦλθον
401 2109 473 2215 γὰρ
491 2110 639 2216 διχάσαι
654 2110 845 2215 ἅνθρωττον
862 2109 954 2190 κατὰ
971 2111 1185 2215 τοῦπατρὸς
1198 2114 1322 2212 αι’ττοῦ,

270 2243 329 2319 καὶ
354 2237 535 2345 θυγατέρα
551 2237 643 2320 κατὰ
664 2243 730 2339 τῆς
747 2237 883 2344 μητρὸς
900 2241 1038 2339 αι’τιῆς“.
1067 2241 1224 2325 πίστεως
1247 2240 1323 2345 γὰρ
1337 2283 1371 2346 ¹5

270 2365 508 2467 ἀδικουμένης,
532 2365 659 2472 ἐῤῥέτω
680 2366 746 2467 μὲν
768 2369 817 2450 ὡς
844 2366 955 2451 ἕωλος
978 2370 1038 2448 καὶ
1066 2364 1275 2475 ἐπισφαλὴς
1297 2367 1324 2466 ἡ

270 2492 361 2597 πρὸς
390 2492 517 2595 γονέας
538 2493 656 2580 αἰδώς·
687 2494 858 2599 ἠρεμείτω
876 2491 915 2573 δὲ
937 2497 996 2575 καῖ
1017 2495 1038 2574 ὁ
1061 2499 1125 2594 τῆς
1142 2499 1191 2580 εἰς
1215 2494 1325 2575 τέκνα

271 2625 330 2703 καὶ
343 2619 523 2729 ἀδελφοὺς
536 2623 800 2730 φιλοστοργίας
813 2619 931 2721 νόμος,
942 2625 1002 2702 καὶ
1014 2630 1079 2702 τοῦ
1092 2621 1155 2726 (ην
1167 2623 1325 2722 ἀμεινων

270 2749 367 2829 ἔστω
385 2747 515 2829 λοιπὸν
532 2755 607 2832 τοῖς
624 2747 814 2844 εὐσεβεῖτιν
831 2749 852 2828 ὁ
870 2747 1033 2847 θάνατος,
1050 2749 1109 2829 ἵνα
1125 2749 1326 2854 κρείττονος

272 2873 507 2960 ἀναστάσεως
523 2874 663 2980 τύχωσι
680 2873 772 2956 κατὰ
789 2875 831 2956 τὸ
849 2873 1128 2980 γεγραμμεῖιονδ.
1335 2921 1375 2962 20

778 3091 822 3167 B.

327 3229 423 3312 Ἰδοὺ
449 3231 569 3312 τοίνυν
596 3229 744 3336 ἅματῇ
776 3231 863 3338 ἁγίᾳ
887 3230 1030 3340 συνόδῳ
1062 3237 1108 3338 τῇ
1137 3231 1229 3312 κατὰ
1257 3231 1324 3335 τὴν

272 3358 437 3463 μεγάλην
472 3357 617 3457 Ῥώμην
653 3358 921 3464 συνειλεγμένη,
956 3359 1229 3463 προεδρεύοντος
1260 3369 1325 3441 τοῦ

274 3485 474 3570 ὀσκοτοῖτου
502 3489 560 3566 καὶ
586 3482 874 3580 θεοσεβεστάτον
900 3487 1062 3593 ἀδελφοῦ
1089 3490 1149 3567 καὶ
1174 3497 1326 3568 συλλει-

275 3622 429 3721 τουργοῦ
446 3614 548 3716 ἡμῶν
568 3613 789 3693 Κελεστίνου
807 3621 872 3693 τοῦ
894 3610 1103 3714 ἐττισκάττου,
1131 3618 1190 3695 καὶ
1216 3616 1325 3726 τρίτῳ
1335 3655 1352 3696 2
1356 3652 1374 3715 5

275 3779 337 3826 σοι
351 3741 466 3852 τοίττῳ
484 3738 794 3844 διαμαρτυρίμεθα
808 3739 1003 3844 γράμματι,
1016 3743 1327 3842 συμβουλεύοντες

276 3871 506 3978 άιτοοχέσθαι
523 3868 588 3968 μὲν
604 3874 677 3948 τῶν
695 3870 789 3948 οὕτω
806 3874 944 3948 σκαιῶν
960 3871 1020 3950 καὶ
1035 3871 1327 3974 διεστραμμενων

276 3998 476 4102 δογμάτων,
495 3995 520 4078 ἃ
537 4000 596 4077 καὶ
614 4002 756 4101 φρονεῖς
775 3999 834 4075 καὶ
852 3994 1039 4094 διδάσκεις,
1053 3997 1271 4079 άνθελείτθαι
1287 3997 1328 4080 δέ

392 4157 407 4188 ⁸
421 4146 507 4203 Matt.
524 4163 552 4201 x·
569 4159 616 4216 34,
633 4159 682 4217 35.
982 4137 1092 4199 1Ἠοῖ).
1105 4141 1146 4199 xi.
1160 4159 1211 4217 35.
