2867 4817
263 308 328 373 cle
640 310 674 373 S.
697 309 935 375 CYPRIANI

262 485 367 555 ooecis
394 481 528 575 laqueis
553 482 765 577 implicatus,
789 484 876 555 dum
900 483 980 555 relo
1003 482 1113 555 frotcr
1137 485 1175 555 in
1195 483 1313 556 frctris

262 600 345 671 odiu
366 601 593 684 convertitur,
615 600 736 695 gladio
759 623 824 671 suo
846 601 986 672 nescius
1009 601 1085 694 ipss
1106 603 1313 695 perimetur.

160 793 163 799 ,
264 716 370 801 Quod
389 724 431 787 ut
453 714 620 810 colligere
644 716 785 810 plenius
806 725 844 787 et
866 716 1088 789 manifestius
1113 719 1314 812 perspicere

263 832 447 924 possimus,
463 832 509 903 ed
525 839 633 926 ceput
650 834 727 926 ejus
742 840 851 925 utque
866 833 1040 926 originem
1056 855 1288 905 recurramus

315 948 365 1018 II.
383 947 580 1021 Videamus
603 950 699 1021 unde
720 949 828 1033 zelus,
851 958 890 1021 et
911 950 1064 1042 quondo,
1080 958 1119 1021 et
1135 950 1342 1042 quomodos

265 1068 421 1160 coeperit.
473 1066 625 1139 Facilius
650 1069 746 1138 enim
768 1091 792 1139 e
814 1066 917 1139 nobis
939 1066 1075 1137 melum
1096 1076 1173 1137 tem
1197 1068 1316 1161 perni-

265 1182 400 1253 ciosum
421 1182 601 1268 vitabitur,
624 1184 653 1255 si
681 1183 841 1275 ejusdem
863 1182 948 1254 moli
972 1191 1010 1254 et
1033 1184 1131 1277 origo
1154 1190 1193 1254 et
1214 1206 1315 1277 meg·

264 1298 391 1368 nitudo
410 1306 585 1371 noscetur.
637 1296 735 1369 Hinc
757 1298 919 1371 diabolus
938 1300 1032 1371 inter
1060 1300 1162 1371 initio
1190 1301 1331 1371 stetim·

264 1414 388 1483 mundi
405 1422 451 1485 'et
476 1415 582 1507 periit
609 1414 745 1506 primus
773 1422 811 1485 et
839 1415 1004 1508 perdidit.
1056 1414 1125 1485 Ille
1153 1414 1315 1510 angelice

264 1528 450 1621 majestate
466 1530 648 1613 subnixus,
665 1529 727 1601 ille
744 1529 825 1601 Deo
845 1540 1013 1625 aceeptus
1033 1540 1072 1601 et
1088 1553 1201 1614 corrrs,
1217 1539 1316 1623 post-
1330 1565 1368 1605 ιο

265 1666 370 1735 quem
388 1644 570 1717 hominem
592 1646 638 1716 sd
658 1647 851 1739 imaginem
874 1644 945 1717 Dei
962 1648 1098 1719 fectum
1117 1646 1313 1738 conspexit,

265 1759 447 1832 incolum
471 1761 637 1833 malivolo
666 1761 777 1833 livore
806 1763 977 1856 prorupit,
1003 1785 1076 1833 non
1104 1762 1201 1855 prius
1225 1758 1316 1831 olte-

266 1898 346 1947 rum
375 1877 543 1970 dejiciens
572 1880 743 1949 instinctu
772 1878 841 1949 seli
873 1900 981 1969 quom
1014 1881 1090 1971 ipse
1122 1877 1201 1948 selo
1229 1884 1316 1949 onte

267 1994 436 2085 dejectus,
457 1994 617 2087 captivus
637 2003 829 2087 antequem
854 1994 1006 2087 capiens,
1031 1994 1191 2086 perditus
1214 2001 1316 2065 onte·

268 2132 374 2200 quom
403 2110 563 2202 perdens,
588 2111 675 2180 dum
704 2109 912 2181 stimulante
936 2110 1048 2181 livore
1073 2108 1209 2179 homini
1236 2132 1367 2204 gre-15

267 2226 355 2295 tiam
373 2225 467 2298 dstae
483 2225 761 2297 immortulitatis
776 2226 891 2319 eripit,
907 2227 984 2318 ipse
1002 2248 1144 2318 quoque
1159 2224 1198 2295 id
1219 2226 1315 2317 quod

267 2341 365 2434 prius
388 2341 504 2413 fueret
526 2342 654 2413 emisit.
705 2340 823 2427 Quale
850 2340 985 2413 mulum
1013 2350 1078 2424 est,
1107 2341 1235 2412 iratres
1262 2342 1315 2411 di·

268 2456 460 2541 lectissimi,
486 2481 556 2549 quo
581 2456 730 2553 angelus
748 2458 888 2542 cecidit,
914 2479 986 2549 quo
1007 2456 1251 2527 circumveniri
1276 2465 1315 2527 et

268 2574 426 2645 subverti
451 2572 525 2645 ulte
545 2574 608 2645 ills
627 2583 666 2645 et
687 2574 854 2667 prreclere
873 2573 1071 2646 sublimitas
1093 2573 1221 2665 potuit,
1243 2595 1315 2664 quo

269 2690 439 2784 deeeptus
455 2700 511 2763 est
533 2691 609 2785 ipse
630 2692 691 2783 qui
713 2690 874 2783 decepit!
906 2690 1048 2761 Exinde
1066 2690 1199 2759 invidio
1219 2712 1370 2783 gres-20

269 2814 368 2875 setus
383 2806 420 2875 in
442 2807 554 2889 terrie,
571 2807 658 2877 dum
681 2806 791 2878 livore
810 2806 987 2899 periturus
1008 2805 1178 2897 magistro
1199 2805 1317 2897 perdi·

269 2923 375 2993 tionis
395 2922 613 3015 obsequitur,
639 2924 725 2995 dum
748 2922 929 2993 diabolum
945 2923 1008 3013 qui
1028 2919 1123 2991 celet
1144 2921 1316 3001 imitetur,

177 3044 182 3059 '
269 3040 361 3111 sicut
385 3040 556 3133 seriptum
583 3048 657 3111 est:
682 3036 827 3111 Iooidio
852 3046 965 3110 autem
987 3032 1117 3109 diodoli
1143 3058 1235 3107 mors
1261 3036 1317 3106 iu·

269 3154 387 3227 troioit
404 3154 442 3225 ic
459 3153 572 3227 oedem
589 3163 772 3227 terrorum.
815 3155 1008 3227 Imitentur
1030 3176 1116 3248 ergo
1132 3152 1236 3225 illum
1252 3154 1316 3245 qui

268 3281 352 3343 sum
368 3293 415 3343 cx
431 3280 532 3364 purte
548 3274 634 3364 ejus.
686 3270 784 3345 Hinc
799 3273 953 3363 denique
969 3294 1069 3341 noum
1085 3270 1316 3341 fraternitatis
1326 3308 1366 3370 25

268 3389 382 3482 prims
405 3388 496 3471 odis,
520 3388 603 3459 binc
627 3388 813 3481 parricidis
836 3388 989 3459 nefanda
1012 3394 1205 3478 coeperunt,
1228 3386 1317 3456 dum

165 3520 216 3569 nv.
269 3503 366 3575 Abel
382 3506 522 3597 justum
539 3504 628 3577 Oein
653 3504 748 3577 uelut
762 3505 923 3597 injustus,
940 3504 1027 3573 dum
1049 3501 1183 3573 bonum
1199 3500 1317 3575 mulus

269 3621 402 3693 invidie
434 3630 471 3693 et
509 3620 619 3693 livore
653 3620 885 3713 persequitur.
935 3618 1089 3689 Tantum
1123 3614 1235 3688 valuit
1268 3618 1318 3689 ed

270 3738 611 3809 comummetionem
652 3737 817 3808 memoris
856 3732 1093 3805 aemuletionis
1134 3734 1233 3805 lirror
1272 3742 1317 3807 ut

270 3878 337 3927 nec
360 3856 488 3927 ceritas
507 3854 634 3937 fratris,
651 3876 718 3924 nec
735 3851 875 3923 sceleris
891 3852 1104 3935 immunitos,
1123 3873 1191 3921 nec
1207 3851 1318 3923 timor
1326 3884 1368 3942 30

271 3970 351 4052 Dei,
384 3992 451 4041 nec
489 3992 594 4063 prens
630 3966 753 4041 delicti
791 3970 1015 4064 cogitaretur.
1077 3967 1215 4060 lnjuste
1253 3992 1319 4063 op-

269 4108 408 4179 pressus
437 4094 493 4157 est
525 4086 586 4177 qui
613 4084 792 4176 justitium
820 4085 955 4177 primus
987 4083 1200 4166 ostenderet,
1234 4086 1319 4157 odio

269 4220 454 4293 perpessus
482 4208 536 4269 est
565 4199 625 4290 qui
655 4198 770 4269 odisse
799 4220 870 4269 non
902 4206 1059 4281 noverat,
1095 4199 1231 4270 occisus
1259 4208 1318 4269 est
