2867 4817
383 298 625 364 SYNODICA
650 297 903 363 EPISTOLA.
1127 297 1170 366 29

117 470 337 553 ἀποστόλων
354 469 401 550 τὰ
417 467 607 577 παράδοξα
625 467 715 570 μετὰ
732 467 776 549 τό
792 469 956 550 ἀνελθεῖν
971 467 1036 547 τὸν
1054 467 1173 571 κύριον

118 601 221 700 ἡμῶν
256 599 402 698 Ἰησοῦν
431 594 596 702 Χριστὸν
627 604 676 682 εἰς
711 596 776 676 τὸν
807 595 971 700 οὐρανὸν,
1002 593 1174 702 ἐδόξασεν

120 725 245 806 αὐτόν.
276 721 468 824 ἐπιστεύθη
496 721 579 828 γὰρ,
615 722 670 804 ὅτι
703 722 797 808 θεὸς
824 722 1058 830 κατὰφύσιν
1084 725 1173 818 ἐστὶ,

121 851 237 934 πάλιν
264 850 371 937 αὐτὸς
398 854 551 955 ἐνεργῶν
580 850 639 930 διὰ
666 860 730 932 τοῦ
758 852 847 932 ἰδίου
869 851 1079 950 πνεύματος.
1116 849 1176 929 διὰ

93 989 228 1082 5τοῦτο
257 984 317 1058 καὶ
349 979 519 1086 ἐφασκεν·
561 979 616 1058 ὅτι
647 980 686 1059 ἐκ
714 987 779 1058 τοῦ
806 980 892 1079 ἐμοῦ
919 976 1088 1085 λήψεται,
1116 981 1175 1056 καὶ

121 1110 319 1209 ἀναγγελεῖ
340 1109 451 1206 ὑμῖνῆ
478 1109 537 1186 καὶ
555 1108 631 1186 οὔτι
652 1138 725 1186 που
746 1101 876 1211 φομέν,
900 1109 949 1190 ὡς
966 1108 1006 1186 ἐκ
1023 1107 1176 1208 μετοχῆς

122 1232 166 1314 τό
183 1231 323 1333 πνεῦμά
336 1235 417 1313 ἐστι
433 1230 554 1339 σοφόν
571 1266 610 1312 τε
623 1235 683 1311 καὶ
697 1231 858 1313 δυνατόν·
880 1232 1088 1313 παντελειον
1103 1230 1176 1334 γὰρ

121 1364 182 1442 καὶ
200 1358 397 1463 ἀπροσδεές
415 1361 494 1439 ἐστι
511 1357 646 1442 παντὸς
664 1361 813 1459 ἀγαθοῦ.
841 1356 959 1459 ἐπειδὴ
978 1355 1016 1438 δέ
1033 1363 1097 1460 τῆς
1110 1366 1176 1437 τοῦ

122 1484 260 1591 πατρὸς
277 1484 458 1586 δυνάμεως
475 1489 534 1565 καὶ
547 1485 693 1592 σοφίας,
704 1484 870 1566 τουτέστι
886 1494 951 1566 τοῦ
966 1490 1052 1584 υἱοῦ,
1069 1495 1176 1566 πνεῦ-

76 1612 177 1716 ιομό
195 1617 306 1713 ἐστιν,
325 1612 412 1694 αὐτὸ
431 1611 554 1718 χρῆμά
571 1615 651 1693 ἐστι
668 1614 786 1719 σοφία
803 1617 863 1694 καὶ
881 1613 1039 1716 δυνάμις.

615 1853 681 1928 ΙΑ.

187 1996 261 2073 Καὶ
278 1989 396 2093 ἐπειδὴ
420 1991 516 2072 θεὸν
538 1991 712 2074 ἐνωθέντα
736 1992 847 2093 σαρκὶ
869 1990 946 2069 καθ
974 1988 1179 2070 ὑπόστασιν

126 2120 150 2219 ἡ
178 2120 265 2222 ἁγία
290 2118 466 2223 παρθένος
493 2119 651 2199 ἐκτέτοκε
678 2123 870 2222 σαρκικιῦς,
896 2116 1009 2222 ταύτῃ
1036 2150 1093 2197 τοι
1119 2121 1179 2198 καὶ

79 2291 93 2331 ι
99 2243 295 2349 5θεοτόκον
322 2241 412 2326 εἶναί
430 2253 550 2352 φαμεν
573 2242 694 2346 αὐτὴν,
720 2246 786 2350 οὐχ
810 2247 858 2329 ὡς
884 2247 950 2344 τῆς
975 2252 1040 2323 τοῦ
1066 2242 1180 2348 λόγου

128 2371 275 2481 φύσεως
298 2368 365 2472 τὴν
387 2375 450 2472 τῆς
475 2371 659 2480 ὑπάρξεως
682 2369 797 2477 ἀρχὴν
814 2368 968 2476 ἐχούσης
985 2368 1059 2452 ἀπὸ
1081 2406 1176 2475 σαρ-

128 2496 203 2584 κός·
232 2495 279 2596 ἦν
305 2495 379 2602 γὰρ
405 2500 443 2578 ἐν
468 2501 575 2605 ἀρχῇ,
602 2501 660 2580 καὶ
683 2497 778 2584 θεὸς
804 2497 850 2598 ἦν
877 2501 897 2578 ὁ
925 2496 1045 2600 λόγος,
1071 2500 1130 2578 καὶ
1158 2499 1179 2578 ὃ

128 2623 241 2728 λόγος
259 2623 303 2725 ἦν
320 2623 411 2727 πρὸς
429 2621 493 2705 τόν
511 2623 607 2706 θεόν
614 2624 639 2670 ¹’·
668 2629 727 2707 καὶ
740 2623 845 2711 αὐτός
860 2628 940 2707 ἐστι
952 2631 1026 2706 τῶν
1044 2624 1181 2705 αἰώνων

130 2754 151 2832 ὁ
181 2750 340 2852 ποιητὴς,
367 2751 547 2838 συναΐδιος
574 2759 627 2862 τῷ
657 2756 778 2857 πατρὶ,
801 2756 860 2833 καὶ
888 2760 962 2833 τῶν
990 2751 1088 2832 ὅλων
1113 2757 1177 2854 δη·

82 2877 313 2982 ,ομιουργόσ
344 2882 427 2958 ἀλλ’
449 2883 497 2964 ὡς
515 2881 583 2981 ἤδη
607 2884 834 2986 προείπομεν,
852 2878 971 2980 ἐπειδὴ
990 2881 1068 2961 καθ
1088 2881 1178 2960 ῦπα-

130 3040 267 3086 στασιν
284 3006 421 3090 ἐνώσας
443 3007 556 3115 ἐαυτῷ
577 3005 620 3088 τὸ
647 3007 881 3111 ἀνθρώπινον,
900 3009 958 3088 καὶ
980 3009 1022 3087 ἐκ
1045 3004 1183 3112 μήτρας

132 3136 242 3232 αῦτῆς
268 3135 437 3236 γε’ννησιν
461 3135 622 3233 ὑπέμεινε
649 3134 836 3240 σαρκαςήν·
870 3135 938 3239 οὐχ
973 3138 1023 3219 ὡς
1051 3139 1184 3237 δεηθεὶς

132 3261 343 3363 ἀναγκαίως,
367 3259 447 3361 ἤτοι
472 3260 531 3341 διὰ
558 3260 624 3361 τὴν
652 3264 744 3342 ἰδίαν
772 3262 896 3367 φύσιν,
914 3265 978 3360 τῆς
1005 3265 1043 3342 ἐν
1065 3262 1184 3372 χρόνῳ

132 3392 191 3469 καὶ
201 3390 239 3467 ἐν
253 3384 419 3493 ἐσχάτοις
434 3396 498 3467 τοῦ
512 3393 637 3474 αἰῶνος
652 3396 784 3492 καιροῖς
795 3386 1007 3492 γεννήσεως·
1028 3391 1185 3471 ἀλλ’ἵνα

85 3557 122 3620 25
134 3520 192 3597 καὶ
209 3513 320 3616 αὐτὴν
337 3520 401 3616 τῆς
426 3515 610 3624 ὑπάρξεως
632 3517 732 3616 ἡμῶν
758 3513 944 3622 εὐλογῆση
966 3514 1032 3615 τὴν
1058 3517 1184 3622 ἀρχὴν,

133 3646 193 3724 καὶ
216 3643 388 3742 τεκούσης
415 3641 582 3745 γυναικὸς
610 3641 717 3724 αὑτὸν
745 3643 919 3724 ἐνωθέντα
941 3645 1062 3745 σαρκὶ,
1086 3646 1181 3726 παιί·

134 3803 245 3870 σηται
272 3767 403 3850 λοιπὸν
424 3769 447 3868 ἦ
475 3768 567 3850 κατὰ
591 3769 726 3856 παντὸς
749 3770 958 3872 τοῦγένους
982 3769 1062 3874 ἆρᾶ,
1089 3772 1182 3872 πέμ-

135 3931 260 3980 ποοσα
283 3894 376 4000 πρὸς
400 3893 553 3977 θάνατον
577 3897 624 3978 τὰ
648 3900 687 3978 ἐκ
712 3903 780 4000 γῆς
807 3899 908 3998 ἡμῶν
931 3897 1097 3998 σώματα·
1128 3905 1187 3982 καὶ

136 4021 189 4122 τῦ,
214 4025 252 4102 ἐν
276 4022 407 4106 λόπαις
425 4023 511 4132 τέξη
534 4023 670 4122 τέκναῦ,
690 4027 732 4104 δι’
762 4024 870 4104 αὐτοῦ
889 4025 1187 4128 καταργοῦμνον,

222 4199 336 4262 ῑῦοοο.
349 4203 408 4260 xvi.
428 4221 473 4276 14.
601 4201 705 4260 bId.i.
727 4221 750 4259 1.
884 4203 986 4263 ‘Gom
1001 4203 1042 4262 iii.
1061 4205 1106 4262 16.
