2867 4817
303 250 346 315 72
717 254 936 321 CANONES

356 423 489 502 Δικαία
519 424 542 524 ἡ
569 425 686 527 κρίσις
713 434 787 507 τῶν
807 428 981 531 πατέρων.
1022 429 1153 515 πάντες
1185 431 1231 512 τὰ
1263 434 1366 515 αι’ττὰ

302 548 464 651 λέγομεν·
493 554 527 629 οἱ
552 551 702 655 πατέρες
731 555 871 639 δικαίως
901 556 1144 663 ἐψηφίσαντο·
1174 560 1197 659 ἡ
1224 564 1365 669 ψῆφος

301 682 375 755 τῶν
392 678 682 781 άρχιεπισκόπων
700 683 883 785 κρατείτω.

356 807 407 883 Oi
433 807 814 908 μεγαλοπρατέστατοι
839 813 898 890 καὶ
927 807 1155 918 ἐνδοξότατα
1182 812 1363 920 ἄρχοντες

301 926 412 1010 εἷπον·
1369 962 1388 1022 5

355 1055 415 1138 Τὰ
443 1059 625 1163 ἀρέσαντα
656 1066 701 1166 τῇ
734 1062 821 1169 ἁγίᾳ
853 1062 995 1170 συνόδῳ
1033 1070 1081 1149 εἰς
1114 1066 1178 1146 τὸν
1209 1065 1359 1149 ἅπαντα

298 1183 429 1290 χρόνον
445 1187 578 1283 βέβαια
596 1186 847 1295 φυλαττέσθω.

692 1408 959 1485 (ναοοοουο.)

354 1543 462 1619 ΤΗΣ
480 1540 588 1639 αὐτῆς
616 1539 720 1641 ἁγίας
745 1537 900 1621 συνόδου
926 1542 964 1620 ἐκ
983 1545 1046 1640 τῆς
1063 1541 1233 1647 τετάρτης
1250 1546 1349 1650 πρά-

299 1665 399 1773 ξεως,
429 1666 514 1746 ἔνθα
543 1673 730 1747 σκοιτεῖται
762 1664 804 1747 τὸ
834 1666 1033 1774 κεφάλαιον
1064 1666 1106 1749 τὸ
1138 1670 1231 1750 κατὰ
1267 1674 1354 1760 τοὺς
1369 1708 1407 1748 ro

296 1792 513 1878 ἐπισκόπους
531 1793 613 1879 τούς
632 1793 829 1897 Αἰγύπτου.

353 1927 403 2002 Oi
419 1922 800 2025 μεγαλοπρατέστατοι
827 1924 886 2003 καὶ
914 1921 1141 2030 ἐνδοξότατοι
1159 1927 1348 2032 ἄρχοντες,

296 2057 354 2135 καὶ
372 2054 395 2153 ἡ
413 2049 596 2159 ὑπερφυὴς
613 2051 822 2154 σύγκλητος
839 2046 947 2133 εἷπον·

680 2293 885 2369 ΚΑΝΩΝ
914 2294 958 2371 Λ.

349 2433 496 2535 Ἐπειδὴ
516 2440 549 2515 οἱ
567 2432 827 2528 εύλαβέστατοι
850 2435 1041 2514 ἐπίσκοποι
1064 2440 1128 2535 τῆς
1146 2436 1349 2540 Αἰγύπτου,
1362 2460 1399 2520 ¹5

295 2566 363 2672 οόχ
389 2565 437 2648 ὡς
463 2560 658 2669 μαχόμενοι
689 2566 735 2667 τῇ
763 2567 937 2667 καθολικῇ
969 2561 1100 2660 πίστει,
1132 2564 1347 2673 ὑπογράφω

294 2699 340 2798 τῇ
363 2694 541 2795 ἐπιστολῇ
568 2696 632 2769 τοῦ
660 2688 860 2769 ὁσιωτάτου
887 2688 1172 2793 άρχιεπισκόττου
1191 2691 1348 2780 Λέοντος

293 2822 352 2900 ἐπὶ
385 2827 449 2899 τοῦ
487 2814 665 2921 παρόντος
707 2816 968 2913 ἀνεβάλλοντο,
1003 2816 1104 2897 ἀλλὰ
1140 2816 1348 2925 φάσκοντες

294 2946 373 3032 ἔθος
391 2943 478 3027 εἶναι
499 2948 537 3026 ἐν
553 2951 599 3050 τῇ
618 2949 843 3050 Αίγυπτιακῇ
871 2942 1042 3043 διοντήσει
1069 2944 1170 3050 παρὰ
1196 2948 1346 3051 γνάμην

321 3210 342 3269 J
344 3219 443 3270 ustum
453 3220 498 3269 cst
505 3209 650 3289 judicium
662 3218 793 3289 potrum:
876 3208 1159 3287 Magnificentissimi
1168 3221 1199 3270 ct
1204 3209 1343 3271 illustris.

293 3313 346 3352 nos
367 3311 466 3351 omnes
486 3290 563 3350 idem
579 3290 721 3351 dicimus:
744 3309 795 3367 ps·
836 3289 902 3351 simi
917 3289 1072 3368 principes,
1084 3310 1138 3350 nec
1151 3310 1212 3350 non
1225 3294 1343 3373 egregio

293 3384 353 3433 tres
373 3373 441 3451 jure
462 3372 670 3432 decreverunt:
693 3370 795 3429 suffro-
837 3370 947 3437 concio,
962 3370 1118 3430 dixerunt:

291 3455 373 3533 giam
387 3453 668 3546 archiepiscoporum
682 3450 787 3510 voleat.

332 3531 796 3612 Magnificentisssmictillustris·
948 3562 1101 3624 CANON
1124 3566 1218 3626 XXX

291 3615 358 3676 simi
373 3614 518 3694 principes
530 3612 687 3672 dixerunt:
1219 3612 1227 3627 ⁰

333 3696 408 3769 Quo
430 3704 536 3755 sanae
558 3693 670 3773 synodo
693 3692 794 3772 plscu-
876 3694 1024 3767 Quoniam
1052 3697 1260 3776 religiosissimi
1286 3700 1338 3758 AE.

292 3786 389 3847 crunt,
406 3776 485 3834 omni
507 3785 638 3853 tempore
659 3776 743 3833 firmo
763 3785 794 3834 et
834 3776 917 3856 gypti
931 3777 1060 3857 episcopi
1075 3798 1134 3837 non
1145 3789 1179 3838 ut
1190 3778 1337 3837 catholico

292 3858 560 3937 fixspermsnesot.
835 3856 902 3915 fidei
937 3856 1131 3925 adversantes,
1164 3859 1337 3918 sanctissimi

332 3937 475 4016 Ejusdem
506 3946 613 3996 sonctrc
646 3935 750 4015 synodi
777 3956 794 3995 e
835 3936 1043 4019 archiepiscopi
1071 3939 1179 3997 Leonis
1206 3938 1337 4018 epistolae

290 4029 394 4099 qusrts
407 4018 532 4087 actione,
546 4017 594 4076 ubi
609 4016 794 4077 consideran.
834 4018 1014 4078 subscribere
1030 4018 1210 4087 differebant,
1225 4019 1278 4079 sed
1291 4019 1336 4077 di·

290 4101 328 4160 do
348 4109 393 4159 est
411 4118 532 4163 summo,
547 4118 612 4175 (γοα
632 4098 793 4158 secundum
834 4110 934 4159 centes
961 4101 991 4157 in
1013 4100 1185 4177 AEgyptiaco
1208 4099 1336 4172 dioecesi,

289 4182 442 4262 episcopos
455 4179 586 4259 AEgypti.
834 4180 908 4239 hsnc
935 4200 997 4240 osse
1025 4182 1276 4249 consuetudinem.
1302 4195 1337 4243 ut
