2867 4817
296 320 362 385 DE
386 315 789 383 PRAESCRIPTIONE
814 316 942 383 ΗΕΒ.
1083 310 1143 381 151

141 494 213 567 His
238 494 506 567 definitionibus
534 502 736 587 provocatae
761 518 784 565 a
808 494 910 564 nobis
939 500 977 563 et
1004 494 1145 565 revictae
1190 514 1274 565 can.

91 615 246 685 haeresea
272 634 397 685 omnes
422 612 512 704 (sive
536 635 618 705 quae
646 620 810 705 posterae,
840 612 915 683 sive
944 634 1026 704 quae
1055 634 1146 682 ooae-
1178 579 1288 630 ων·

90 742 207 802 taneae
232 729 488 823 apostolorum,
517 730 711 800 dummodo
739 730 907 813 diversae;
938 731 1012 800 sive
1041 752 1147 824 gene-

92 847 225 930 raliter,
260 848 336 917 sive
373 845 575 940 specialiter
605 856 740 917 notatae
777 846 822 915 ab
858 848 918 928 eis,
954 845 1147 916 dummodo

66 965 367 1057 5praedamnatae)
384 963 539 1034 audeant
558 964 771 1055 respondere
793 960 885 1057 (sor.
907 964 1092 1056 reponere)
1110 972 1148 1033 et

93 1082 181 1173 ipsae
210 1079 350 1172 aliquas
378 1079 552 1173 ejusmodi
582 1080 861 1173 praescriptiones
886 1080 1053 1151 adversus
1087 1102 1149 1149 no-

94 1204 205 1267 stram
229 1196 464 1290 disciplinam.
516 1194 556 1266 Si
579 1196 675 1266 enim
697 1203 830 1291 negant
853 1197 1039 1268 veritatem
1062 1198 1148 1289 ejus

95 1313 231 1386 debent
261 1313 411 1406 probare
436 1311 535 1383 illam
560 1335 702 1405 quoque
724 1312 887 1383 haeresim
912 1334 998 1397 esse,
1024 1314 1150 1385 eadem

96 1434 212 1503 forma
232 1433 416 1513 revictam,
433 1452 504 1523 qua
523 1431 610 1523 ipsae
630 1431 879 1513 revincuntur3
906 1438 944 1501 et
965 1433 1151 1502 ostendere

51 1548 216 1631 rosimnl,
232 1547 381 1618 ubinam
397 1546 589 1639 quaerenda
610 1546 657 1616 sit
673 1546 815 1630 veritas,
832 1568 939 1638 quem
962 1546 1056 1639 apud
1073 1544 1151 1617 illas

96 1689 169 1737 non
186 1688 267 1736 esse
277 1666 356 1758 jam
372 1671 522 1735 constat.
575 1662 755 1735 Posterior
770 1670 891 1733 nostra
913 1685 968 1734 res
986 1686 1058 1733 non
1075 1670 1149 1734 est:

96 1784 210 1853 immo
240 1781 407 1853 omnibus
435 1781 530 1873 prior
566 1788 631 1851 est.
683 1778 766 1850 Hoc
800 1781 868 1849 erit
907 1781 1151 1851 testimonium

95 1901 261 1972 veritatis
286 1898 421 1991 ubique
447 1899 651 1991 occupantis
675 1898 923 1990 principatum.
975 1898 1081 1983 Quod
1107 1898 1152 1971 ab

94 2015 271 2109 apostolis
303 2015 429 2106 utique
458 2036 530 2083 non
559 2014 757 2096 damnatur,
787 2015 897 2084 immo
930 2014 1152 2100 defenditur3

52 2134 169 2215 15l100
205 2133 276 2203 erit
310 2130 482 2201 indicium
510 2131 745 2223 proprietatis.
807 2130 925 2215 Quam
955 2133 1050 2203 enim
1081 2156 1153 2202 non

95 2252 274 2321 damnant
290 2249 351 2341 qui
364 2256 571 2319 extraneam
583 2270 761 2340 quemque
773 2249 1039 2333 damnaverunt,
1053 2270 1153 2319 suam

96 2367 307 2449 ostendunt,
322 2366 475 2457 ideoque
490 2374 529 2435 et
544 2365 751 2436 defendunt.

149 2482 236 2578 Age
254 2484 333 2575 jam
358 2483 420 2574 qui
444 2480 542 2551 voles
567 2483 809 2553 curiositatem
833 2482 962 2553 melius
987 2506 1153 2555 exercere
1177 2494 1294 2611 &a

98 2602 138 2671 in
166 2599 316 2693 negotio
342 2597 466 2669 salutis
490 2607 587 2682 tuae3
625 2621 791 2692 percurre
820 2599 986 2672 ecclesias
1015 2611 1155 2696 aposto·
1296 2594 1303 2609 ’

54 2716 209 2789 zolicas:
234 2716 331 2810 apud
353 2720 441 2808 q'uas
462 2717 550 2809 ipsae
575 2716 691 2786 adhuc
716 2716 893 2789 cathedrae
915 2720 1155 2812 apostolorum

99 2837 174 2909 siris
205 2834 294 2905 locis
326 2834 540 2927 praesident3
577 2834 672 2926 apud
705 2856 792 2926 quas
821 2836 909 2929 ipsas
939 2838 1156 2909 authenticae

100 2954 237 3024 litterae
258 2974 381 3022 comm
404 2950 609 3035 recitantur,
631 2960 797 3023 sonantes
817 2976 952 3038 rocem,
970 2964 1008 3025 et
1027 2980 1157 3049 reprae-

101 3077 288 3141 sentantes
314 3069 442 3139 faciem
470 3068 756 3163 uniuscujusque.
809 3067 978 3144 Proxima
1006 3082 1061 3144 est
1089 3074 1156 3144 tibi

101 3186 269 3260 Achaia?
285 3185 396 3257 habes
413 3185 636 3257 Corinthum.
670 3184 711 3257 Si
728 3209 800 3257 non
816 3186 923 3283 longe
940 3212 978 3261 es
994 3214 1016 3262 a
1033 3190 1157 3263 Mace-

56 3308 222 3390 25donia,
242 3304 353 3375 habes
378 3302 571 3397 Philippos,
593 3302 703 3375 habes
727 3304 1065 3381 rlhessalonicenses.
1118 3308 1157 3381 Si

101 3434 209 3519 potes
224 3424 264 3492 in
286 3421 413 3493 Asiam
432 3421 590 3503 tendere,
607 3420 717 3492 habes
739 3420 932 3515 Ephesum.
976 3426 1014 3498 Si
1036 3436 1158 3499 autem

104 3542 225 3613 Italiae
257 3540 407 3631 adjaces,
432 3538 543 3610 hahes
572 3538 735 3623 Romam,
762 3540 857 3611 unde
887 3542 988 3615 nobis
1018 3568 1159 3639 quoqne

103 3658 302 3730 auctoutas
336 3663 468 3749 praesto
501 3662 566 3726 est.
620 3654 696 3726 Ista
730 3678 838 3748 quam
872 3657 959 3730 felix
989 3660 1156 3732 ecclesia!

103 3778 164 3847 cni
199 3782 318 3845 totam
353 3772 551 3843 doctrinam
583 3772 734 3865 apostoli
769 3796 852 3845 oum
892 3778 1062 3871 sanguine
1096 3801 1160 3850 suo

60 3891 363 3986 30proiuderunt:
405 3888 468 3959 nbi
506 3888 634 3960 Petrus
672 3890 826 3983 passioni
866 3891 1066 3965 Dominicae
1099 3896 1160 3967 ad-

106 4019 290 4103 oeqimtur:
318 4007 382 4079 ubi
408 4004 541 4077 Paulus
565 4005 714 4079 Joannis
740 4010 840 4079 exitu
866 4020 1072 4084 coronatur:
1098 4014 1160 4085 ubi

107 4126 290 4221 apostolus
323 4124 481 4196 Joannes
508 4120 769 4218 posteaquam
799 4129 837 4197 iu
868 4127 987 4200 oleum
1016 4132 1161 4225 igneum

111 4244 292 4317 demersus
326 4240 417 4315 nihil
449 4264 572 4335 passm
605 4251 671 4325 est,
704 4245 742 4313 in
776 4242 927 4316 insulam
961 4246 1161 4343 relegatum
