2867 4817
260 260 304 322 20
392 258 424 322 S.
445 255 649 322 CYRILLI
673 255 820 320 ALEX.
844 257 911 320 AD
935 253 1224 320 NESTORIUM

261 428 474 530 δὲμᾶλλον,
492 426 560 536 κᾷν
583 429 768 534 ὁμολογῇς
794 434 841 534 τῇ
865 436 970 535 φωνῇ
991 427 1058 529 τὴν
1076 427 1190 534 λέξιν.
1218 423 1326 507 ἀλλά

261 554 334 660 γὰρ
351 554 550 636 ἀκόλουθον
567 553 760 662 ἐγγράφως
785 561 845 637 καὶ
867 555 1050 656 ἐνωμότως
1079 557 1326 658 ὁμολογῆσαι,

263 682 318 764 ὅτι
336 687 395 764 καὶ
412 682 673 786 ἀναθεματιζεις
686 682 752 784 μέν
769 683 816 764 τά
829 683 941 788 μιαρὸ
952 692 1090 764 σαυτοῦ
1105 686 1164 763 καὶ
1177 681 1329 782 βέβηλα

263 808 438 913 δόγματα·
480 806 673 916 φρονήσεις
708 808 747 890 δὲ
781 814 841 891 καὶ
874 809 1037 917 διδάξεις,
1070 807 1096 890 ἀ
1131 811 1191 890 καὶ
1223 809 1329 910 ἡμεῖς

263 934 405 1034 πάντες,
431 936 529 1016 οἵτε
557 935 649 1016 κατά
667 934 734 1037 τὴν
760 938 919 1042 ἐσπέραν
941 941 1001 1018 καὶ
1027 935 1094 1037 τὴν
1120 934 1214 1044 ἐφαν
1241 936 1326 1017 ἐπί·
1335 982 1356 1042 5

267 1098 412 1162 σκοποι,
437 1066 496 1144 καὶ
518 1062 742 1163 διδάσκαλοι,
774 1067 833 1145 καὶ
862 1071 963 1145 λαῶν
990 1062 1190 1167 ἡγούμενοι·
1227 1097 1328 1143 σνν-

266 1191 365 1273 ἐθετο
391 1189 429 1271 δέ
451 1195 510 1272 καὶ
537 1193 561 1292 ἦ
589 1189 682 1273 κατά
705 1190 773 1294 τὴν
794 1192 942 1293 Ῥώμην
969 1193 1055 1294 άγία
1083 1191 1251 1289 σύνοδος,
1266 1193 1331 1271 καὶ

266 1320 367 1419 ἡμεῖς
391 1316 555 1418 ἅπαντες,
569 1321 623 1414 Ιὡς
647 1321 763 1423 ὀρθῶς
790 1318 956 1424 ἐχούσαις
980 1323 1040 1400 καὶ
1062 1319 1332 1418 ἀνεπιλήπτως,

268 1454 345 1530 ταῖς
362 1446 579 1552 γραφείσαις
606 1449 817 1531 ἐπιστολαῖς
838 1445 929 1549 πρὸς
947 1444 1013 1546 τὴν
1038 1444 1111 1544 σὴν
1134 1444 1332 1541 εὐλάβειαν

267 1572 367 1677 παρὰ
398 1577 462 1673 τῆς
493 1572 766 1680 Ἀλεξανδρέων
794 1575 1001 1675 ἐκκλησίας.
1037 1572 1264 1679 ὑπετάξαμεν
1288 1570 1332 1653 δέ
1345 1615 1381 1654 ιο

268 1700 406 1784 τούτοις
433 1701 535 1801 ἡμῶν
561 1708 636 1785 τοῖς
664 1698 878 1804 γράμμασιν
902 1700 928 1780 ἀ
956 1735 996 1781 τε
1025 1705 1081 1782 δεῖ
1103 1707 1250 1806 φρονεῖν
1267 1706 1332 1782 καὶ

270 1827 463 1928 διδάσκον,
481 1831 540 1909 καὶ
558 1825 610 1909 ὧν
626 1829 826 1933 ἀπέχεσθαι
846 1827 1034 1934 προσήκει.
1064 1830 1154 1929 αῦτη
1171 1825 1246 1932 γάρ
1263 1833 1333 1929 τῆς

273 1961 465 2057 καθολικῆς
493 1959 552 2038 καὶ
582 1960 838 2058 οἰποοπολνκῖγςΙ
857 1958 1050 2056 ἐκκλησίαις
1082 1957 1105 2056 ἦ
1139 1957 1274 2054 πίστις,
1303 1946 1332 2062 ᾖ

272 2092 505 2165 συναινοῦσιν
524 2081 678 2169 ἅπαντες
699 2085 791 2165 οἵτε
813 2083 906 2165 κατά
923 2083 990 2186 τὴν
1007 2084 1165 2188 ἑσπέραν
1182 2086 1242 2164 καὶ
1261 2081 1334 2184 τὴν

273 2211 364 2320 ἔφαν
382 2209 569 2320 ὀρθόδοξοι
587 2212 791 2294 ἐπίσκοποι.
1348 2244 1381 2305 ι5

785 2427 828 2504 Γ.

319 2582 557 2683 *Πιοπεύομεν
582 2588 632 2668 είς
663 2583 726 2664 ἕνα
754 2582 851 2664 Θεὸν
881 2582 1020 2686 πατέρα
1045 2581 1335 2687 παντοκράτορα,

275 2708 420 2791 πάντων
438 2711 577 2812 ὁρατῶν
600 2744 638 2790 τε
662 2712 722 2791 καὶ
743 2709 906 2815 ἀοράτων
928 2709 1091 2811 ποιητήν·
1117 2713 1177 2791 καὶ
1197 2715 1247 2794 εἰς
1269 2710 1338 2789 ἕνα

276 2836 395 2941 κύριον
412 2838 556 2936 Ἰησοῦν
574 2836 755 2941 Χριστὸν,
775 2835 839 2919 τὸν
857 2837 932 2918 υἱὸν
949 2847 1013 2917 τοῦ
1032 2842 1127 2918 Θεοῦ
1141 2836 1206 2918 τὸν
1217 2871 1332 2938 μονο-

275 2969 372 3068 γενῆ,
402 2963 616 3067 γεννηθείιτα
645 2968 684 3044 ἐκ
715 2972 780 3044 τοῦ
805 2963 954 3070 πατρὸς,
982 2965 1168 3045 τοιττέστιν
1199 2967 1239 3045 ἐκ
1267 2968 1388 3064 τῖγςω

277 3093 402 3176 οὐσίας
430 3099 494 3171 τοῦ
523 3090 669 3198 πατρός·
699 3090 795 3173 Θεὸν
818 3094 857 3173 ἐκ
888 3096 994 3188 Θεοῦ,
1027 3096 1108 3198 φῦς
1132 3094 1171 3172 ἐκ
1199 3089 1336 3200 φωτὸς»

279 3219 374 3302 Θεὸν
406 3217 577 3320 ἀληθινὸν
608 3221 647 3300 ἐκ
680 3224 776 3300 Θεοῦ
805 3223 989 3320 ἀληθινοῦ·
1034 3219 1258 3322 γεννηθέντα,
1291 3221 1337 3300 οὐ

278 3346 480 3448 ποιηθέντα,
499 3345 691 3446 όμοούσιον
707 3353 759 3455 τῷ
776 3348 899 3450 πατρί·
925 3348 968 3427 δι’
991 3346 1033 3426 οῦ
1051 3345 1097 3426 τά
1113 3346 1234 3427 πάντα
1251 3348 1332 3450 ἐγέ·

282 3509 372 3576 νετο,
393 3473 440 3554 τά
463 3508 502 3555 τε
531 3477 570 3554 ἐν
598 3479 650 3582 τῷ
674 3476 813 3583 οὐρανῷ
837 3478 896 3555 καὶ
918 3472 965 3554 τά
981 3477 1020 3553 ἐν
1049 3507 1095 3580 τη
1117 3503 1180 3579 γη
1206 3471 1272 3554 τὸν
1289 3475 1333 3554 δι’

282 3602 375 3702 ἡμᾶς
392 3599 474 3686 τούς
491 3601 710 3704 ἀνθρώπους,
724 3604 782 3682 καὶ
800 3600 859 3682 διά
875 3599 942 3702 τὴν
958 3601 1132 3703 ἡμετέραν
1150 3599 1335 3705 σωτηρίαν
1346 3646 1385 3706 25

282 3728 514 3822 κατελθόντα,
542 3733 601 3809 καὶ
631 3729 873 3834 σαρκωθεῦτα,
905 3731 964 3809 καὶ
994 3725 1334 3832 ἐνανθροπτὴσαντα·

283 3855 446 3939 παθόντα
457 3859 516 3937 καὶ
530 3855 740 3937 ἀναστάντα
756 3863 801 3963 τῇ
818 3858 920 3963 τρίτη
932 3855 1056 3964 ἡμέρρ
1075 3855 1276 3937 ἀνελθόντα
1286 3861 1336 3942 είς

283 3982 366 4069 τούς
391 3981 569 4089 οὐρανοὺς,
592 3983 785 4090 ἐρχόμενον
802 3991 917 4090 κρῖναι
942 3984 1075 4088 ζῶντας
1099 3987 1159 4064 καὶ
1176 3984 1331 4088 νεκρούς.

284 4113 343 4193 καὶ
366 4115 414 4195 εἰς
438 4109 480 4191 τὸ
506 4119 645 4212 πνεῦμα
673 4111 715 4193 τὸ
741 4110 856 4216 ἅγιον.
887 4109 970 4197 τούς
999 4111 1039 4193 δέ
1063 4113 1248 4216 λε’γοντας·
1291 4108 1335 4210 ἦν
