2867 4817
286 327 350 393 270
457 327 657 391 ARNOBII
681 328 931 395 ADVERSUS
954 330 1144 395 GENTES

284 523 424 592 cunque
458 508 541 571 sunt
575 502 857 573 moderatorem?
900 502 983 596 Ipsa
1009 504 1164 597 deniqne
1194 506 1335 577 hiscere

276 617 314 689 -si
343 618 535 691 animantia
563 626 664 689 muta
696 619 790 712 potis
821 629 959 691 emant:
993 622 1022 691 si
1055 623 1094 691 in
1125 621 1336 717 linguarum

284 744 482 805 nostrarum
504 733 712 805 facilitatem
732 734 830 819 solvi,
849 736 959 806 immo'
979 739 1009 807 si
1032 738 1186 821 arbores,
1206 739 1336 833 gleba,

277 875 378 935 saxa,
395 860 498 923 sensu
524 852 678 923 animata
703 852 803 923 vitali
828 854 923 924 vocis
946 856 1102 925 sonitum
1125 857 1277 947 quirent
1300 864 1338 925 et

276 970 471 1039 ¹verborum
497 967 663 1041 articulos
687 968 873 1062 integrare,
898 970 950 1040 ita
975 994 1046 1041 non
1071 971 1164 1041 duce
1194 981 1336 1051 natura.

285 1096 323 1157 et
355 1085 532 1179 magistra,
566 1106 636 1154 non
670 1085 881 1178 incorrupta
913 1086 1150 1180 simplicitatis
1181 1089 1267 1169 fide,
1298 1098 1337 1158 et

173 1252 176 1259 -
279 1202 525 1295 'intelligerent
561 1223 637 1273 essa
667 1200 798 1285 Deum,
827 1212 866 1273 et
900 1210 1108 1275 cunctorum
1144 1207 1336 1276 domiuum

276 1319 399 1391 solnm
417 1340 494 1389 esse
511 1318 728 1389 clamarent?

328 1435 515 1507 XXXIV.
538 1435 611 1507 Sed
634 1436 773 1519 frustra,
793 1437 919 1528 inquit,
936 1458 1001 1507 nos
1020 1436 1119 1518 falso,
1135 1447 1175 1507 et
1196 1438 1336 1509 calum·

285 1556 383 1625 uioso
400 1553 572 1623 incessitis
589 1560 627 1624 et
646 1554 813 1646 appetitis
829 1554 997 1624 crimine:
1023 1564 1194 1645 tanquam
1208 1579 1334 1626 eamus

284 1670 417 1741 inficias
443 1692 518 1740 esse
544 1669 663 1741 Deum
688 1671 876 1763 majorem:
902 1693 984 1741 curn
1007 1694 1030 1740 a
1054 1670 1156 1741 nobis
1178 1680 1221 1741 et
1243 1672 1335 1764 Jup

285 1790 377 1883 piter
396 1789 608 1869 nominetur,
636 1793 674 1859 et
695 1786 849 1879 optimus
873 1786 1046 1860 habeatur
1068 1796 1107 1856 et
1127 1789 1333 1859 maximus:

285 1930 436 1998 cumque
466 1904 518 1975 illi
548 1904 813 1999 augustissimas
841 1903 950 1985 sedes
985 1914 1023 1974 et
1051 1902 1220 1997 capitolia
1250 1928 1335 1977 con·

285 2024 503 2095 stituerimus
524 2022 700 2093 immania.
753 2019 946 2091 Dissimilia
965 2019 1139 2113 copulare,
1161 2032 1275 2115 atque
1296 2024 1334 2093 in

284 2162 392 2209 unam
415 2140 567 2232 speciem
591 2138 885 2232 cogere-inducta
910 2136 1116 2207 contusione
1140 2140 1333 2210 conamini.

287 2256 384 2329 Nam
422 2256 521 2327 Deus
554 2256 777 2349 omnipotens
814 2264 935 2325 mente
971 2277 1043 2327 una
1081 2256 1255 2339 omnium,
1294 2268 1333 2327 et

285 2375 464 2447 communi
485 2372 710 2445 mortalitatis
733 2394 885 2453 assensu,
903 2394 1019 2463 neque
1042 2373 1184 2465 genitus
1207 2376 1332 2455 scitur,

278 2514 399 2583 neque
418 2514 547 2561 novam
568 2491 605 2560 in
627 2491 744 2561 lucem
764 2489 951 2582 aliquando
974 2512 1051 2561 esse
1075 2490 1244 2583 prolatus.
1263 2516 1332 2563 nec

284 2632 329 2679 ex
347 2608 465 2700 aliquo
482 2616 642 2700 tempore
659 2605 806 2699 coepisse
822 2628 907 2688 esse,
926 2604 983 2675 vel
999 2604 1136 2677 aaeculo.
1171 2606 1258 2699 Ipse
1275 2620 1333 2681 est

284 2726 379 2797 enim
410 2724 487 2795 fons
517 2748 644 2806 rerum,
674 2732 770 2795 sator
802 2721 1009 2793 seculorum
1042 2745 1084 2792 ac
1112 2732 1330 2816 temporum.

287 2842 372 2913 Non
389 2842 484 2912 enim
501 2844 577 2934 ipsa
592 2864 655 2934 per
671 2864 708 2911 ae
726 2848 817 2922 sunt,
835 2839 898 2909 sed
915 2862 961 2909 ex
981 2840 1057 2931 ejus
1078 2842 1332 2932 perpetuitate,

285 2972 465 3053 perpetua,
499 2968 537 3028 et
570 2957 708 3028 infinita
740 2978 879 3050 semper
907 2956 1172 3026 continuatione
1205 2980 1334 3049 proce-

276 3081 384 3149 dunt.
436 3074 489 3147 At
515 3099 598 3146 vero
623 3074 790 3169 Juppiter
815 3074 872 3164 (ut
899 3096 959 3145 vos
984 3074 1098 3167 fertis)
1121 3082 1159 3145 et
1188 3084 1331 3166 patrem

283 3196 392 3265 habet
417 3202 454 3264 et
478 3202 639 3275 matrem,
662 3215 754 3273 avos,
783 3192 887 3275 avias,
913 3190 1060 3263 fratres:
1095 3214 1190 3262 nunc
1214 3216 1333 3286 nuper

284 3313 319 3381 in
345 3319 448 3381 utero
473 3310 595 3381 matris
624 3332 695 3381 suae
724 3309 905 3389 formatus,
934 3282 1117 3380 absolutus
1145 3310 1331 3381 mensibus

279 3441 321 3501 et
338 3435 601 3499 consummatus
619 3428 753 3509 decem,
770 3427 930 3520 ignotam
946 3426 1012 3496 sibi
1032 3428 1071 3496 in
1086 3425 1205 3497 lucem
1221 3448 1329 3498 sensu

283 3548 384 3617 irruit
401 3568 439 3616 se
456 3543 565 3615 vitali.
617 3542 722 3637 Ergo,
739 3544 769 3615 si
788 3542 864 3615 hac
884 3543 935 3613 ita
956 3552 1048 3626 sunt,
1066 3542 1235 3636 luppiter
1249 3566 1329 3613 ease

284 3663 383 3733 Deus
409 3662 469 3754 qui
496 3660 637 3753 potest?
663 3684 745 3731 cum
772 3658 874 3729 illum
901 3682 978 3730 esse
1004 3669 1214 3753 perpetuum
1241 3682 1327 3730 con-

284 3790 365 3863 stet,
391 3790 428 3851 et
453 3778 679 3872 perhibeatur
704 3777 794 3848 alter
818 3800 840 3846 a
865 3756 974 3859 tollis,
1000 3786 1039 3849 et
1063 3776 1138 3849 dies
1162 3776 1328 3848 habuisse

285 3896 429 3978 natales,
458 3906 495 3966 et
521 3894 725 3987 pavefactus
750 3918 788 3964 re
815 3916 906 3963 nova
935 3892 1199 3965 lamentabilem
1223 3904 1328 3964 extu·

285 4016 365 4087 lissa
383 4015 565 4109 vagitum?
1134 4072 1138 4079 .

335 4132 501 4204 XXXV.
527 4131 597 4201 Sed
620 4132 690 4199 sint
709 4129 765 4217 (ut
783 4130 903 4220 vultis)
920 4150 1043 4211 unum,
1062 4152 1128 4199 nee
1149 4130 1189 4199 in
1209 4128 1328 4221 eliqua

274 4249 317 4315 *vi
346 4248 508 4328 numinis,
527 4258 565 4317 et
589 4248 775 4338 majestate
799 4247 989 4317 distantes:
1015 4245 1141 4337 ecquid
1164 4268 1249 4339 ergo
1275 4247 1328 4315 iu·
