2867 4817
184 292 532 359 ALEXANDRINI
556 291 773 359 CONCILII
798 290 1047 356 EPISTOLA.
1097 291 1140 357 47

84 468 223 539 factum
246 490 324 540 ease
340 467 522 540 Christum
540 468 660 539 divina
679 468 853 562 aoriptura
872 474 1137 539 commemorat.

86 582 234 657 Obtulit
263 586 359 657 enim
389 587 620 679 semetipsum
650 608 714 679 pro
741 584 843 655 nobis
869 582 949 655 Deo
975 582 1074 655 Patri
1100 583 1267 668 inruat.

85 702 234 773 odorem
259 703 462 774 suavitatis:
490 703 521 773 ai
546 703 625 794 quis
651 724 736 795 ergo
761 701 967 794 pontificem
993 710 1031 771 et
1056 723 1140 795 apo·

86 817 223 889 stolum
249 827 410 890 nostrum
440 818 550 889 alium
575 818 708 889 dixerit
733 839 810 887 esee
839 817 984 901 fantum,
1014 826 1142 911 prater

51 954 199 1025 squam
220 934 338 1027 ipsum
362 931 483 1003 Deum
500 930 596 1029 (sor.
612 932 681 1004 hoe
702 930 858 1025 deiend.)
878 930 948 1003 Dei
965 930 1140 1013 Verbum,

87 1048 232 1142 quando
248 1048 384 1121 factum
402 1058 457 1120 eat
474 1072 567 1133 earo,
585 1058 624 1121 et
640 1048 837 1120 secundum
856 1070 921 1119 noa
943 1047 1061 1132 homo,
1079 1048 1140 1119 sed

86 1166 190 1258 quasi
206 1164 360 1236 aitemm
381 1172 514 1257 praeter
536 1165 652 1258 ipsum
669 1163 872 1257 specialiter
892 1164 1073 1235 hominem
1095 1186 1142 1235 ex

87 1280 261 1365 muliere3
286 1289 325 1353 et
341 1282 371 1352 ei
388 1282 467 1373 quie
484 1280 581 1365 dicit,
599 1282 682 1374 quia
698 1304 763 1374 pro
780 1302 819 1352 se
835 1279 968 1351 obtulit
987 1280 1142 1374 seipsum

88 1398 320 1482 oblationem,
337 1406 375 1469 et
400 1421 472 1468 non
493 1399 608 1492 magia
630 1420 694 1491 pro
717 1396 820 1469 nobis
843 1396 936 1480 solis,
953 1420 1025 1468 non
1045 1398 1142 1468 enim

34 1543 79 1583 ιο
88 1516 245 1610 indiguit
262 1514 442 1586 oblatione
464 1517 525 1607 qui
547 1523 736 1609 peecatum
761 1514 930 1599 neeoivit3
952 1514 1142 1587 anathema

89 1633 150 1703 ait.

143 1746 214 1817 XI.
233 1746 274 1819 Si
298 1747 378 1839 quie
402 1768 475 1816 non
499 1746 692 1818 confitetur
715 1768 859 1818 earnem
886 1744 1032 1818 Domini
1056 1748 1143 1819 rivi·

89 1864 285 1935 fieatrioem
306 1884 384 1933 esee
400 1870 583 1955 tamquam
605 1863 782 1957 propriam
804 1863 913 1957 ipsius
931 1861 1000 1935 Dei
1018 1862 1143 1948 Verbi,

89 1980 155 2051 aed
172 1978 272 2071 quasi
288 1978 434 2050 alterius
454 1979 652 2073 cujuspiam
673 1986 806 2073 praeter
823 1980 950 2072 ipsum,
964 1980 1143 2072 conjuncti

40 2132 53 2171 ι
60 2098 238 2190 5quidem
263 2096 460 2167 seeundum
484 2097 706 2191 dignitatem,
736 2104 800 2167 aut
829 2096 1024 2169 secundum
1049 2098 1144 2191 quod

91 2212 206 2284 solam
229 2212 386 2283 divinam
406 2210 702 2284 inhabitationem
724 2212 909 2284 habuerit:
935 2220 973 2284 et
993 2236 1064 2284 non
1081 2235 1145 2306 po-

92 2330 168 2400 tius
192 2336 235 2399 ut
260 2327 454 2399 dixerimus
478 2329 745 2401 vivificatricem
762 2352 848 2415 esee,
865 2330 948 2423 quia
970 2330 1065 2401 faeta
1089 2338 1143 2400 eet

91 2446 236 2541 propria
251 2445 350 2517 verbi
373 2443 454 2529 Dei,
471 2447 530 2518 eui
553 2447 673 2518 omnia
688 2446 865 2519 vivificare
885 2446 1052 2541 possibile
1068 2454 1144 2530 eet3

92 2562 284 2634 anathema
299 2562 358 2633 ait.

40 2717 103 2757 20»
146 2678 239 2749 XII.
264 2676 304 2749 si
320 2679 399 2771 quia
421 2701 493 2750 non
514 2678 705 2751 confitetur
727 2677 847 2751 Deum
868 2679 1016 2751 verbum
1038 2702 1144 2751 earne
1152 2710 1270 2763 0010„

93 2818 238 2889 paaaum
263 2818 350 2880 eree,
368 2804 406 2866 et
429 2818 534 2867 earne
559 2798 780 2882 crucifixum,
803 2805 842 2869 et
864 2804 1017 2868 mortem
1039 2820 1144 2869 oame

93 2920 268 3008 girataaee,
296 2911 502 3005 factumque
529 2914 808 3009 primogenitum
832 2936 878 2984 ex
907 2914 1067 2997 mortuis,
1092 2936 1146 2985 ee-

95 3030 254 3101 oundum
283 3030 378 3123 quod
408 3037 464 3101 eet
493 3037 532 3101 et
557 3030 641 3114 vita,
670 3044 709 3103 et
739 3030 934 3103 vivificator
958 3040 999 3103 ut
1026 3031 1144 3115 Deus;

94 3144 288 3217 anathema
304 3145 360 3216 ait.

478 3341 607 3423 npetu
621 3341 766 3423 apaan

140 3942 216 4001 Haeo
238 3940 448 4021 interpretatio
467 3941 648 4023 Dionysiana
666 3944 738 4004 olim
757 3944 910 4027 desumpta
929 3958 973 4009 eat
986 3969 1003 4009 e
1018 3950 1148 4013 Christo·

97 4041 184 4122 phori
212 4038 333 4100 Juatalli
362 4040 472 4109 codiee,
500 4060 588 4120 quem
620 4052 722 4121 postea
751 4042 846 4105 Filius
873 4044 937 4123 ejus
969 4048 1151 4113 bibliotheca

100 4138 268 4200 Bodleiano
278 4136 409 4197 donavit.
444 4137 535 4198 Nunc
548 4138 701 4199 amandata
714 4139 762 4199 bio
776 4140 871 4221 perita
884 4154 938 4204 eat.
