2867 4817
304 302 373 365 DE
395 300 800 369 PRAESCRIPTIONE
825 304 953 369 ΗΕΒ.
1096 306 1159 375 159

105 488 139 547 et
153 477 320 569 ejusdem
346 477 478 573 reguloe
503 478 701 549 doctrinam
725 478 892 572 apostolis
912 480 1001 551 meis
1018 478 1159 573 delego·

104 617 234 677 rernm,
251 595 317 665 sed
341 617 452 687 quum
478 616 541 665 vos
565 617 637 665 non
663 592 757 691 (sor.
775 594 903 667 dolend.
925 600 1011 690 non)
1038 598 1159 667 erede-

103 710 197 793 retis,
214 710 325 780 libuit
341 710 430 780 mihi
447 718 572 803 postes
587 711 705 804 aliqua
721 712 804 781 inde
825 720 974 783 mutare.
1026 710 1238 784 Resur-Jom
1250 734 1284 785 vr.

103 829 303 898 rectionem
326 829 558 920 promiseram
583 828 692 897 etism
717 829 854 899 earnis:
880 828 942 900 sed
966 829 1157 923 recogitavi

79 965 146 1026 sne
162 944 320 1038 implere
334 968 409 1015 non
433 968 584 1037 possem.
636 943 777 1015 Notum
793 967 853 1015 me
870 947 1093 1017 ostenderam
1110 969 1157 1018 ex
1167 978 1241 1028 mm
1253 977 1270 1027 1,

103 1063 265 1156 virgine:
292 1062 355 1131 sed
379 1069 505 1155 postea
520 1070 624 1153 turpe
648 1060 736 1131 mihi
758 1064 873 1133 visum
896 1070 961 1133 est.
1013 1062 1157 1135 Patrem
1168 1089 1277 1140 mam.

103 1179 279 1261 dixeram,
301 1179 363 1271 qui
386 1176 499 1249 solem
529 1184 567 1247 et
595 1176 732 1270 pluvias
758 1178 866 1251 facit:
892 1180 954 1251 sed
983 1180 1073 1251 nlius
1097 1204 1157 1251 me

105 1294 215 1366 Pater
248 1293 379 1365 melior
409 1295 602 1387 adoptavit.
654 1293 909 1367 thibuemm
939 1321 1002 1369 vos
1035 1320 1156 1367 aurem
1166 1320 1240 1370 Mart„
1253 1320 1294 1369 vs.

103 1412 378 1483 aeeommodore
410 1412 614 1484 haeretiois:
652 1412 715 1483 sed
750 1413 872 1482 erravi.
930 1413 1030 1485 Talia
1062 1415 1158 1506 eapit

66 1529 244 1622 wopinsri
260 1550 335 1610 eos,
351 1528 413 1620 qni
429 1528 642 1611 exorbitant,
659 1537 698 1598 et
714 1529 797 1599 fidei
811 1526 901 1625 (sor.
916 1529 1159 1601 exorbitantes

105 1646 191 1739 fide)
209 1646 383 1728 veritatis,
400 1643 597 1739 perieulum
621 1668 694 1715 non
718 1654 857 1715 cavent.

154 1763 233 1834 Sed
259 1784 356 1832 nuno
385 1762 529 1853 quidem
553 1761 768 1856 generaliter
792 1769 913 1833 aetum
934 1769 989 1833 est
1014 1762 1158 1835 anobis
1201 1792 1286 1841 cAp,

105 1882 279 1953 adversus
303 1879 456 1951 haereses
485 1902 617 1963 omnes,
643 1880 749 1951 oertis
772 1888 811 1951 et
833 1881 940 1973 justis
970 1888 1008 1951 et
1037 1902 1159 1951 neees-
1206 1856 1288 1907 XLV·

104 2001 205 2071 soriis
257 1997 595 2093 praescriptionibus.
625 1996 846 2090 repellendos
887 2020 909 2067 a
958 1997 1158 2069 conlatione

67 2119 376 2211 ¹5seriptnrarnm.
427 2112 485 2183 De
511 2112 657 2207 reliquo,
685 2114 715 2184 si
745 2113 816 2185 Dei
843 2114 959 2207 gratio
984 2115 1158 2197 annuerit,

107 2237 219 2306 etiam
250 2230 451 2326 specialiter
479 2229 689 2322 quibusdam
713 2229 1014 2323 respondebimus.
1066 2229 1159 2301 Haeo

106 2353 145 2422 in
177 2350 252 2421 fide
278 2348 440 2419 veritatis
468 2348 502 2419 oi
521 2400 640 2417 .....
658 2346 858 2441 legentibus
888 2370 959 2440 pax
984 2354 1022 2419 et
1045 2349 1161 2443 gratis

110 2464 259 2537 Domini
285 2465 397 2537 nostri
422 2463 513 2535 Jesn
537 2462 670 2535 Christi
694 2464 733 2533 in
757 2470 943 2535 aetemum.

347 2732 491 2786 coum
516 2732 725 2787 flmmcos
749 2732 927 2785 EXPLICIT.
