2867 4817
316 340 360 402 24
486 342 491 349 '
650 337 1030 406 ANNOTATIONES

351 510 400 575 Ῥ.
424 512 468 597 i3.
492 510 514 575 l.
532 528 560 593 7.
585 510 681 592 πάσης
707 514 864 591 διαβολῆς,
894 514 1092 597 normands]
1128 512 1229 578 Recto
1253 508 1375 580 distin

316 604 459 683 guuntur
473 598 601 677 διαβολὴ
619 604 653 662 et
673 601 850 675 καταλαλιᾶ,
865 605 903 663 ut
922 599 1047 663 diversa
1065 600 1182 663 mentis
1200 608 1236 665 et
1248 601 1374 687 lingrrae

317 684 404 760 vitis,
420 684 452 747 in
467 682 555 747 libris
570 684 668 748 sacris
682 696 715 748 et
730 683 857 768 seriptis
871 685 1080 749 ethnicorum.
1116 691 1294 750 Καταλαλιὰ
1307 710 1375 772 per

317 792 360 847 se,
371 769 790 854 sinealiquoadditemento‚
802 771 907 854 paullo
918 771 1172 855 suprehabetur.
1197 771 1374 859 V.I.lege<-

316 853 940 936 ῦοῐὅιαβολικῆςκαταλαλιᾶςαθονινῦθιισ
947 855 1107 921 daedalicis
1114 857 1372 923 demetendus.-

316 948 350 1006 et
360 942 404 1006 sic
415 942 514 1007 habet
522 943 621 1007 codex
632 942 846 1007 Florentinus.
873 942 938 1007 Sed
946 943 1226 1020 dubitn‚enreote.
1249 944 1372 1011 Surrrr.

317 1027 503 1093 Florentino
518 1030 617 1093 codici
633 1027 813 1093 Parisinum
827 1029 918 1094 addit
928 1028 952 1093 J
953 1031 1140 1094 acobsonus.

362 1114 444 1179 lbid.
460 1116 480 1179 l.
497 1135 542 1179 ιο.
570 1115 783 1195 θυσιαστήριον
803 1116 900 1215 Θεοῦ]
926 1115 999 1179 Ηοο
1025 1137 1084 1201 pro
1106 1123 1235 1202 recepto
1258 1122 1370 1182 θυσια-

318 1201 424 1281 στήρια
443 1224 483 1265 ex
503 1202 595 1266 codd.
617 1201 703 1265 Flor.
723 1200 801 1265 Vat.
823 1202 925 1266 Paris.
947 1224 1032 1265 nuno
1052 1203 1166 1287 recepi,
1187 1202 1225 1266 cl.
1245 1202 1373 1267 Jacob-

317 1308 430 1350 sonum
451 1295 598 1362 secutus;
623 1288 676 1372 qui
691 1286 797 1374 pergit
811 1288 958 1366 scribere,
976 1288 1060 1353 “Sic
1075 1310 1200 1373 quoquc
1223 1289 1371 1355 Pseudo-

317 1380 337 1409 “
351 1372 496 1459 Ignatius
511 1374 544 1437 in
559 1374 621 1459 Ep.
637 1375 679 1438 ad
694 1374 875 1451 Tarsenses,
891 1374 912 1437 l.
925 1395 954 1458 9.
970 1378 1024 1441 τὰς
1041 1376 1075 1437 ἐν
1094 1376 1252 1455 σεμνότητι
1269 1376 1372 1458 χήρας

317 1471 338 1493 “
351 1462 390 1527 ὡς
405 1461 616 1542 θυσιαστήριον
631 1464 722 1525 Θεοῦ.
746 1460 816 1523 Lib.
831 1460 976 1545 impressi
990 1462 1135 1546 praebent
1156 1462 1369 1543 θυσιαστήρια.

317 1545 413 1610 “Sed
429 1548 501 1613 νοὸς
520 1568 584 1611 non
604 1548 671 1611 ναοὶ
690 1546 789 1610 habet
808 1545 848 1610 D.
863 1546 982 1610 Paulus
1002 1568 1012 1609 ι
1032 1547 1105 1612 (lor.
1120 1546 1165 1610 iii.
1186 1549 1234 1622 16,
1254 1568 1273 1611 2
1289 1548 1370 1614 (lor.

318 1633 386 1696 “vi.
407 1637 456 1697 16.
480 1632 528 1697 Cf.
545 1633 676 1697 Tertull.
692 1634 735 1696 ed
751 1632 854 1696 Uxor.
870 1632 889 1696 l.
902 1648 933 1715 7.
950 1655 982 1717 p.
999 1635 1067 1717 165.
1084 1632 1133 1695 ed.
1150 1632 1290 1719 Rigalt!q

360 1719 442 1783 Ibid.
466 1718 565 1783 πάντα
586 1720 839 1802 μωμοσκοπεῐται]
863 1718 902 1780 In
925 1719 1098 1818 exemplari
1121 1726 1371 1800 μωμοσκοπεῖσιιι

316 1806 470 1891 scriptum
494 1812 564 1880 est;
600 1827 695 1889 quam
725 1826 833 1868 vocem
858 1803 912 1889 qui
932 1826 996 1868 non
1022 1805 1255 1881 intellexerunt,
1280 1807 1372 1886 ἡμῶν

316 1898 470 1956 σκοπεῖται
491 1890 658 1977 legendum
683 1890 925 1964 existimarunt3
959 1913 1017 1975 pro
1043 1891 1149 1976 priore
1170 1891 1257 1955 verbi
1279 1914 1371 1956 com—

315 1977 411 2064 positi
426 1977 576 2055 membro,
592 1978 778 2063 pronomine
794 1977 895 2062 (quod
910 1976 1015 2041 Vetus
1030 1999 1093 2041 non
1112 1978 1243 2063 ognovit
1259 1977 1370 2043 Iniere

336 2066 403 2145 res)
434 2064 618 2128 substituto.
662 2064 744 2128 Oum
769 2064 967 2148 θυσιαστηρίῳ
992 2085 1066 2127 vero
1095 2085 1116 2127 a
1141 2064 1303 2129 clemente
1332 2066 1371 2129 in

315 2085 462 2234 ilpistola
476 2150 517 2215 ad
533 2149 724 2227 Corinthios,
737 2154 779 2235 (c.
790 2151 858 2230 44.)
872 2171 967 2235 quam
981 2149 1015 2212 in
1028 2150 1089 2214 hac
1099 2149 1179 2213 alias
1189 2150 1287 2214 etiam
1298 2172 1370 2215 non

315 2236 411 2301 semel
432 2236 627 2321 Polycarpus
649 2243 699 2301 est
722 2244 858 2311 secutus,
878 2238 1115 2315 μομοοκοπηθέν
1136 2236 1170 2299 τὸ
1189 2241 1369 2318 προσφορά.

313 2348 407 2402 μενον
422 2322 614 2407 conjunctim
628 2322 804 2396 cernimus;
828 2321 882 2385 ubi
896 2324 1102 2401 μυμοσκόπου
1116 2321 1253 2386 officium
1265 2322 1370 2389 fuisse

314 2408 456 2493 pluribus
478 2430 536 2472 nos
558 2408 666 2473 docuit
687 2407 888 2473 doctissimus
909 2406 932 2471 J
934 2407 1036 2486 unius,
1058 2430 1099 2471 ne
1121 2407 1197 2492 quid
1216 2408 1285 2473 vitii
1304 2419 1370 2475 aut

314 2494 395 2559 lehis
409 2494 572 2571 sacrificio,
588 2494 772 2580 priusquam
785 2486 880 2558 altari
895 2492 1121 2577 imponeretur,
1133 2493 1278 2558 subesset
1293 2495 1369 2560 dili-

355 2588 427 2645 nter
440 2580 603 2666 dispicere.
642 2579 866 2662 Θυσιοστήριον
880 2600 1005 2663 quoque
1018 2580 1221 2665 singulariter
1233 2580 1276 2644 eb
1291 2581 1370 2646 eliis

313 2602 366 2732 iic
380 2667 505 2754 legitur,
522 2667 569 2732 uti
585 2668 617 2731 in
636 2668 780 2731 versione
799 2672 906 2729 vetere
924 2664 1051 2729 Latina.
1089 2665 1170 2729 Cum
1185 2688 1248 2751 qua
1261 2666 1370 2731 etiam

314 2754 469 2829 convenit,
491 2754 576 2838 quod
598 2753 632 2817 in
655 2752 801 2817 Selmesii
822 2751 1008 2901 appgrapho
1029 2751 1124 2837 paulo
1145 2759 1220 2838 post
1243 2754 1370 2818 rectius

313 2840 468 2926 seriptum
483 2840 630 2917 oeem'rit,
646 2842 713 2904 οῦτε
728 2865 757 2903 τι
770 2860 829 2924 pro
880 2837 998 2902 ulloixii
1014 2836 1072 2902 οὐτ’
1089 2838 1143 2912 ἔτι,
1160 2846 1195 2902 et
1214 2843 1299 2903 Θεοῦ
1315 2844 1370 2905 καὶ

313 2933 445 3009 Χριστοῦ
473 2926 604 2991 διάκονοι
630 2948 689 3011 pro
723 2926 864 3009 ejusdem
895 2929 979 2989 Θεοῦ
1008 2927 1042 2988 ἐν
1070 2928 1191 3010 Χριστῷ
1220 2924 1368 2990 διάκονοι.

315 3013 426 3077 Ussre.
444 3013 516 3077 MS.
531 3018 779 3093 μομοσκοπεῖτοι·
803 3018 837 3075 et
852 3010 897 3074 sic
911 3010 1039 3074 omnino
1056 3011 1233 3096 legendum,
1249 3018 1288 3075 ut
1302 3012 1368 3076 viri

313 3100 400 3164 docti
415 3099 535 3164 dudum
555 3099 773 3162 observarunt.
795 3098 909 3161 Smrn.
943 3096 1032 3161 MSti
1049 3097 1241 3181 scripturam
1259 3122 1368 3177 μομο.

313 3192 477 3258 σκοπεῖται,
494 3186 579 3269 quod
590 3184 716 3268 quidem
728 3186 859 3247 verbum
869 3183 956 3269 apud
970 3182 1050 3247 alios
1064 3192 1194 3247 autores
1208 3190 1312 3262 extat,
1331 3185 1369 3249 in

312 3278 439 3336 textum
457 3270 569 3355 recepi.
616 3270 718 3334 Porro
739 3270 791 3333 vix
811 3270 932 3346 dubito,
948 3270 1024 3354 quin
1043 3268 1232 3354 respicietur
1254 3268 1308 3335 hic
1330 3280 1369 3337 et

312 3358 345 3421 in
360 3357 464 3421 verbis
479 3356 682 3442 sequentibus
696 3357 740 3421 ad
758 3355 895 3441 apostoli
913 3355 1016 3419 locum
1035 3356 1069 3419 in
1083 3356 1225 3441 Epistola
1238 3356 1286 3419 ud
1297 3358 1368 3422 He-

311 3442 404 3507 droeoe
418 3466 487 3529 cep.
497 3444 536 3507 iv.
553 3464 664 3507 comm.
680 3451 772 3508 raet
788 3462 836 3527 13.
852 3442 907 3505 ubi
917 3450 1031 3507 extant
1043 3443 1239 3528 metaphora
1253 3441 1368 3509 ductae

311 3553 333 3595 a
355 3529 524 3594 sacrificiis.
570 3530 730 3593 Praestore
751 3535 992 3610 μωμοσκοπεῖται
1010 3527 1151 3593 codicem
1172 3528 1251 3592 Vct.
1276 3550 1367 3594 nuno

312 3616 410 3681 refert
431 3616 641 3692 Jacobeonus‚
665 3616 721 3679 sed
747 3614 871 3678 divisim
896 3636 1005 3679 vocem
1030 3614 1173 3680 exhiberi
1202 3614 1237 3677 in
1265 3616 1368 3679 codd.

313 3703 457 3768 Florent.
468 3709 502 3767 et
512 3702 615 3766 Poris.
631 3722 766 3786 quorum
780 3701 832 3764 ille
841 3702 1131 3779 μώμο-σκοπεΐτοι
1145 3700 1253 3779 habet,
1265 3703 1368 3782 μόρος

310 3812 375 3854 orae
390 3788 462 3853 libri
476 3788 647 3873 adscripto,
663 3788 714 3852 hie
729 3790 1038 3868 μόρος-σκωσεῖται.

356 3876 440 3940 lbid.
456 3875 477 3939 l.
494 3893 540 3939 ια.
559 3874 628 3939 οῦτέ
647 3880 754 3938 τιτῶν
777 3879 910 3954 κρυπτῶν
931 3877 983 3952 τῆς
1003 3873 1137 3958 καρδίας]
1166 3873 1367 3941 Emendavit

309 3984 350 4026 ex
367 3961 511 4026 Selmesii
527 3961 712 4047 apographo
728 3958 878 4023 Usserius
893 3960 962 4023 οὔτέ
976 3984 1005 4022 τι
1018 3966 1078 4023 τῶν
1091 3981 1151 4044 pro
1162 3958 1221 4023 οὔτ’
1234 3960 1279 4023 ἔτι
1289 3967 1365 4036 τῶν,

310 4049 395 4133 quod
410 4048 507 4112 etiem
524 4046 735 4111 Marklandus
750 4068 815 4109 orae
830 4044 965 4130 exempli
985 4046 1046 4109 mei
1062 4046 1280 4110 Aldrichianae
1294 4049 1366 4112 edi-

308 4134 405 4199 tionis
426 4134 605 4219 adscripsit.
643 4132 717 4197 Hoc
740 4131 852 4216 recepi.
884 4131 1037 4196 Similiter
1059 4132 1214 4281 scriptum
1235 4154 1305 4197 esse
1330 4134 1366 4199 in

309 4221 377 4285 cod.
389 4220 475 4285 Flor.
487 4220 628 4284 ostendit
636 4218 854 4305 apographum
867 4217 1118 4283 VossioDodwe
1141 4218 1269 4294 ianum;
1286 4241 1366 4285 con·

310 4308 457 4371 firmante
470 4306 503 4369 id
517 4304 540 4369 J
541 4304 700 4369 acobsono
715 4305 755 4367 de
769 4326 808 4368 eo
822 4312 855 4368 et
870 4303 998 4388 reliquis
1013 4303 1183 4370 codicibus.
