2867 4817
262 274 330 342 380
525 273 760 337 FIRMIANI
787 271 1061 338 LACTANTII

263 450 325 522 illa
353 450 481 522 vitiose
508 457 574 532 est,
607 448 683 519 heo
716 448 888 534 honesta;
927 447 990 520 illa
1023 449 1223 521 secundnm
1262 471 1328 518 na-

264 575 391 650 turam,
417 565 493 636 haec
515 565 662 636 adversa
685 573 830 648 nature,
860 565 928 635 nisi
959 565 1079 635 anima
1104 565 1328 636 immortalis

265 693 330 755 est.
381 682 510 755 Virtus
534 683 630 752 enim
654 705 718 774 pro
745 681 824 764 lide,
855 704 919 774 pro
943 681 1095 774 justitia,
1122 703 1190 752 neo
1220 704 1328 775 eges-

266 808 381 871 tatem
410 800 526 881 timet,
556 821 623 868 nec
662 795 813 868 exilium
851 797 993 880 metuit,
1034 821 1102 868 nec
1141 820 1327 869 carcerem

267 916 511 1010 perhorrescit,
542 937 609 986 nec
636 913 795 985 dolorem
822 914 1038 996 reformidat,
1069 937 1136 984 nec
1165 923 1325 984 mortem

269 1041 428 1117 recusat3
454 1056 531 1125 quae
556 1032 640 1123 quia
664 1039 798 1101 naturae
825 1031 999 1101 contraria
1023 1039 1115 1113 sunt,
1143 1039 1207 1101 aut
1233 1031 1324 1104 stul-

268 1151 350 1220 titia
379 1158 434 1219 est
467 1148 590 1230 virtus,
624 1148 653 1217 si
689 1156 728 1217 et
763 1148 951 1217 commoda
986 1149 1137 1240 impedit
1170 1158 1209 1218 et
1239 1149 1322 1218 ritae

268 1273 393 1336 nocet:
420 1271 482 1334 aut
507 1265 536 1334 si
562 1263 717 1335 stultitia
741 1286 814 1333 non
839 1272 903 1346 est,
924 1286 1009 1356 ergo
1034 1265 1154 1335 anima
1176 1265 1322 1336 immor·
1428 1275 1429 1288 *

268 1381 349 1454 talis
365 1389 430 1464 est,
448 1388 486 1450 et
502 1381 583 1451 ideo
600 1381 786 1472 praesentia
801 1379 895 1449 bona
912 1381 1119 1462 contemnit,
1136 1383 1222 1473 quia
1238 1392 1321 1452 sunt

269 1498 338 1570 alia
361 1499 509 1590 potiora,
535 1519 617 1588 quae
642 1503 724 1588 post
749 1495 1015 1566 dissolutionem
1043 1499 1201 1590 corporis
1230 1521 1321 1570 asse-
1428 1555 1429 1592 ,

270 1623 409 1708 quatur.
461 1611 558 1682 Illud
596 1612 706 1683 etiam
740 1613 936 1682 maximum
969 1623 1224 1706 argumentum
1257 1617 1321 1686 im-

269 1729 505 1811 mortalitatis,
529 1729 624 1820 quod
648 1728 767 1800 Deum
794 1729 888 1800 solus
916 1729 1023 1800 homo
1050 1733 1225 1824 agnoscit
1278 1733 1320 1804 In

268 1846 378 1915 mutis
395 1845 493 1916 nulla
509 1845 661 1936 suspicio
683 1843 863 1938 religionis
886 1853 950 1928 est,
968 1845 1051 1938 quia
1066 1854 1210 1918 terrena
1227 1859 1320 1930 sunt,
1428 1931 1429 1934 Ἴ

270 1961 307 2032 in
331 1971 532 2054 terramque
558 1969 743 2054 prostrata.
795 1959 916 2032 Homo
942 1963 1022 2032 ideo
1047 1971 1167 2033 rectus
1192 1966 1321 2058 aspicit
1428 2011 1429 2062 5

268 2078 409 2161 coelum,
434 2085 477 2148 ut
506 2076 624 2148 Deum
655 2087 798 2171 quaerat.
851 2078 935 2148 Non
959 2086 1078 2170 potest
1107 2080 1220 2174 igitur
1250 2105 1321 2153 non

270 2217 347 2265 esse
380 2193 600 2275 immortalis,
634 2193 696 2285 qui
722 2193 961 2264 immortalem
991 2194 1178 2266 desiderat.
1233 2195 1320 2268 Non

268 2317 479 2402 potestesse
496 2307 664 2392 solubilis,
681 2309 742 2401 qui
765 2331 847 2380 curu
866 2308 945 2379 Deo
963 2317 1001 2379 et
1017 2309 1119 2379 nrltu
1136 2321 1176 2381 et
1195 2321 1320 2384 mente
1428 2303 1429 2320 ¹

268 2427 465 2497 communis
500 2433 567 2497 est.
618 2425 784 2518 Denique
821 2425 956 2498 coelesti
996 2427 1186 2510 elemento,
1223 2431 1319 2522 quod

268 2550 323 2613 est
346 2543 447 2636 ignis,
473 2542 582 2612 homo
607 2541 702 2614 solus
727 2542 850 2612 utitur.
902 2541 940 2612 Si
966 2545 1061 2613 enim
1087 2542 1151 2614 lux
1176 2567 1243 2637 per
1266 2547 1320 2641 ig-

268 2681 360 2741 nem,
382 2659 456 2728 vita
477 2682 540 2751 per
562 2657 700 2742 lucem;
731 2668 877 2752 apparet
894 2682 986 2743 eum,
1012 2661 1073 2752 qui
1096 2683 1202 2731 usum
1225 2664 1320 2757 ignis

267 2774 407 2856 habeat,
433 2797 504 2845 non
530 2797 607 2845 esse
632 2774 841 2858 mortalem3
869 2774 1035 2865 quoniam
1059 2776 1097 2845 id
1122 2775 1175 2846 illi
1198 2779 1320 2870 proxi-

265 2908 378 2974 mum,
395 2893 432 2962 id
455 2892 628 2962 familiare
653 2901 717 2975 est,
736 2894 812 2963 sine
829 2917 899 2986 quo
923 2915 995 2962 non
1017 2901 1136 2984 potest
1162 2918 1230 2966 nec
1254 2896 1318 2968 lux
1428 2913 1429 3000 ᾗ

268 3032 335 3078 nec
357 3011 432 3079 vita
453 3017 623 3079 constare.
676 3008 749 3079 Sed
771 3010 856 3102 quid
878 3010 1095 3102 argumentis
1114 3008 1319 3104 colligimus

264 3135 415 3196 'aeternas
448 3149 524 3197 esse
557 3120 701 3208 animas,
736 3148 846 3217 quum
881 3113 1073 3198 habeamus
1110 3128 1320 3201 testimonia

268 3241 410 3312 divina?
440 3241 484 3311 Id
501 3242 597 3311 enim
619 3263 725 3311 sacrae
748 3240 858 3312 literae
874 3264 916 3312 ac
937 3263 1041 3312 voces
1060 3240 1317 3335 prophetarum
1428 3277 1429 3280 ¹

268 3360 407 3432 docent.
460 3360 611 3444 Quodsi
634 3361 692 3430 cui
715 3381 840 3451 parum
865 3359 1013 3442 videtur,
1036 3359 1133 3453 legat
1157 3363 1317 3432 carmina
1428 3365 1429 3370 ’

268 3473 492 3568 Sibyllarum,
515 3474 693 3568 Apollinis
716 3497 857 3567 quoque
885 3473 1018 3545 Milesii
1041 3497 1210 3567 responsa
1232 3499 1316 3547 con-
1428 3511 1429 3556 a

267 3592 418 3677 sidoret;
443 3601 485 3664 ut
507 3593 685 3688 intelligat
706 3592 871 3664 delirasse
894 3590 1152 3675 Democritum,
1168 3601 1209 3662 et
1230 3592 1315 3686 Epi·

267 3733 401 3794 curum,
435 3718 474 3782 et
508 3710 762 3794 Dicaearchum,
797 3711 857 3803 qui
891 3708 956 3780 soli
992 3710 1150 3779 omnium
1181 3718 1314 3780 mortu·
1428 3765 1429 3770 ,

266 3827 364 3910 lium,
398 3827 491 3920 quod
514 3836 582 3898 est
615 3828 770 3911 evidens,
804 3835 1031 3921 negaverunt.
1093 3825 1314 3899 Confirmata
1428 3869 1429 3904 1

265 3943 541 4026 immortalitate,
576 3953 735 4036 superest
769 3944 905 4026 docere,
939 3965 1070 4035 aquo,
1091 3951 1138 4014 et
1172 3942 1312 4036 quibus,

264 4068 301 4130 et
327 4061 578 4185 quomodcspet
602 4059 742 4152 quando
768 4058 968 4129 tribuatur?
1002 4059 1124 4142 Quum
1147 4069 1246 4130 certa
1261 4069 1312 4130 .et
1428 4089 1429 4146 p

261 4174 454 4244 constituta
480 4175 647 4246 divinitus
670 4185 832 4268 tempora
857 4176 1025 4268 compleri
1050 4177 1234 4269 coeperint,
1258 4177 1311 4248 in-

1426 4219 1429 4300 l
