2867 4817
370 279 616 347 SYNODICA
638 278 892 345 EPISTOLA.
1109 276 1151 340 21

96 489 187 538 ποτε
218 453 277 535 ὅτε
304 453 367 533 οῦκ
396 450 451 552 ἦν,
477 454 537 533 καὶ
564 453 650 556 πρὶν
676 455 889 554 γεννηθῆναι
916 453 980 532 οῦκ
1010 448 1066 551 ἦν,
1095 450 1155 531 καὶ

98 583 155 666 ὅτι
172 583 217 691 ἐξ
232 583 296 663 οῦκ
320 580 434 662 ὄντων
452 578 600 684 ἐγένετο,
617 577 640 680 ἢ
666 579 710 687 ἐξ
725 579 845 683 ἑτέρας
868 578 963 664 τινὸς
988 579 1152 661 ῦποοτά-

99 747 196 797 σεως
213 709 236 813 ἢ
256 711 380 794 οῦσίας
399 707 608 817 φάσκοντας
622 704 720 806 εἶναι,
734 711 793 788 καὶ
809 707 963 812 τρεπτὸν
979 706 1003 808 ἢ
1022 710 1152 789 ἀλλοι-

100 837 194 921 ωτὸν
211 839 275 920 τὸν
293 836 369 919 υἱὸν
386 844 451 917 τοῦ
462 840 572 917 Θεοῦ·
592 835 738 921 τούτους
750 833 992 939 άναθεματίζει
1005 837 1028 936 ἡ
1042 843 1152 918 καθο-

71 965 187 1070 5λική
205 972 264 1046 καὶ
282 962 508 1063 άπαστολικὸ
526 965 711 1064 ἐκκλησία.
744 960 908 1064 ἑπόμενοι
920 961 959 1045 δέ
971 973 1158 1071 πανταχοῦ

102 1102 181 1180 ταῖς
207 1099 281 1174 τῶν
312 1093 425 1196 ἁγίων
451 1090 615 1194 πατερων
641 1090 861 1193 ὁμολογίαις,
882 1091 921 1172 a}
948 1094 1159 1195 πεποίηνται

103 1227 305 1305 λαλοῦντος
322 1222 360 1300 έν
377 1219 496 1302 αῦτοΐς
507 1224 573 1297 τοῦ
590 1217 693 1320 ἁγίου
710 1218 920 1320 πνεύματος,
934 1222 993 1301 καὶ
1006 1217 1070 1300 τὸν
1085 1227 1159 1300 τῶν

104 1355 144 1433 έν
170 1350 289 1433 αὐτοῖς
315 1350 458 1428 ἐννοιῶν
485 1350 759 1451 ίχνηλατοῦντες
785 1346 938 1448 σκοπὸν,
958 1352 1017 1430 καὶ
1043 1357 1157 1444 βασι-

106 1476 214 1578 λικήν
243 1474 368 1579 ὥσπερ
391 1471 574 1580 ἐρχόμενοι
598 1475 737 1578 τρίβον,
755 1476 888 1583 φαμέν
920 1476 976 1558 {m
1005 1475 1110 1563 αι’πὸς
1138 1483 1159 1561 5

58 1601 301 1707 ιόμονογενὴς
319 1609 382 1682 τοῦ
401 1606 497 1682 Θεοῦ
515 1598 636 1704 λόγος,
655 1604 675 1682 5
699 1602 744 1710 ἐξ
766 1605 875 1704 αῦιῆς
897 1609 1076 1707 γεννηθεὶς
1097 1612 1160 1707 τῆς

108 1733 233 1816 οῦσίοις
244 1739 308 1812 τοῦ
320 1727 466 1834 πατρὸς,
486 1730 506 1808 5
525 1731 564 1809 ε’κ
575 1733 672 1810 Θεοῦ
689 1733 863 1831 α’ληθινοῦ
876 1731 969 1817 Θεὸς
982 1735 1161 1835 ἀληθινὸς,

108 1859 152 1944 τὸ
170 1866 250 1968 φῶς
267 1856 310 1939 τὸ
328 1859 367 1938 ε’κ
384 1854 516 1967 φωτὸς,
535 1859 556 1936 5
574 1860 616 1938 δι’
636 1857 678 1937 οῦ
696 1856 743 1938 τὰ
759 1857 878 1940 πάντα
895 1861 1043 1964 ἐγένετο,
1061 1861 1108 1941 τά
1124 1898 1164 1944 τε

109 1993 149 2074 ἐν
172 1995 224 2098 τῷ
248 1989 386 2095 οὐρανῷ
407 1988 466 2066 καὶ
487 1984 535 2065 τὸ
560 1987 599 2065 ἐν
625 1990 749 2092 τῇγῇ,
776 1991 841 2086 τῆς
866 1987 1036 2093 ἡμετέρας
1064 1991 1166 2070 ἕνεκα

110 2117 293 2222 σοντηριας
320 2111 514 2212 κατελθὸν,
544 2117 603 2194 καὶ
630 2117 749 2198 καθεὶς
775 2111 900 2195 ἑαυτὸν
928 2122 977 2201 είς
1004 2117 1164 2217 κένωσιν,

65 2281 77 2320 ι
84 2275 102 2338 5
112 2243 302 2350 ἐσαρκάθη
319 2276 359 2322 τε
377 2244 435 2323 καὶ
448 2240 712 2346 ε’νηνθράπησε,
725 2243 889 2322 τουτέστι
904 2242 1025 2348 σάρκα
1038 2243 1167 2343 λαβὸν

113 2376 154 2454 ἐκ
171 2376 235 2473 τῆς
260 2371 365 2473 άγίας
386 2367 573 2472 παρθένου,
592 2369 651 2446 καὶ
675 2370 767 2447 ίδίαν
792 2366 903 2470 αὐτὴν
925 2370 1168 2473 ποιησάμενος

114 2503 154 2580 ἐκ
164 2496 311 2601 μήτρας,
324 2494 390 2596 τὴν
402 2495 480 2576 καθ
492 2496 584 2595 ἡμᾶς
598 2494 758 2595 ῦτέμεινε
770 2497 950 2599 γέννησιν,
962 2503 1021 2580 καὶ
1029 2504 1168 2605 προῆλ-

116 2633 179 2708 θεν
197 2625 384 2729 ἄνθρικτος
397 2628 435 2704 ἐκ
453 2623 628 2726 γυναικὸς,
641 2624 709 2729 οὐχ
722 2622 811 2728 ὅπερ
827 2623 873 2726 ἦν
890 2628 1165 2730 ἀποβεβληκός·

117 2755 202 2835 ἀλλ’
222 2759 251 2832 εἰ
268 2755 327 2833 καλ
344 2751 491 2854 γέγονεν
508 2754 546 2831 ἐν
559 2748 774 2859 προσλήψει
786 2750 923 2856 σαρκὸς
935 2756 994 2834 καὶ
1011 2755 1169 2856 αἵματος,

68 2886 177 2966 noxa}
195 2882 287 2962 οὕτω
301 2877 504 2980 μεμενηκὼς
522 2877 610 2982 ὅπερ
627 2875 683 2979 ἦν,
702 2876 795 2964 Θεὸς
813 2878 979 2981 δηλονάτι
1004 2881 1115 2991 φύσει
1131 2919 1171 2964 τε

119 3014 180 3092 καὶ
200 3009 362 3114 ἀληθείᾳ·
395 3008 474 3088 οὔτε
499 3004 537 3086 δὲ
561 3002 627 3107 τὴν
651 3004 772 3111 σάρκα
789 3006 910 3116 φαμέν
932 3015 980 3094 εἰς
1005 3009 1171 3113 θεότητος

120 3139 298 3243 τραπῆναι
311 3133 435 3245 φῦσιν,
447 3135 527 3215 οῦτε
537 3132 609 3234 μὴν
626 3134 764 3240 σαρκὸς
781 3141 830 3220 είς
842 3135 956 3245 φῦσιν
973 3137 1039 3239 τὴν
1054 3138 1169 3247 άπάῤ·

121 3267 232 3371 ῥητον
250 3267 345 3343 Θεοῦ
360 3257 474 3363 λάγου
486 3265 745 3366 παρενεχθῆναι
759 3261 885 3369 φῦσιν.
914 3264 1088 3370 ἄτρεπτος
1100 3266 1173 3372 γάρ

123 3396 203 3474 ε’στι
232 3393 291 3471 καὶ
327 3390 582 3474 ἀναλλοιὸιτος·
619 3397 807 3475 παντελοῦς
839 3391 904 3491 μέν
936 3396 956 3473 5
984 3392 1090 3480 αῦτὸς
1120 3398 1175 3477 ἀεὶ

75 3521 175 3604 2δοῦν
204 3522 257 3622 (al.
284 3517 416 3625 μένων)
441 3513 533 3597 κατὰ
563 3513 629 3600 τὰς
659 3516 817 3624 γραφάς·
848 3520 1024 3623 ὁρώμενος
1041 3521 1090 3621 δέ,
1116 3527 1176 3604 καὶ

124 3649 261 3758 βρέφος
279 3649 317 3726 ε’ν
338 3642 563 3748 σπαργάνοις
583 3643 699 3744 μένων
715 3648 786 3747 (for.
802 3644 868 3756 ιῦν)
884 3647 934 3728 ἔτι
952 3652 1010 3729 καὶ
1028 3652 1066 3729 έν
1083 3648 1172 3732 κόλ-

125 3813 207 3862 ποις
240 3780 305 3876 τῆς
340 3770 512 3872 τεκούσης
547 3771 737 3876 παρθένου,
765 3781 890 3855 πᾶσαν
924 3775 1083 3882 ἐπλήρου
1111 3777 1178 3880 τὴν

127 3907 262 4003 κτίσιν,
284 3906 332 3988 ὡς
350 3899 453 3999 Θεὸς,
472 3903 531 3980 καὶ
548 3900 720 4004 σννέδρος
736 3897 783 3999 ἦν
799 3908 852 4010 τῷ
873 3903 1108 4005 γεγεννηκότι.
1136 3907 1178 3989 τὸ

128 4034 201 4139 γὰρ
228 4039 322 4114 θεῖον
348 4024 490 4110 ἅπασάν
517 4027 559 4107 τέ
576 4031 655 4108 ἔστι
676 4031 736 4108 καὶ
763 4028 941 4132 ἀμέγεθες,
969 4037 1028 4114 καὶ
1054 4068 1175 4140 περιο-

79 4195 120 4254 30
128 4161 262 4271 ρισμὸν
280 4159 343 4242 οῦκ
360 4157 533 4262 ἀνεγεταα
