2867 4817
509 352 770 417 EPISTOLIS.
1098 356 1162 427 169

442 574 624 634 AELFRICI
646 576 834 636 ABBATIS

115 693 250 773 Epistola
264 694 369 759 brevis,
381 714 433 752 eeu
443 694 595 775 Prologus,
605 695 643 754 ad
655 696 780 757 eundem
790 698 1038 771 Wosrsrruuu,
1050 700 1162 760 dushus

311 790 454 870 Epistolis
468 793 621 851 Canonicis
635 794 695 853 suis
709 794 746 852 sb
759 815 795 854 eo
808 798 964 875 praemissa.

165 907 362 977 AEtrnlcm
391 906 499 977 abbas
529 907 736 979 Wulfstano
771 910 962 980 venerabili
993 912 1163 1006 archiepi-

84 1032 221 1115 §scopo
256 1020 406 1092 salutem
437 1024 474 1091 in
501 1022 652 1095 Christo.
705 1025 800 1096 Ecce
825 1028 1005 1118 paruimus
1034 1037 1162 1099 vestrae

113 1137 284 1208 almitatis
300 1138 517 1229 jussionibus
540 1139 791 1211 transferentes
814 1138 968 1235 Anglice
986 1143 1072 1213 duas
1090 1145 1163 1236 epi-

113 1252 232 1335 stolas,
259 1271 345 1345 quss
374 1250 504 1322 Latino
532 1252 679 1345 eloquio·
702 1256 895 1348 descriptas
924 1264 1007 1328 ante
1029 1281 1162 1329 annum
1205 1295 1207 1301 ν

114 1368 213 1438 vobis
236 1368 498 1450 destinavimus
523 1391 594 1438 non
616 1378 738 1439 tamen
763 1394 902 1465 semper
924 1372 1082 1445 ordinem
1108 1396 1163 1445 se.

113 1492 272 1577 quantes,
289 1506 356 1553 nec
380 1484 526 1554 verbum
547 1506 593 1553 ex
609 1484 728 1566 verbo,
746 1485 809 1555 sed
826 1508 967 1560 sensum
992 1510 1037 1556 ex
1056 1510 1161 1559 sensu

63 1598 343 1693 reproferentes.
387 1598 525 1681 Quibus
552 1621 733 1692 speramus
758 1624 822 1673 nos
848 1597 1056 1694 quibusdam
1082 1627 1162 1697 pro-

113 1714 214 1785 desse
243 1714 287 1787 ad
317 1715 580 1797 correctionem,
611 1716 771 1805 quamvis
804 1716 954 1786 sciamus
988 1716 1065 1788 aliis
1095 1720 1161 1788 mi-

112 1829 209 1899 nime
226 1828 417 1922 placuisse3
442 1830 504 1899 sed
521 1851 592 1899 non
610 1838 665 1900 est
681 1829 784 1899 nobis
802 1829 1003 1899 consultum
1021 1852 1161 1923 semper

111 1944 227 2027 silere,
253 1952 291 2015 et
316 1966 388 2015 non
412 1945 547 2036 aperire
572 1945 741 2038 subjectis
767 1944 907 2036 eloquia
932 1945 1060 2029 divina,
1078 1948 1160 2038 quia

112 2061 141 2131 si
177 2082 295 2151 praeco
330 2068 436 2143 tacet,
473 2060 551 2151 quis
579 2062 738 2152 judicem
775 2069 963 2131 venturum
993 2062 1158 2133 nuntiet?

64 2174 208 2262 15Vale
238 2174 388 2245 feliciter
421 2176 458 2245 ln
488 2176 639 2249 Christo.
696 2190 788 2269 Apud
820 2190 1004 2267 Humphrcdi
1035 2191 1159 2249 Wonleii

115 2290 269 2369 Antiquom
288 2290 484 2349 Literoturom
508 2290 729 2369 Septentriouol.
746 2308 796 2347 seu
817 2286 960 2345 Thesauri
975 2287 1156 2356 Hiclresioni,

112 2388 170 2445 rol¹
182 2387 226 2445 ll.
243 2388 340 2447 Oxou.
360 2402 446 2464 1705.
460 2408 526 2465 pag.
544 2405 590 2445 aa.

384 2610 444 2668 EX
466 2608 649 2669 AELFRICI
672 2608 884 2667 EPISTOLA

111 2732 158 2792 Ad
169 2732 405 2793 Wunrs‘rauurr
416 2730 664 2808 archiepiscopum
674 2728 899 2798 Eboracensem,
911 2728 1054 2788 Saronico
1066 2730 1156 2808 scrip-

63 2850 103 2888 20
153 2844 202 2891 ta:
223 2830 254 2890 in
274 2830 430 2910 Anglieom
448 2830 587 2907 linguam
602 2838 741 2904 regnante
766 2827 947 2893 Elisabeths,
967 2828 997 2885 in
1021 2828 1154 2886 Latinam

153 2950 231 2998 vero,
245 2930 404 3005 interprete
417 2927 585 2986 Abrahamo
598 2924 750 2992 Wheloco,
765 2944 911 2986 conseres

161 3060 274 3131 Svme
285 3075 468 3157 ppeostas
483 3054 609 3155 gepyl-
709 3054 819 3126 Some
847 3057 973 3148 priests
998 3055 1036 3125 fil
1063 3056 1157 3125 their

112 3175 172 3271 lap
196 3172 317 3269 heopa
343 3171 452 3268 husel
470 3171 544 3244 box
560 3194 607 3239 on
658 3171 752 3244 boxe
765 3172 955 3244 forhousel
969 3194 1015 3242 on
1030 3170 1157 3242 Esster

112 3307 284 3387 samson.
349 3298 421 3361 aab
456 3285 609 3381 healaap
659 3289 736 3381 day,
760 3287 829 3358 and
856 3309 896 3359 so
919 3308 1057 3357 reserve
1080 3288 1156 3357 ita

62 3448 102 3509 25
113 3430 209 3504 opep
225 3404 464 3503 epelpmooap
478 3420 523 3474 to
540 3426 609 3473 un·
659 3402 774 3475 whole
786 3426 869 3497 yere
882 3402 936 3473 for
952 3402 1049 3473 sicke
1062 3423 1155 3485 men,

111 3517 610 3615 qrumummannum.ppplce
658 3540 696 3590 as
740 3517 877 3611 though
914 3517 994 3589 that
1030 3516 1154 3587 housel

110 3635 190 3707 litet
234 3633 345 3731 horel
381 3636 428 3731 l'l'
462 3632 610 3732 hahgpe
658 3656 752 3705 were
768 3655 866 3703 more
883 3630 967 3725 holy
983 3632 1071 3703 then
1087 3655 1156 3724 any

110 3752 238 3823 &nne
254 3755 359 3846 opep.
400 3749 460 3822 Ac
482 3748 521 3821 hr
539 3755 610 3846 boh
642 3749 776 3831 other.
799 3747 873 3818 But
889 3746 976 3840 they
989 3748 1035 3817 do
1049 3748 1157 3816 vnad-

111 3865 304 3961 unprshce.
348 3888 417 3963 pop
444 3870 527 3961 P⁰¹¹¹
560 3863 610 3936 oe
658 3863 826 3956 nisedlye,
844 3862 986 3933 bieause
1009 3862 1039 3931 it
1062 3884 1157 3931 wax-

60 4030 102 4086 30
153 4012 326 4073 Sacerdotes
338 4011 456 4090 quidam
472 4012 664 4071 Eucharistiae
677 4010 806 4091 pixidem
822 4010 852 4067 in
866 4009 942 4067 festo
957 4008 1089 4068 Paschali
1103 4008 1157 4066 im-

111 4096 214 4175 plent;
235 4112 344 4172 perque
358 4092 443 4165 (Sex.
455 4092 607 4151 duodecim
621 4092 747 4161 menses)
764 4100 859 4149 totum
874 4108 982 4147 annum
991 4088 1158 4166 agrotanti-

112 4178 168 4234 hus
189 4184 347 4239 reservant,
362 4172 444 4250 quasi
463 4172 648 4231 Eucharistis
669 4173 779 4238 isthec,
800 4169 901 4247 quavis
919 4168 1010 4227 altera
1032 4168 1157 4227 sanctior

112 4266 209 4313 esset:
239 4272 340 4312 verum
361 4252 533 4333 insipienter
557 4264 657 4330 agunt.
710 4249 868 4309 Marcescit
892 4248 980 4317 eninr,
1006 4248 1052 4307 vel
1075 4258 1158 4305 tanto

158 4369 230 4412 Ἴθι.
248 4369 276 4409 11
634 4370 652 4409 z
