2867 4817
304 348 347 414 36
514 348 864 414 FRAGMENTUM
888 346 1139 413 EPISTOLAE

304 526 463 603 ἑνοῦνται
494 524 596 628 αὐτῇ·
641 520 736 601 ὥστε
771 556 815 621 με
852 521 1027 601 δύνασθαι
1063 526 1178 599 εἰπεῖν
1200 522 1259 597 καὶ
1287 514 1359 596 τὸν

304 650 415 732 τόπον
433 653 471 730 ἐν
490 646 519 758 ᾧ
537 648 766 753 καθεζόμενος
784 650 960 753 διελέγετο
986 650 1007 728 ὁ
1030 647 1201 752 μακάριος
1220 646 1355 727 Πολύ-

306 814 450 883 καρπος,
469 782 528 857 καὶ
545 776 610 862 τὰς
627 778 801 881 προόδους
820 778 928 857 αὐτοῦ
946 779 1005 855 καὶ
1032 773 1096 859 τὰς
1115 772 1276 858 εἰσόδους
1293 778 1360 853 καὶ

305 906 368 987 τὸν
386 911 594 1012 χαρακτῆρα
614 914 678 985 τοῦ
696 905 790 1002 βίον,
808 910 867 984 καὶ
884 902 950 1003 τὴν
968 912 1032 984 τοῦ
1058 900 1228 1001 σώματος
1245 902 1361 998 ἰδίαν,

305 1040 364 1115 καὶ
381 1032 445 1119 τδς
464 1032 636 1139 διαλέξεις
651 1029 693 1117 ἂς
711 1034 861 1112 ἐποιεῖτο
878 1031 969 1135 πρὸς
986 1028 1029 1112 τδ
1046 1034 1198 1130 πλῆθος,
1210 1031 1268 1108 καὶ
1285 1028 1389 1129 rrius

305 1158 571 1263 μετδἸωάννον
585 1157 891 1266 συναναστροφὴν
905 1162 954 1242 ὡς
972 1156 1194 1260 ἀπήγγελλε,
1211 1159 1268 1236 καὶ
1285 1156 1361 1256 τὴν

306 1288 486 1390 μετὰτῶν
505 1293 643 1368 λοιπῶν
661 1293 734 1367 τῶν
753 1284 960 1390 ἑωρακότων
977 1284 1041 1366 τόν
1061 1284 1207 1389 Κύριον,
1227 1287 1285 1364 καὶ
1301 1290 1362 1381 ,ὡς

306 1414 566 1520 ἀπεμνημόνευε
585 1414 667 1500 τοῦς
686 1413 818 1519 λόγους
836 1416 963 1513 αὐτῶν,
975 1418 1033 1495 καὶ
1045 1417 1127 1518 περὶ
1142 1421 1206 1494 τοῦ
1219 1413 1363 1515 Κυρίου

306 1547 387 1625 τίνα
410 1541 497 1643 vival
521 1544 605 1647 παρ’
626 1544 765 1624 ἐκείνων
783 1539 933 1643 σ’κηκόει·
962 1545 1021 1622 καὶ
1048 1545 1129 1645 περὶ
1153 1548 1226 1621 τῶν
1243 1541 1358 1622 δυνά-

307 1706 401 1772 μεων
420 1671 539 1768 αὐτοῦ,
558 1671 617 1749 καὶ
634 1674 715 1772 περὶ
733 1672 796 1768 τῆς
815 1670 1062 1767 διδασκαλίας,
1081 1674 1128 1753 ὡς
1155 1668 1255 1772 παρὰ
1280 1677 1363 1749 τῶν
1376 1712 1414 1751 ιο

309 1800 495 1879 αὐτοπτῶν
513 1801 578 1896 τῆς
596 1794 684 1898 ζωῆς
709 1805 774 1877 τοῦ
802 1795 914 1899 λόγον
932 1794 1165 1903 παρειληφὼς
1185 1798 1205 1876 ὂ
1225 1797 1359 1876 Πυλό-

308 1958 443 2029 καρπος
468 1924 679 2026 ἀπήγγελλε
708 1923 827 2004 πάντα
864 1922 1046 2029 σύμφωνα
1077 1930 1153 2008 ταῖς
1185 1928 1363 2029 γραφαῖς.

307 2060 434 2134 Ταῦτα
464 2054 522 2133 καὶ
550 2051 630 2133 τότε
656 2050 714 2132 διὰ
732 2049 774 2131 τδ
798 2051 899 2136 ἕλεος
926 2060 991 2131 τοῦ
1016 2056 1112 2131 Θεοῦ
1136 2048 1178 2132 τὸ
1205 2053 1259 2131 ἐπ’
1279 2054 1367 2151 ε’μοὶ

307 2177 455 2284 γεγονὸς
475 2180 678 2263 σπουδαίως
701 2178 840 2277 ἤκουον,
870 2177 1238 2280 ῦπομιογματιζῦμενος
1265 2180 1367 2259 αὐτὰ

308 2310 372 2390 οῦκ
391 2311 428 2388 ε’ν
445 2304 572 2413 χάρτῃ,
592 2309 674 2385 ἀλλ’
695 2308 733 2386 ε’ν
750 2306 796 2410 τῇ
815 2309 881 2410 ε’μῇ
897 2304 1036 2412 καρδίᾳ·
1067 2308 1125 2385 καὶ
1143 2308 1195 2385 ἀεὶ
1215 2304 1274 2385 διὰ
1290 2306 1414 2407 ri1v15

307 2436 413 2542 χάριν
445 2443 508 2515 τοῦ
539 2439 635 2514 Θεοῦ
665 2433 824 2536 γνησίως
857 2432 949 2514 αὐτοὶ
980 2437 1269 2537 ἀναμαρυκῶμαι·
1300 2438 1367 2513 καὶ

308 2563 460 2662 δύναμαι
477 2560 788 2665 διαμαρτύρασθαι
815 2562 1019 2666 ἔμπροσθεν
1037 2570 1101 2641 τοῦ
1129 2566 1235 2659 Θεοῦ,
1254 2560 1313 2641 ότι
1334 2564 1371 2641 εἴ

307 2726 342 2771 τι
368 2698 528 2770 τοιοῦτον
553 2686 693 2790 σ’κηκόει
716 2692 845 2774 ἐκεῖνος
868 2692 888 2769 ό
916 2688 1086 2793 μακάριος
1114 2692 1171 2768 καὶ
1197 2691 1368 2770 ἀποστο-

308 2818 409 2904 λικδς
436 2816 690 2921 πρεσβύτερος,
713 2814 917 2925 ἀνακράξας
941 2814 987 2897 ἂν
1015 2819 1073 2896 καὶ
1098 2814 1286 2922 ἐμφράξας
1316 2818 1369 2898 τὰ

308 3042 366 3099 que
380 3022 497 3101 penitus
511 3022 661 3081 inherent.
683 3020 768 3081 Adeo
778 3033 813 3080 ut
854 3020 995 3091 doctrina,
1010 3032 1098 3100 prout
1113 3021 1198 3080 abiis
1215 3022 1266 3098 qui
1281 3020 1369 3081 Ver.

309 3115 339 3161 et
354 3102 449 3162 locum
464 3103 559 3181 ipsum
581 3102 687 3181 possim
707 3101 812 3170 dicere,
854 3104 924 3160 bum
955 3102 1022 3161 vita
1057 3101 1112 3181 ipsi
1147 3116 1370 3181 conspexerant

310 3184 418 3259 inquo
437 3182 619 3241 beatissimus
634 3181 814 3261 Polycarpus
856 3181 1035 3262 Polycarpus
1068 3196 1227 3262 acceperat,
1256 3183 1369 3243 eodem

309 3263 413 3321 sedens
440 3262 627 3331 disserebat3
662 3282 813 3341 processus
853 3282 973 3343 prorsus
1007 3262 1095 3321 modo
1136 3263 1292 3333 referebat,
1334 3266 1369 3323 in

310 3361 425 3421 qaoque
439 3342 503 3420 ejus
517 3353 547 3400 et
561 3342 715 3421 ingressus,
732 3342 814 3401 ritae·
853 3344 989 3401 omuibus
1010 3363 1076 3402 cum
1102 3343 1255 3423 Scriptura
1279 3364 1370 3403 sacra

309 3444 367 3501 que
381 3423 472 3481 totius
493 3424 626 3488 formam,
641 3434 671 3482 et
685 3423 814 3503 corporis
854 3424 1046 3483 consentiens.
1091 3424 1164 3483 Hae
1184 3444 1239 3502 ego
1257 3424 1369 3485 divina

310 3504 434 3583 speciem
459 3526 468 3573 ;
503 3523 649 3562 sermones
688 3504 815 3582 denique
854 3505 925 3562 mihi
950 3505 1093 3582 largiente
1114 3504 1268 3564 clementia
1286 3516 1370 3565 tunc

310 3604 383 3661 quos
402 3583 438 3642 ad
455 3583 596 3663 populum
616 3584 759 3656 habebat;
783 3596 814 3643 et
854 3586 1003 3643 studiosus
1036 3585 1198 3653 audiebam,
1231 3606 1293 3643 non
1333 3588 1370 3645 in

310 3662 480 3723 familiarem
491 3664 814 3742 consuetudinemquoe
854 3666 954 3724 charta
967 3665 1018 3724 sed
1032 3666 1063 3724 in
1077 3666 1164 3725 eorde
1178 3687 1243 3725 moo
1258 3666 1370 3726 audita

311 3745 352 3804 illi
379 3764 445 3803 eum
466 3744 591 3813 Joamre‚
614 3756 648 3802 ut
669 3747 813 3812 narrabat,
855 3746 1038 3805 describenst
1060 3747 1219 3824 eademque
1232 3767 1285 3824 per
1302 3747 1369 3808 Dei

310 3838 420 3885 etcum
441 3825 561 3903 reliquis
581 3826 630 3904 qui
652 3825 813 3883 Dominum
855 3827 976 3904 gratiam
1000 3827 1114 3886 assidue
1137 3838 1237 3906 repeto
1260 3847 1296 3885 ac
1319 3850 1371 3888 re-

310 3908 404 3986 ipsum
426 3906 573 3973 vidissent,
595 3908 812 3965 intercesserat:
855 3907 950 3965 volvo.
993 3907 1035 3965 Et
1059 3908 1089 3965 iu
1117 3919 1275 3987 conspeetu
1303 3909 1369 3969 Dei

309 3999 340 4047 et
353 3986 478 4064 qualiter
499 3986 576 4045 dicta
597 3986 712 4045 illorum
735 4008 814 4045 com·
855 3987 996 4047 affirmare
1023 4007 1152 4066 possum,
1176 3989 1297 4047 beatum
1328 3990 1370 4048 il.

310 4068 496 4134 memorabat,
518 4079 548 4126 et
569 4086 750 4145 quecunque
778 4067 814 4127 de
856 4068 916 4125 lam
941 4078 971 4127 et
993 4068 1184 4147 apostolieum
1207 4069 1370 4151 presbyte-

311 4146 440 4205 Domino
451 4148 487 4206 ab
495 4146 598 4205 iisdem
611 4147 752 4206 audierat.
768 4147 815 4206 De
855 4167 931 4216 rum,
946 4148 971 4207 si
985 4148 1056 4226 quid
1072 4150 1216 4226 ejusmodi
1230 4170 1370 4229 unquam

310 4226 457 4285 miraculis
481 4246 597 4304 quoque
623 4226 702 4285 illius
723 4248 757 4286 ae
778 4226 815 4286 de
856 4228 1006 4298 audiisset,
1020 4229 1251 4289 exclamaturum
1266 4234 1372 4291 oonti.
