2867 4817
783 868 832 929 IN

578 1074 626 1175 S.
667 1072 1022 1175 CYPRIANI

741 1330 869 1371 nrum!

499 1518 570 1588 DE
600 1516 747 1589 ZELO
779 1517 846 1588 ΕΤ
876 1517 1104 1593 LIVORE.

563 1739 1037 1825 ANNOTATIONES.

692 1959 915 1992 ...ομ-

324 2103 362 2167 P.
378 2105 452 2188 316.
467 2101 488 2166 l.
506 2122 534 2167 2.
554 2101 653 2165 Lissa
675 2126 717 2169 nn
739 2106 823 2168 ano
842 2126 880 2166 rr
895 2100 1032 2189 Lwonr]
1050 2102 1146 2168 Liber
1159 2103 1230 2178 iste,
1245 2104 1331 2188 ejus-

278 2188 351 2252 dem
366 2189 432 2253 lere
447 2188 626 2274 argumenti
640 2212 711 2254 oum
729 2190 783 2255 lib.
799 2191 840 2254 de
855 2189 1027 2266 Patientia,
1042 2211 1082 2252 ex
1103 2189 1215 2254 eadem
1237 2212 1331 2255 oooa-

278 2274 365 2339 sione
394 2275 492 2339 etiam
521 2274 658 2359 scriptus
680 2278 816 2341 videtur.
865 2275 929 2339 Sed
958 2297 1029 2339 oum
1058 2274 1092 2338 in
1120 2274 1256 2360 epistola
1283 2277 1330 2341 ad

277 2360 474 2425 Jubaianum
500 2368 660 2427 tractatus
685 2364 726 2427 de
752 2362 923 2439 Patientia,
948 2382 1013 2425 non
1035 2368 1145 2426 autem
1166 2360 1262 2446 hujus
1286 2364 1330 2427 de

277 2447 355 2510 Zelo
384 2453 418 2511 ot
445 2446 568 2524 Livore,
594 2448 774 2513 meminerit
865 2448 992 2522 rianus;
1025 2468 1085 2531 par
1112 2454 1162 2511 est
1186 2449 1328 2528 eredere,

276 2540 421 2618 tempore
435 2532 616 2617 scriptionis
630 2534 723 2599 istius
738 2535 840 2619 episto
881 2583 889 2611 ,
906 2534 1042 2597 alterum
1056 2534 1192 2597 duorum
1206 2541 1329 2599 traota·

275 2629 368 2683 tuum
391 2617 588 2683 solummodo
609 2620 704 2684 luisse
728 2620 957 2685 elucubratum.
1002 2618 1141 2683 Proinde
1162 2629 1330 2685 auctorem

276 2712 420 2770 nostrum
435 2705 519 2769 huno
530 2727 593 2768 non
604 2715 680 2772 ante
691 2728 809 2770 annum
820 2706 963 2791 proxime
973 2712 1169 2789 sequentem,
1177 2706 1329 2771 nimirum

279 2811 294 2853 2
298 2796 351 2875 56.
367 2791 512 2855 edidisse.
558 2791 702 2857 Ulterius
717 2799 826 2856 autem
847 2790 922 2854 illud
943 2813 1023 2877 opus
1037 2791 1166 2855 minime
1180 2792 1327 2874 dilatum,

276 2878 390 2942 exinde
415 2878 589 2953 suadetur,
613 2878 699 2962 quod
723 2878 834 2942 statim
859 2877 1037 2962 persecutio
1061 2877 1233 2963 ingrueret,
1254 2900 1328 2979 quse

276 2964 402 3049 publiea
431 2964 520 3027 olade
547 2964 689 3050 privatas
717 2964 905 3041 simultates,
930 2964 1196 3048 quemadmodum
1225 2987 1328 3030 rumne

276 3051 378 3115 solent
407 3049 562 3128 inoeudia,
592 3050 815 3136 extingueret:
847 3071 980 3133 quaeque
1009 3048 1107 3114 etiam
1131 3050 1329 3135 Cyprianum

275 3136 284 3199 i
308 3157 378 3200 sum
406 3135 550 3220 peroulit,
579 3143 613 3202 et
638 3136 783 3201 Ourubas
811 3135 1005 3201 amandavit.
1057 3135 1212 3200 Libellum
1241 3136 1328 3203 huno

276 3158 412 3286 Pontius
435 3222 597 3286 evidenter
622 3222 780 3308 designet,
803 3222 931 3307 quando
956 3221 1022 3286 ait:
1048 3222 1124 3301 Quis
1144 3223 1270 3287 livorem
1289 3224 1329 3290 do

274 3318 419 3372 mamiato
449 3308 578 3371 inoidiae
601 3308 792 3393 asoliyaa‘toto
819 3309 990 3385 venientem
1018 3308 1177 3373 dulcedine
1201 3310 1330 3376 modii

273 3394 420 3459 Maioris
435 3392 605 3457 inhiberet?
623 3394 774 3478 Ejusdem
789 3394 933 3459 meminit
948 3393 1082 3459 Hieron.
1097 3394 1131 3458 in
1145 3396 1327 3462 (lomment.

275 3482 307 3544 in
324 3480 426 3565 Epist.
442 3480 484 3545 ad
499 3478 606 3544 Galat.
622 3502 647 3543 o.
665 3498 697 3564 5.
713 3479 768 3544 ubi
782 3480 922 3565 appellat
943 3479 1057 3545 litam
1077 3480 1116 3545 ds
1136 3482 1211 3546 Zelo
1225 3492 1254 3546 et
1268 3485 1328 3548 Li-

274 3589 341 3631 vore
355 3566 443 3631 valdo
457 3567 611 3651 optimam,
626 3566 701 3651 (hoo
715 3566 827 3631 addito
842 3566 1060 3652 elogio)q1usm
1074 3568 1129 3651 qai
1143 3568 1255 3653 lepas't,
1266 3592 1329 3635 soa

274 3652 423 3717 dubitabit
451 3674 654 3716 annumerare
759 3653 765 3667 '
842 3654 945 3716 cornis
973 3652 1136 3717 invidiam.
1196 3654 1328 3722 Pariter

273 3738 384 3804 laudat
410 3738 581 3825 Augustin.
604 3739 657 3802 lib.
683 3740 698 3801 l
738 3788 745 3801 .
773 3761 800 3802 o.
826 3741 854 3801 8.
878 3758 908 3821 9.
929 3759 976 3802 ιι.
1000 3740 1040 3802 de
1062 3739 1218 3825 Baptism.
1236 3750 1324 3808 oont.

274 3825 472 3898 Donatistas,
503 3832 537 3889 et
562 3826 659 3889 etiam
688 3824 742 3888 lib.
768 3824 810 3889 V.
840 3846 867 3888 a
893 3845 942 3904 14.
995 3824 1085 3889 Oitat
1113 3826 1212 3890 etiam
1235 3827 1328 3894 Beda

273 3920 400 3977 nostras
415 3912 448 3974 in
466 3932 478 3975 1
498 3911 603 3996 Epist.
620 3911 661 3974 D.
680 3910 770 3974 Petri
786 3933 814 3974 o.
831 3910 888 3974 ult.
912 3910 1043 3975 Fanum.
1089 3911 1170 3976 Gum
1185 3913 1327 3981 Sanetus

272 4000 327 4062 Au
371 3998 473 4062 stinus
482 3997 607 4062 initium
617 4003 651 4060 et
681 3997 806 4061 uaedam
817 3996 881 4061 alia
890 3996 986 4082 hujus
995 3997 1068 4061 libri
1082 3998 1152 4061 looa
1162 4000 1327 4066 retulisset

272 4084 305 4147 in
327 4020 412 4147 {luo
442 4090 557 4168 quarto
585 4084 625 4146 de
651 4020 817 4168 Puptismo
842 4089 956 4147 eontra
981 4083 1171 4149 Donatistae
1197 4108 1270 4171 eap.
1294 4088 1325 4152 8.

271 4177 384 4255 postea
394 4169 458 4234 ait:
475 4170 553 4233 Haeo
567 4166 656 4233 oerho
669 4170 822 4254 Cypriani
832 4170 866 4233 io
875 4168 999 4254 epatolo
1006 4170 1133 4255 popidis
1145 4182 1217 4235 aeto
1230 4194 1326 4257 quom

269 4278 342 4321 voro
355 4276 447 4343 qaam
452 4256 556 4339 sortia
569 4256 631 4319 sint
645 4256 885 4340 rocopamoimos.
923 4256 998 4321 Vm
1011 4256 1113 4322 met
1128 4258 1327 4344 Cypriam
