2867 4817
257 266 323 327 204
392 259 594 326 JOANNIS
617 259 837 323 EPISCOPI
861 257 1176 323 ANTIOCHENI

257 434 348 537 πρὸς
381 430 560 539 διχόνοιαν
590 437 663 511 τῶν
700 434 903 529 ἐκκλησιῶν
939 430 1054 538 τούτῳ
1085 434 1137 537 τῷ
1176 426 1325 534 τρόπῳ,

259 558 379 659 ἐπειδὴ
397 558 527 640 τούτον
544 558 710 660 μάλιστα
724 556 920 664 φροντίσαι
932 554 1070 641 πάντας
1085 561 1209 661 ἐχρῆν,
1224 557 1330 638 ὅπως

259 692 478 792 σνναφθεῖεν
508 688 547 765 ἐκ
579 685 693 783 με’σον
725 685 915 785 γενομένης
948 686 1126 790 διχονοίας
1159 682 1328 783 ἁπάσης,

260 818 318 894 καὶ
350 821 423 893 τῶν
455 811 727 907 εὐσεβεστάτων
762 814 820 891 καὶ
850 812 1101 916 φιλοχρίστων
1130 812 1328 905 βασιλέων

261 941 347 1020 αὐτὸ
367 938 411 1040 δὴ
430 948 537 1019 τοῦτο
555 940 725 1042 γενέσθαι
747 938 1015 1037 θεσπισάντων,
1034 936 1076 1019 τὸ
1101 942 1240 1019 ἑνῶσαι
1258 940 1327 1023 τὰς

260 1075 325 1146 τοῦ
346 1072 512 1169 Χριστοῦ
534 1068 739 1165 ἐκκλησίας,
763 1069 821 1145 καὶ
846 1071 893 1147 εἰς
912 1063 998 1144 αὐτὸ
1023 1064 1066 1165 δὴ
1089 1074 1200 1145 τοῦτο
1224 1068 1320 1143 ἀπο-

261 1190 484 1272 στειλάντων
511 1190 574 1271 τύν
601 1187 723 1295 κύριύν
750 1226 819 1290 μου
844 1194 903 1271 καὶ
930 1191 1234 1291 θαυμασιώτατον
1263 1194 1323 1270 καὶ

260 1321 503 1421 περίβλεπτον
538 1326 728 1421 τριβοῦνον
765 1322 823 1397 καὶ
858 1314 1022 1420 νοτάριον
1059 1316 1321 1420 Ἀριστόλαον,

261 1446 518 1550 ἐπιφερόμενον
542 1445 584 1525 τὸ
608 1444 754 1541 εὐσεβὲς
782 1446 899 1525 αὐτῶν
926 1444 1088 1549 γράμμα,
1120 1445 1163 1525 τὸ
1193 1481 1315 1549 παρα·

262 1582 418 1671 κελεῦον,
447 1575 608 1653 ἐντεῦθεν
631 1572 701 1672 ἤδη
726 1576 912 1671 συμβῆναι
933 1572 1037 1671 ἡμᾶς,
1057 1576 1115 1652 καὶ
1139 1581 1320 1675 περιελεῖν

261 1700 308 1780 τὰ
330 1698 521 1780 σκάνδαλα
546 1702 584 1778 ἐκ
611 1707 676 1778 τοῦ
703 1699 828 1797 μέσον,
857 1700 917 1778 καὶ
946 1697 1162 1779 κατεννάσαι
1189 1708 1320 1779 πᾶσαν

261 1824 433 1931 ταραχὴν,
451 1827 508 1904 καὶ
526 1830 652 1905 πᾶσαν
670 1825 802 1924 λύπην·
829 1822 858 1931 ᾧ
876 1826 1028 1910 εἴκοντες
1043 1828 1186 1920 εὐσεβεῖ
1200 1827 1320 1928 γράμ-

262 1985 358 2052 ματι,
377 1949 478 2034 εὐθύς
502 1954 562 2030 καὶ
585 1955 806 2055 παραχρῆμα
830 1954 1093 2051 ἀπεστείλαμεν
1114 1952 1178 2034 τὸν
1196 1952 1321 2055 κύριόν

262 2113 342 2178 μον,
371 2084 428 2157 καὶ
453 2076 546 2157 κατὰ
571 2076 691 2157 πάντα
718 2078 1003 2184 θεοφιλέστατον
1030 2084 1088 2158 καὶ
1116 2080 1321 2181 ἁγιώτατον

263 2207 462 2287 ἐπίσκοπον
486 2209 653 2300 Παῦλον,
678 2212 783 2283 τοῦτο
809 2204 1016 2319 σννσρέσαν
1044 2210 1176 2314 καὶτῷ
1201 2210 1318 2308 ἁγιω-

263 2332 360 2440 τάτῳ
371 2333 429 2411 καὶ
441 2327 715 2438 θεοφιλεστάτω
725 2329 912 2439 ἐπισκόπιρ
922 2336 1032 2435 πατρὶ
1042 2333 1321 2441 ἡμῶνἈκακίερ,

265 2461 325 2537 καὶ
348 2463 422 2542 τοῖς
442 2458 525 2561 παρ’
552 2457 636 2557 ἡμῖν
661 2455 955 2563 θεοφιλεστάτοις
982 2454 1200 2543 ἐπισκόποις.
1230 2461 1322 2564 ὑπὲρ

266 2585 304 2666 δέ
321 2587 485 2669 πλείονος
504 2586 698 2684 συντομίας
724 2592 830 2665 τοῦτο
854 2582 1107 2683 πεποιήκαμεν,
1127 2586 1186 2665 διὰ
1206 2588 1250 2667 τὸ
1267 2588 1321 2687 μὴ

266 2712 444 2793 δύνασθαι
461 2712 554 2812 ἡμᾶς
572 2712 814 2797 συνελθόντας
832 2710 879 2791 τά
898 2713 1141 2793 θεσπισθέντα
1160 2716 1230 2795 ὐπὸ
1245 2723 1322 2795 τῶν

266 2836 538 2936 εὐσεβεστάτων
570 2840 671 2939 ἡμων
702 2841 889 2935 βσσιλέων
920 2838 1012 2919 κατὰ
1039 2838 1241 2942 πρόσωπον
1271 2848 1319 2927 εἷς

267 2966 380 3070 πέρας
411 2968 573 3069 ἀγαγεῖν·
608 2964 847 3064 ἐντειλάμενοι
878 2967 986 3074 αὐτῷ,
1020 2962 1117 3045 ὥστε
1149 2970 1206 3046 καὶ
1238 2972 1318 3048 ἀνθ

269 3208 503 3287 quondoquidem
531 3229 632 3267 omnes
654 3209 685 3268 id
709 3230 769 3267 ms·
812 3210 966 3268 convenire
974 3210 1122 3285 juberent,
1135 3221 1223 3287 utque
1235 3232 1319 3269 soan-

269 3292 348 3349 xime
362 3308 464 3348 curere
483 3290 646 3368 oportebat,
657 3300 692 3347 ut
709 3310 771 3347 om·
811 3290 876 3356 dela
888 3310 904 3348 e
915 3289 1133 3357 mediotollere‚
1143 3310 1319 3369 omnemque

270 3372 301 3427 ni
339 3370 502 3428 animorum
540 3369 717 3429 dissensione
754 3390 770 3428 e
811 3370 1059 3450 perturbationem
1078 3381 1109 3428 et
1128 3371 1318 3431 offensionem

269 3448 366 3507 medio
380 3450 503 3518 subluto,
518 3448 628 3508 Christi
641 3450 771 3509 ecclesie
811 3450 980 3529 consopire:
1003 3470 1056 3508 uos
1072 3450 1130 3529 piis
1148 3450 1241 3509 literis
1255 3472 1320 3510 mo.

271 3531 368 3589 denuo
382 3530 633 3596 oonsocisrentur;
657 3530 771 3608 ipsique
813 3550 873 3588 rem
888 3548 987 3608 gerere
1001 3530 1142 3600 volentes,
1157 3541 1236 3589 rectu
1250 3552 1320 3590 mox

271 3608 489 3687 religiosissimi,
518 3629 551 3667 so
584 3608 771 3669 Christianis·
813 3610 975 3669 Dominum
990 3630 1086 3668 meum
1104 3611 1170 3672 Deo
1189 3632 1241 3690 per
1256 3632 1320 3669 om.

271 3691 335 3749 simi
350 3707 433 3767 reges
446 3689 501 3748 hoc
515 3692 609 3767 ipsum
628 3702 662 3747 ut
679 3689 771 3757 fieret,
813 3691 862 3748 niu
889 3689 1108 3749 dilectissimum
1137 3712 1170 3749 uc
1198 3694 1321 3751 sanetis·

270 3770 464 3835 mundassent,
480 3770 600 3846 ejusque
618 3770 659 3828 rei
680 3770 774 3847 gratia
814 3771 918 3829 simum
939 3771 1105 3849 episcopum
1123 3772 1249 3830 Paulum
1265 3774 1319 3830 mi-

272 3850 432 3907 Dominum
475 3869 589 3908 meum=
616 3850 773 3929 praeclaris.
814 3850 913 3909 simus.
956 3850 1046 3923 Quod
1066 3852 1219 3909 consilium
1236 3873 1321 3911 sane-

271 3930 387 3997 simum,
413 3940 442 3987 et
468 3930 654 4009 spectsbilem
679 3931 771 3989 tribu·
815 3930 926 3989 tissimo
936 3932 1124 4011 piissimoque
1133 3934 1207 4010 putri
1219 3944 1321 3992 nostro

271 4030 340 4067 uum
366 4021 396 4067 et
420 4011 564 4069 noterium
593 4010 773 4069 Aristolnum
815 4008 1318 4089 Aoucio,oeterisquequiuobiseum

272 4090 427 4160 misissent,
446 4090 508 4166 pius
530 4091 657 4169 ipsorum
675 4089 775 4149 literas
815 4102 906 4160 erunt,
937 4092 1002 4151 Deo
1030 4091 1224 4151 dilectissimis
1257 4095 1318 4173 epi-

271 4169 450 4236 afferentem,
473 4190 538 4248 quae
562 4170 698 4249 deinceps
722 4192 775 4229 nos
816 4172 909 4249 scopi
919 4173 1073 4253 probatum
1084 4173 1152 4232 fuit.
1183 4174 1320 4235 Fecimus
