2867 4817
202 350 420 416 CONCILII
444 349 891 415 CONSTANTINOPOL.
915 350 1045 415 UNIV.
1091 351 1157 418 ³89

97 558 160 622 σε,
180 526 239 604 καὶ
255 525 294 604 ε’ν
311 529 406 604 πᾶσι
422 529 496 606 τοῖς
514 529 639 605 καλοῖς
662 521 904 626 διαπρεῆτοντα
928 524 949 600 d
973 518 1066 605 Θεὸς
1084 557 1152 626 χα-

96 653 246 756 ρίσαιτο
263 657 308 757 τῇ
327 650 522 755 οἰκουμένῃ,
542 651 661 756 εὐχαῖς
679 656 752 729 τῶν
770 651 894 750 ἁγίων,
912 646 976 728 τὸν
993 649 1042 733 uis
1060 653 1152 748 ἀλη-

98 785 175 864 θῶς
193 776 456 874 εὐσεβέστατον
474 779 532 854 καὶ
552 776 834 883 θεοφιλέστατον
851 776 1021 870 βασιλέα.

98 985 179 1032 rum,
196 974 230 1022 ut
244 973 283 1031 te,
299 962 350 1040 qui
364 983 396 1021 re
410 983 478 1022 vera
492 963 610 1040 pietatis
650 973 773 1022 rentem
783 963 913 1041 aspiciat
926 963 1065 1023 Gentiani
1077 963 1156 1021 Her-

66 1044 344 1111 Sstudiosissimus,
369 1044 485 1122 Deique
509 1064 609 1102 aman·
651 1043 710 1100 veti
727 1043 936 1122 Interpretatio
950 1044 986 1103 ab
999 1043 1156 1102 Harduioo

96 1125 234 1184 tissimus
254 1125 415 1203 Imperator
433 1145 474 1194 os,
495 1134 607 1184 saucto-
651 1124 809 1200 recognita,
830 1125 908 1204 apud
933 1125 1062 1184 Concilio
1083 1123 1154 1184 edit.

96 1225 168 1264 rum
194 1205 329 1284 precibus
354 1205 429 1263 bene
454 1203 609 1270 valentem,
653 1202 800 1261 Harduin.
816 1215 887 1263 tom.
901 1205 926 1262 Ι.
942 1226 1008 1284 pag.
1022 1207 1088 1280 807.

96 1286 296 1363 omnibusque
307 1284 451 1363 proeclaris
463 1286 549 1344 rebus
557 1283 610 1342 flo-

157 1496 302 1579 Trite‘
273 1531 409 1602 ωρισαν
428 1503 462 1577 οὶ
477 1499 515 1576 ἐν
530 1497 915 1577 Κωνσταντινουτόλει
927 1499 1044 1602 χαρίτι
1059 1503 1155 1578 Θεοῦ

52 1658 87 1696 ¹0
96 1625 338 1710 συνελθόντες
365 1626 554 1704 ἐπίσκοποι
580 1626 620 1704 ἐκ
647 1623 830 1730 διαφόρων
856 1628 1037 1729 ἐπαρχιῶν
1062 1624 1153 1705 κατὰ

98 1757 237 1853 κλῆσιν
253 1761 318 1832 τοῦ
337 1751 603 1847 εὐσεβεστάτου
620 1751 805 1847 βασιλέως
823 1753 1033 1834 Θεοδοσίου

146 1945 222 2003 Haeo
242 1943 433 2004 decreverunt
456 1965 490 2004 ac
513 1954 606 2003 statu·
649 1946 952 2026 Theodosiopussrmo
961 1947 1150 2026 Imperatore

101 2037 193 2086 erunt
212 2025 351 2119 episcopi,
367 2025 417 2102 qui
437 2025 530 2104 gratia
550 2025 607 2084 Dei
652 2027 760 2086 Concil.
774 2028 845 2086 edit
861 2029 961 2087 Labbs
975 2040 1005 2088 et
1024 2029 1151 2089 Cossart.

100 2126 142 2166 ex
157 2104 278 2164 diversis
291 2105 448 2183 provinciis
465 2108 608 2164 Constan-
649 2107 705 2166 vol
720 2109 764 2166 11
779 2129 844 2188 pag
858 2127 928 2185 945.

56 2201 65 2240 ι
70 2185 229 2266 strnopol
252 2198 462 2255 convenerunt,
476 2187 608 2246 vocatia

332 2433 505 2507 TITULI
532 2435 919 2522 CAPITULORUM‚

261 2597 308 2646 EX
327 2597 463 2648 lsluoltr
480 2598 714 2650 Mancs'roms
731 2601 992 2653 coutac'rloua.

101 2711 395 2778 Isuuscodiendam
408 2733 477 2776 osso
492 2711 588 2777 fidem
608 2719 738 2799 patrum
759 2720 973 2780 trecentorum
991 2716 1100 2780 docem
1117 2723 1151 2780 ot

53 2917 151 2984 2011.
171 2915 221 2981 Ut
234 2820 386 3003 odpiibcopi
412 2937 502 2982 mam
528 2917 690 2983 dioecosim
713 2918 902 3003 gubernent,
925 2943 983 2985 noc
1009 2921 1052 2985 ad
1076 2920 1155 2986 alias

100 3123 169 3186 111.
185 3019 424 3187 Noboineiiatdibs
439 3121 603 3209 episcopos
617 3123 703 3188 ultra
718 3123 879 3189 dioeoosim
890 3126 1051 3211 propriam
1067 3149 1155 3191 acco-

233 3225 308 3290 doro
323 3247 386 3288 non
401 3225 526 3290 dobere.

100 3329 164 3392 IV.
181 3327 231 3392 Dc
250 3326 389 3392 ecclesiis
409 3326 584 3394 barbaricis
602 3328 726 3412 positis,
742 3329 807 3394 sivo
824 3330 858 3394 in
876 3331 1051 3398 barbaricis
1068 3355 1152 3398 oom-

52 3457 136 3597 25V
231 3430 356 3515 positis.

101 3531 289 3650 V.(Apud
318 3533 449 3598 Graeoos
472 3531 552 3615 ΙΙΙ.)
580 3533 630 3597 Do
659 3535 780 3664 honoro
809 3536 1153 3624 Constantinopolim

101 3633 506 3824 VI.(Iiip)islbbpbi1aximo
521 3737 639 3823 Cynico
653 3740 853 3829 philosopho.

101 3838 186 3904 VII.
211 3839 261 3905 Do
283 3841 345 3904 fido
369 3838 503 3925 symboli
528 3841 615 3927 apud
641 3842 949 3931 Constantinopolim
974 3846 1151 3913 constituti.

52 3970 93 4028 30
235 3941 348 4028 (Apud
364 3941 524 4007 isidorum
543 3943 674 4010 ultimus
693 3945 804 4011 Canon
824 3955 875 4014 ost
892 3948 1070 4034 symbolum
1087 3949 1152 4016 GP.
1200 3987 1203 3991 ·

234 4043 332 4129 Apud
343 4043 473 4109 Graeoos
484 4044 594 4110 Canon
607 4045 649 4110 V.
660 4054 719 4124 ost,
735 4047 786 4113 Do
796 4057 885 4115 tomo
899 4051 1150 4116 occidentalium.

234 4143 294 4210 VI.
319 4145 370 4210 Do
392 4147 631 4214 accusatoribus
654 4150 873 4238 opiscoporum
892 4154 1152 4219 orthodoxorum.

234 4247 314 4314 VII.
330 4249 380 4315 Do
394 4251 585 4316 admissione
599 4251 843 4338 haereticorum.)
