2867 4817
530 326 761 391 EPl'l'OME.
918 356 922 365 ¹
1108 330 1174 397 stt

122 506 306 592 amputat:
332 498 416 591 quia
431 522 538 569 nemo
553 522 630 571 esse
650 509 726 571 tam
743 501 863 592 justus
879 510 1007 593 potest,
1025 511 1067 573 ut
1084 526 1173 575 nun-

123 639 231 707 quam
248 617 295 685 sit
311 617 345 687 ei
361 617 572 709 poenitentia
587 619 794 689 necessaria.
838 616 916 689 Nos
933 642 1016 691 vero
1033 623 1172 693 etiamsi

122 729 262 801 nulium
279 730 326 800 sit
349 739 547 821 peccatum,
564 733 724 803 confiteri
748 741 869 803 tamon
886 734 1057 808 debemus
1082 737 1171 820 Deo,

122 853 161 915 et
186 865 251 937 pro
279 844 418 915 delictis
442 846 572 917 nostris
595 848 791 919 identidem
813 850 1012 942 deprecari3
1042 854 1172 947 gratias

121 982 228 1053 agere
244 962 353 1031 etiam
378 962 417 1031 in
438 962 551 1033 maiis.
604 960 686 1033 Hoc
708 986 848 1057 semper
871 966 1080 1058 obsequium
1098 966 1171 1039 Do-

121 1078 221 1147 mino
250 1077 461 1154 deferamus.
513 1076 708 1149 Humilitas
739 1082 834 1151 enim
866 1080 973 1153 chara
1005 1090 1043 1153 et
1076 1106 1172 1155 ama·

120 1194 203 1265 bilis
221 1192 301 1265 Deo
318 1204 393 1278 est;
418 1197 479 1288 qui
495 1220 606 1287 quum
629 1198 742 1290 magis
759 1200 926 1292 suscipiat
947 1206 1169 1292 peccatorem

121 1312 363 1394 confitentem,
381 1336 489 1404 quam
506 1315 647 1414 justum
662 1315 877 1407 superbum;
907 1326 1041 1408 quanto
1058 1318 1170 1410 magis

114 1429 257 1520 justum
277 1429 445 1521 suscipiet
468 1429 708 1512 confitentem,
726 1453 880 1522 eumque
902 1433 941 1501 in
966 1434 1083 1525 regnis
1100 1456 1170 1503 cor-

120 1544 270 1615 iastibus
285 1545 394 1616 faciet
410 1569 474 1639 pro
496 1546 699 1617 humilitate
722 1546 920 1619 sublimem.
973 1548 1061 1619 Haec
1085 1560 1168 1619 sunt

119 1683 200 1751 quoe
225 1662 334 1733 debet
362 1662 479 1732 cultor
506 1661 575 1732 Dei
602 1662 781 1745 exhibere,
808 1662 863 1735 hae
892 1672 975 1733 sunt
1004 1665 1167 1747 victime,

117 1775 189 1846 boc
205 1777 415 1847 sacrificium
431 1777 623 1869 placabile:
648 1779 707 1850 hio
725 1802 829 1851 verus
845 1788 899 1849 est
917 1778 1043 1861 cultus,
1057 1802 1167 1870 quum

118 1894 229 1963 homo
262 1896 393 1964 mentis
425 1917 498 1965 snae
529 1897 677 1988 pignora
709 1898 748 1967 in
781 1918 877 1968 aram
912 1896 982 1967 Dei
1018 1896 1166 1967 confert.

119 2010 271 2079 Summa
291 2010 354 2080 illa
378 2012 551 2102 majestas.
568 2012 639 2082 hoc
658 2011 796 2083 cultore
818 2012 981 2083 latetur:
1004 2011 1100 2081 huuc
1126 2022 1167 2081 nt

117 2126 232 2195 filium
256 2128 411 2219 suscipit,
432 2128 535 2219 eique
559 2130 728 2199 idoneum
753 2129 936 2220 praemium
959 2127 1167 2199 immortali-

117 2243 204 2312 tatis
221 2244 401 2334 impertit3
420 2244 465 2313 de
482 2267 552 2336 qua
568 2268 662 2315 nunc
679 2245 768 2315 mibi
786 2245 1026 2315 disserendum
1044 2253 1109 2325 est,
1127 2252 1165 2313 et

116 2360 299 2453 arguenda
317 2362 496 2451 persuasio
513 2383 647 2444 eorum,
664 2364 725 2453 qni
749 2362 910 2455 extingui
927 2363 1061 2432 animas
1081 2383 1164 2430 oum

117 2475 324 2568 corporibus
352 2477 577 2547 arbitrantur.
630 2478 701 2562 Qui
735 2480 817 2570 quia
851 2502 917 2548 nec
948 2477 1066 2548 Deum
1100 2477 1166 2549 sci-

116 2593 238 2675 ebant,
263 2615 330 2662 nec
357 2615 524 2663 arcanum
549 2596 671 2665 mundi
697 2596 895 2687 perspicere
921 2604 1165 2686 poterantne

115 2710 271 2779 hominis
298 2708 442 2799 quidem
469 2710 665 2802 animaque
690 2714 862 2781 rationem
891 2712 1165 2804 comprehende·

115 2835 212 2895 runt„
264 2824 452 2909 Quomodo
475 2827 570 2896 enim
596 2837 740 2918 possent
763 2830 947 2919 sequentia
970 2830 1163 2921 pervidere,

116 2943 178 3034 qui
204 2964 380 3011 summam
405 2963 478 3010 non
500 2943 697 3014 tenebant?
741 2944 926 3037 Negantes
955 2946 1064 3037 igitur
1089 2968 1164 3017 esse

115 3058 227 3129 uliam
244 3059 512 3151 providentiam,
529 3060 654 3150 utique
678 3057 807 3141 Deum,
825 3060 884 3152 qui
903 3060 980 3129 fons
997 3069 1035 3131 et
1057 3072 1164 3153 caput

115 3197 236 3245 rerum
274 3183 339 3257 est,
375 3183 604 3267 negaverunt.
667 3175 890 3267 Sequebatur
924 3184 966 3247 ut
1005 3198 1047 3245 ea
1086 3198 1164 3267 quae

115 3299 212 3374 sunt,
241 3299 306 3361 ant
335 3310 474 3382 semper
502 3291 610 3361 fuisse
643 3292 811 3373 dicerent,
846 3299 909 3361 aut
942 3312 1005 3361 sua
1038 3301 1163 3382 sponte

116 3428 194 3482 esse
227 3416 322 3488 nata,
350 3408 660 3477 autminutorum
691 3409 865 3477 seminum
893 3406 1163 3500 conglobatione

116 3532 293 3594 concreta
346 3521 495 3614 Semper
512 3523 618 3593 firisse
642 3546 713 3594 non
735 3530 863 3615 potest,
881 3523 976 3614 quod
993 3531 1031 3592 et
1051 3532 1106 3594 est
1125 3534 1164 3594 et

116 3641 206 3711 risui
233 3639 415 3731 subjacet3
450 3641 566 3731 ipsum
596 3641 692 3709 enim
716 3662 792 3709 esse
819 3640 894 3711 sine
917 3638 1035 3732 aliquo
1060 3641 1163 3710 initio

115 3779 189 3828 non
209 3765 339 3848 potest.
391 3755 465 3827 Sua
489 3766 615 3848 sponte
643 3766 766 3825 autem
792 3755 880 3824 nihil
910 3757 1006 3825 nasci
1035 3763 1162 3849 potest,

115 3876 201 3967 quia
216 3872 317 3944 nulla
338 3884 393 3944 est
415 3874 491 3943 sine
511 3881 704 3966 generante
728 3880 862 3943 natura.
915 3871 1059 3943 Semina
1080 3894 1163 3941 vero

115 3990 324 4084 principalia
340 3990 516 4081 quomodo
534 4011 609 4061 esse
626 3997 829 4079 potuerunt,
847 4010 957 4080 quum
975 3996 1014 4057 et
1029 3988 1164 4069 semina

116 4130 163 4177 ex
192 4107 300 4177 rebus
329 4106 496 4187 oriantur,
526 4114 565 4175 et
594 4106 746 4175 vicissim
781 4128 835 4175 res
869 4128 914 4175 ex
945 4104 1162 4175 seminibus?

118 4221 273 4325 Nullum
290 4222 400 4313 igitur
416 4243 538 4291 semen
554 4228 618 4302 est,
635 4220 730 4311 qnod
748 4221 919 4312 originem
932 4244 1005 4291 non
1022 4221 1163 4291 babeat.
