2867 4817
455 293 604 357 LIBER
626 293 820 359 PRIMUS.
1093 290 1158 357 265

113 464 233 545 lamus
249 488 357 552 orare,
374 467 590 541 velauribus
606 470 725 563 potuit
744 470 842 553 scire,
858 468 916 541 vel
938 470 1047 565 ipsius
1055 471 1158 541 ‘vocis

113 604 214 665 sono,
232 606 302 675 qua
317 582 452 655 utimur
467 586 505 655 in
521 586 691 678 precibus,
709 588 891 658 noscitare.

168 698 337 771 XXVII.
357 700 528 777 Nondum
544 712 599 774 est
615 703 713 775 locus
735 712 777 773 ut
797 703 1014 797 explicemus
1030 724 1155 773 omnes

112 814 214 899 istos,
244 817 304 909 qui
334 842 397 889 nos
427 819 607 905 damnent,
640 821 701 913 qui
734 820 815 903 siut,
844 818 901 891 vel
935 819 1029 889 unde
1062 819 1154 890 sint:

113 940 288 1023 quantum
313 932 456 1026 possint,
484 935 541 1007 vel
565 936 749 1006 noverint:
783 958 847 1007 cur
871 937 915 1007 ad
941 934 1072 1033 Christi
1094 958 1156 1028 pa·

115 1059 223 1120 veant
248 1052 474 1135 mentionem,
500 1052 688 1146 discipulos
718 1075 782 1124 cur
795 1053 879 1145 ejus
905 1051 1065 1122 inimicos
1089 1052 1156 1122 ha·

114 1166 224 1238 beant
237 1176 275 1238 et
287 1168 425 1241 invisos.
451 1169 555 1252 Quod
570 1180 689 1241 tamen
700 1170 896 1241 humanum
908 1167 1157 1261 pollicentibus

114 1306 257 1354 sensum
274 1308 345 1356 una
361 1288 491 1378 pariter
507 1287 711 1358 definitione
730 1288 900 1382 figamus3
929 1286 1017 1356 nihil
1034 1307 1157 1357 sumus

114 1399 213 1471 aliud
239 1400 437 1485 Christiani,
460 1402 526 1473 nisi
551 1404 719 1497 magistro
745 1402 885 1475 Christo
910 1402 1038 1473 summi
1064 1402 1157 1495 regis

114 1540 158 1589 ac
183 1517 348 1611 principis
373 1527 616 1590 veneratores:
651 1519 750 1603 nihil,
773 1520 802 1590 si
827 1520 1032 1602 consideres,
1059 1517 1155 1589 aliud

114 1634 273 1707 invenies
290 1636 327 1705 in
343 1634 410 1707 ista
426 1636 595 1731 religione
611 1638 751 1707 versari.
786 1634 874 1707 Haec
891 1636 1002 1706 totius
1018 1658 1157 1710 summa

116 1760 172 1823 est
213 1753 371 1836 actionis,
413 1751 472 1823 hic
510 1754 708 1846 propositus
745 1753 917 1823 terminus
955 1751 1156 1821 divinorum

117 1865 321 1952 officiorum,
348 1870 408 1940 hic
432 1869 520 1953 linis,
544 1870 629 1941 huie
658 1892 781 1941 ornnes
807 1892 852 1971 ex
879 1891 979 1939 more
1004 1876 1156 1960 proster-

116 1984 242 2069 nimur,
278 1984 372 2059 huuc
408 1986 545 2057 collatis
579 1987 742 2081 precibus
779 1986 974 2067 adoramus,
1007 1985 1053 2055 ab
1087 1984 1155 2055 hoc

109 2098 218 2192 justa,
249 2111 286 2173 et
313 2103 472 2187 honesta,
505 2113 544 2175 et
576 2104 700 2175 auditu
733 2105 809 2197 ejus
842 2102 1016 2196 condigna
1049 2102 1156 2194 depo-

116 2217 264 2292 scimus:
293 2242 363 2290 non
389 2243 459 2312 quo
484 2221 558 2314 ipse
587 2220 763 2291 desideret
789 2220 963 2313 supplices
983 2240 1047 2288 nos
1069 2240 1154 2300 esse,

117 2341 179 2404 aut
203 2344 299 2407 amet
324 2336 499 2409 substerni
524 2346 580 2407 tot
604 2336 757 2407 millium
780 2334 1044 2407 venerationem
1062 2331 1154 2429 (sor.

116 2450 228 2523 millia
260 2454 296 2522 in
321 2455 593 2537 venerationem,
623 2452 818 2547 Mearec‘uc)
848 2454 989 2525 videre:
1019 2450 1154 2523 utilitas

117 2568 190 2639 haec
206 2579 326 2641 nostra
342 2580 406 2654 est,
424 2580 462 2642 et
479 2572 654 2643 commodi
671 2572 781 2643 nostri
793 2570 966 2641 rationem
979 2577 1153 2661 spectans.

115 2805 248 2895 petitus
271 2805 358 2874 vitio
385 2827 505 2876 sumus
530 2803 743 2874 infirmitatis
769 2803 945 2897 ingenitae,
961 2802 1095 2893 patitur
1117 2823 1155 2870 se

116 2942 253 3013 semper
268 2922 396 2993 nostris
413 2922 685 3017 cogitationibus
707 2920 863 3013 concipi:
889 2926 931 2989 ut
947 2918 1033 2987 dum
1053 2915 1155 2987 illum

116 3060 264 3121 oramus,
290 3046 327 3107 et
354 3038 479 3109 mereri
509 3038 585 3130 ejus
613 3036 859 3109 contendimus
880 3056 1036 3117 munera,
1063 3034 1155 3103 acci-

116 3154 252 3247 piamus
268 3155 475 3226 iunocentiae
498 3154 728 3236 voluntatem,
746 3162 784 3223 et
806 3154 852 3225 ab
868 3152 965 3222 omni
989 3172 1054 3220 nos
1073 3148 1152 3219 labe

117 3271 324 3343 delictorum
342 3273 498 3343 omnium
516 3272 759 3365 amputatione
774 3290 974 3363 purgemus.

164 3386 353 3459 XXVIII.
372 3388 467 3473 Quid
495 3388 611 3460 dicitis
636 3386 659 3458 ὃ
684 3388 782 3469 sacri,
804 3386 888 3477 quid
911 3382 1021 3454 divini
1046 3382 1154 3454 inter-

115 3516 230 3601 pretes
248 3505 361 3599 juris?
386 3505 584 3577 meliorisne
610 3511 692 3575 suut
717 3526 839 3585 causae,
863 3501 923 3594 qui
949 3498 1151 3572 Grrmdules

95 3624 261 3701 ,adorent
282 3622 381 3705 lares,
402 3621 491 3693 Aios
513 3622 693 3705 Locutios‚
711 3620 943 3701 limentinos,
966 3639 1072 3709 quam
1093 3640 1152 3687 su-

116 3763 192 3811 mus
217 3763 281 3811 nos
306 3762 428 3811 omnes
453 3740 514 3833 qui
539 3738 659 3809 Deum
684 3736 832 3809 colimus
856 3758 974 3805 rerum
1002 3743 1149 3828 patrem,

116 3866 220 3948 atque
237 3858 282 3926 ab
299 3880 342 3927 eo
359 3856 578 3949 deposcimus
595 3854 700 3926 rebus
716 3852 815 3924 fessis
833 3850 1150 3944 languentibusque

116 3974 311 4047 tutamina?
337 3974 386 4045 Et
402 3973 454 4043 illi
472 3974 551 4056 cati,
570 3972 756 4064 sapientes,
773 3967 1034 4062 prudentissimi
1050 3965 1150 4036 vobis

117 4092 287 4173 videntur,
306 4114 372 4162 nec
394 4090 672 4185 reprehensionis
695 4086 811 4169 ullius,
835 4085 895 4179 qui
918 4084 1067 4166 Faunos
1090 4083 1151 4175 qui

118 4206 254 4291 Fatuae,
272 4209 525 4301 civitatumque
549 4206 691 4289 Genios,
709 4205 769 4298 qui
793 4203 926 4275 Pausos
947 4206 1152 4272 reverentur

158 4344 230 4386 vot.
250 4342 286 4384 ΙΙ.
599 4340 624 4382 M
642 4342 671 4382 m
