2867 4817
317 359 383 423 DE
405 356 808 423 PRAESCRIPTIONE
834 356 959 421 ΗΕΒ.
1101 354 1167 424 149

113 533 277 616 scribone,
295 534 478 605 invehitur
493 535 532 604 in
554 534 798 605 observatores
816 542 854 603 et
877 531 1078 602 defensores
1102 532 1168 601 eir-

112 650 338 721 cumcisionis
363 658 402 720 et
426 650 537 745 legis:
563 649 739 720 Hebionis
763 648 907 719 haeresis
933 656 998 718 est.
1049 645 1190 717 'limo-1
1206 660 1316 774 pispir.

113 766 237 837 theum
280 768 461 837 instruens
501 767 705 858 nuptiarum
744 789 885 859 quoque
923 765 1168 837 interdictores
1177 742 1308 841 indiis

111 882 303 977 suggillat:
339 884 393 952 ita
420 884 615 952 instituunt
645 880 820 965 Marcion,
849 890 886 952 et
915 878 1064 974 Apelles
1093 882 1170 974 ejus

87 1008 265 1083 seecutor.
318 998 435 1091 AEque
451 1000 570 1093 tangit
590 1000 738 1091 eosqui
768 999 927 1070 dicerent
944 999 1075 1069 factam
1092 999 1108 1091 j

111 1116 432 1187 resurrectionem:
467 1115 504 1186 id
531 1116 576 1185 de
605 1138 643 1187 se
674 1115 920 1188 Valentiniani
951 1116 1169 1187 adseverant.

111 1231 182 1303 Sed
212 1240 258 1303 et
291 1254 377 1302 cum
410 1230 636 1325 genealogias
671 1232 963 1303 indeterminatus
999 1231 1192 1313 nominata
1208 1239 1300 1290 'rim-i·
1313 1252 1343 1299 o,

113 1348 335 1420 Valentinus
358 1349 581 1442 agnoscitur:
608 1350 704 1443 apud
725 1372 832 1442 quem
855 1349 948 1421 AEon
970 1348 1031 1421 ille
1052 1349 1171 1419 nescio

111 1471 170 1562 qui
194 1470 288 1539 novi
314 1478 352 1539 et
377 1491 450 1538 non
475 1469 581 1540 unius
603 1470 766 1553 nominis,
783 1478 930 1564 generat
953 1494 975 1540 e
1002 1491 1066 1541 sua
1090 1468 1173 1539 cha·

72 1588 178 1658 sorite
195 1609 348 1658 sensum
365 1595 404 1656 et
420 1586 629 1669 veritatem;
652 1593 690 1657 et
707 1586 743 1655 hi
760 1608 864 1678 aeque
881 1592 1068 1679 procreant
1085 1585 1173 1655 duos

110 1726 318 1775 sermonem
343 1710 383 1772 et
406 1702 539 1772 vitam:
564 1700 694 1772 dehinc
716 1710 755 1773 et
778 1702 836 1773 isti
862 1708 1035 1797 generant
1058 1700 1173 1770 homi-

111 1843 195 1891 nem
213 1828 257 1891 et
268 1818 481 1903 ecclesiam:
505 1826 632 1911 estque
648 1818 727 1891 haec
744 1820 858 1914 prima
875 1820 1006 1913 ogdoas
1023 1840 1172 1889 aeonum.

113 1935 261 2007 Exinde
300 1936 428 2006 decem
465 1934 536 2019 alii,
578 1944 617 2007 et
659 1937 848 2008 duodecim
887 1935 1013 2029 reliqui
1053 1958 1172 2006 aeones

111 2056 213 2125 miris
231 2052 439 2123 nominibus
455 2054 626 2136 oriuntur,
645 2054 683 2123 in
699 2076 836 2125 meram
852 2051 1010 2124 fabulam
1028 2053 1174 2146 triginta

74 2193 270 2257 rsaeonum.
341 2167 445 2239 Idem
469 2168 650 2261 apostolus
675 2192 758 2239 cum
783 2168 961 2264 improbat
988 2168 1283 2239 clementissmo.

112 2288 327 2368 servientes,
342 2284 499 2377 aliquem
517 2284 784 2380 Hermogenem
802 2286 968 2371 ostendit,
985 2286 1045 2378 qui
1063 2294 1176 2356 mate-

112 2405 204 2475 riam
237 2426 314 2473 non
346 2412 468 2472 natum
497 2403 736 2487 introducens,
768 2403 848 2474 Deo
880 2426 953 2475 non
981 2410 1067 2474 nato
1096 2426 1175 2473 eam

113 2528 325 2615 comparat:
346 2520 454 2590 etita
468 2526 621 2591 matrem
638 2519 898 2591 elementorum
912 2521 1015 2591 deam
1034 2520 1175 2604 faciens,

114 2646 241 2731 potest
275 2638 310 2707 ei
345 2637 485 2718 servire,
519 2658 626 2728 quam
662 2635 743 2708 Deo
777 2646 968 2731 comparat.
1019 2637 1176 2709 Joannes

71 2778 203 2830 20vero
245 2755 285 2822 in
319 2749 533 2845 Apocalypsi
567 2751 769 2846 idolothyta
802 2754 949 2825 edentes
982 2762 1021 2825 et
1055 2762 1177 2847 stupra
1185 2770 1262 2833 apoc
1274 2768 1300 2817 ri.

112 2871 391 2942 committentes
415 2868 521 2961 jubet
551 2870 734 2964 castigare.
787 2869 881 2942 Sunt
915 2880 953 2943 et
987 2894 1082 2943 nunc
1116 2871 1176 2942 alii

117 2986 341 3068 Nicolaitae3
369 2984 502 3056 Caisna
523 2985 669 3058 haeresis
694 2987 834 3059 dicitur.
885 2987 940 3059 At
965 2990 1002 3059 in
1027 2988 1198 3083 epistolar
1213 2996 1322 3049 loun-ii·

115 3130 181 3178 eos
204 3102 368 3175 maxime
393 3102 618 3175 antichristos
643 3113 758 3188 vocat,
776 3106 837 3197 qui
863 3105 1046 3177 Christum
1071 3130 1177 3201 nega-

117 3232 200 3294 rent
226 3222 267 3291 in
293 3242 400 3291 carne
425 3221 572 3303 venisse,
598 3222 723 3314 etqui
753 3245 825 3294 non
854 3232 1022 3317 putarent
1051 3223 1177 3295 Jesnm

72 3363 197 3434 25esse
221 3336 359 3409 Filium
382 3336 472 3407 Dei:
497 3335 587 3408 illud
611 3336 786 3423 Marcion,
807 3340 876 3411 hoc
899 3338 1043 3411 Hebion
1066 3340 1179 3411 vindi-

117 3459 227 3527 cavit.
282 3454 500 3525 Simonianae
526 3462 650 3525 autem
675 3458 805 3550 magiae
831 3457 1017 3550 disciplina
1043 3458 1314 3551 angelismrouu.

119 3576 291 3655 serviens,
325 3572 449 3663 utique
478 3579 517 3642 et
546 3572 623 3663 ipsa
654 3573 750 3643 inter
781 3572 998 3645 idololatrias
1032 3574 1180 3667 deputa·

120 3694 239 3774 batur,
266 3696 307 3760 et
333 3712 356 3758 a
380 3686 490 3759 Petro
511 3688 673 3781 apost-olo
700 3689 840 3782 inipso
865 3689 1012 3762 Simone
1037 3692 1309 3763 damna-sevis.

122 3810 241 3879 batur.

74 3962 115 4017 30
175 3924 273 3995 Haec
298 3931 392 4005 sunt,
409 3931 452 3993 ut
476 3922 637 4007 arbitror,
660 3947 792 4018 genera
816 3926 1056 3998 doctrinarum
1081 3928 1182 3999 adul·
1225 3950 1307 4000 car.

124 4046 334 4126 termarum,
352 4065 433 4134 quae
450 4043 517 4113 sub
532 4043 703 4135 apostolis
721 4044 828 4117 fuisse
851 4046 896 4117 ab
913 4048 996 4139 ipsis
1013 4046 1181 4139 apostolis
1204 4014 1330 4067 ΜΝ

126 4160 317 4230 discimus:
345 4166 521 4229 ettamen
544 4158 680 4230 nullam
703 4160 903 4233 invenimus
921 4163 1182 4233 institutionem

127 4276 223 4346 inter
252 4282 310 4345 tot
339 4274 562 4346 diversitates
594 4278 878 4369 perversitatum,
909 4300 990 4369 quae
1025 4278 1070 4347 de
1104 4276 1184 4345 Deo
