2867 4817
285 346 351 409 DE
375 346 532 413 OPERE
556 348 621 413 ΕΤ
645 347 999 415 ELEEMOSYNIS.
1102 354 1167 417 315

111 521 261 591 terrenis
287 520 455 604 coelestia,
480 542 545 615 pro
569 523 825 615 temporalibus
854 526 1076 617 sempiterna,
1102 550 1166 620 pro

109 636 260 707 modicis
284 658 416 731 magna
439 638 624 730 praestare!
650 638 776 710 offerre
799 662 864 711 nos
888 640 996 724 Patri,
1021 644 1079 712 cui
1101 666 1166 715 nos

107 774 172 823 sna
200 752 484 825 sanctificatione
511 755 676 837 restituit,
703 757 943 827 aeternitatem
968 758 1071 829 nobis
1100 761 1166 831 im·

107 868 438 960 mortalitatemque
464 869 591 963 largiri,
617 870 662 940 ad
688 894 794 962 quarn
819 894 885 941 nos
910 875 1090 967 sanguinis
1110 876 1165 946 sui

82 986 349 1063 svivificetione
371 988 556 1079 reparavit,
582 988 730 1059 reduces
755 987 801 1058 ad
823 988 1024 1080 paradisum
1048 991 1165 1062 denuo

105 1100 238 1183 facere,
265 1122 377 1195 regna
406 1100 575 1173 coelorum
604 1103 675 1173 fide
705 1110 743 1175 et
776 1106 928 1175 veritate
957 1128 1032 1175 suae
1061 1106 1165 1198 polli-

105 1217 289 1287 citationis
318 1217 476 1310 aperire!
514 1217 607 1290 Haec
636 1218 797 1290 haereant
825 1220 975 1289 firmiter
1004 1222 1164 1291 sensibus

105 1334 248 1413 nostris,
264 1332 345 1403 haec
368 1332 614 1427 intelligantur
634 1334 740 1427 plena
760 1334 841 1417 fide,
858 1334 937 1405 haec
960 1336 1065 1405 corde
1086 1344 1164 1405 toto

106 1448 312 1543 diligantur,
341 1448 421 1519 haee
450 1450 726 1520 indesinentium
755 1473 904 1543 operum
930 1453 1165 1543 magnanimi-

66 1571 182 1634 1otate
208 1564 439 1635 redimantur.
492 1562 664 1636 Praeclara
689 1574 728 1636 et
754 1566 873 1636 divino
901 1588 958 1635 res
984 1564 1077 1660 (sor.
1107 1589 1163 1637 res

106 1682 187 1770 est),
223 1678 350 1750 fratres
383 1679 563 1763 carissimi,
593 1679 756 1751 salutaris
790 1682 959 1773 operatio,
994 1681 1161 1752 solatium

105 1795 241 1889 grande
267 1796 498 1878 credentium,
525 1798 724 1868 securitatis
748 1807 876 1868 nostrae
906 1797 1046 1867 salubre
1075 1821 1164 1890 pree-

106 1910 250 1994 sidium,
268 1912 532 1983 murrimentum
555 1913 639 2004 spei,
662 1912 780 1983 tutelo
799 1912 893 1995 fidei,
918 1912 1061 1982 medela
1081 1934 1164 2005 peo-

106 2028 188 2109 esti,
206 2050 266 2099 res
285 2028 404 2120 posita
423 2028 461 2097 in
483 2034 663 2120 potestate
685 2028 859 2114 facientis,
879 2052 938 2099 res
960 2036 997 2099 et
1018 2030 1162 2122 grandis

67 2172 76 2211 ι
82 2152 145 2229 5et
171 2144 298 2227 facilis,
324 2145 401 2215 sine
422 2144 584 2237 periculo
604 2146 870 2239 persecutionis,
898 2168 1028 2215 corona
1055 2148 1161 2237 pacis,

106 2283 233 2331 reram
263 2260 333 2331 Dei
365 2283 495 2333 munus
524 2270 562 2333 et
591 2263 799 2345 maximum,
825 2262 973 2333 infirmis
1002 2284 1162 2333 necesse-

106 2377 211 2459 rium,
239 2376 390 2447 fortibus
418 2375 632 2469 gloriosum
666 2399 737 2469 quo
767 2376 987 2447 Christianus
1016 2376 1159 2468 adjutus

106 2493 240 2586 perfert
261 2493 412 2586 gratiam
432 2492 637 2585 spiritalem,
657 2501 881 2586 promeretur
901 2492 1084 2565 Christum
1099 2495 1159 2587 ju-

106 2610 235 2694 dicem,
259 2609 378 2681 Deum
403 2620 588 2704 computat
613 2610 823 2683 debitorem.
874 2609 936 2679 Ad
957 2610 1050 2681 hanc
1075 2634 1158 2704 ope·

64 2746 188 2795 rorum
213 2722 418 2797 salutarium
440 2724 595 2818 palmam
618 2725 772 2797 libenter
793 2748 835 2795 ac
858 2732 1024 2817 prompte
1045 2734 1158 2795 certe-

106 2862 197 2923 mm,
215 2862 340 2913 omnes
359 2843 398 2911 in
421 2864 534 2936 egone
550 2842 703 2934 justitiae
728 2840 809 2912 Deo
831 2850 870 2910 et
893 2840 1037 2911 Christo
1059 2863 1158 2933 spec-

104 2964 211 3029 tante
237 2980 428 3043 curramm,
457 2967 495 3031 et
524 2959 584 3050 qui
614 2957 748 3029 saeculo
775 2966 814 3028 et
842 2958 979 3027 mundo
1006 2956 1157 3047 majores

105 3096 187 3146 esse
202 3074 280 3166 jam
301 3077 480 3168 eoepimm
503 3096 646 3147 cursim
666 3081 829 3145 nostrum
851 3073 951 3145 nulla
974 3072 1096 3144 saeeuli
1118 3081 1157 3142 et

105 3191 230 3263 mundi
247 3192 442 3284 eupiditate
457 3192 648 3263 tardemus.
695 3190 735 3260 Si
752 3191 949 3284 expeditos,
966 3190 996 3260 si
1012 3189 1154 3273 celeres,

63 3308 134 3391 rsu'
163 3308 202 3379 in
231 3306 300 3378 boe
324 3308 438 3400 operis
467 3329 580 3401 egone
610 3314 791 3379 currentes
820 3307 900 3378 dies
924 3328 989 3377 nos
1018 3305 1077 3377 vel
1101 3329 1156 3376 re-

105 3424 250 3496 ditionis
283 3422 342 3495 vel
370 3423 623 3516 persecutionis
657 3422 843 3505 invenerit,
872 3443 1048 3513 nusquam
1081 3419 1156 3491 Do-

104 3540 224 3611 minus
245 3538 384 3611 neritis
404 3540 535 3611 nostris
554 3538 600 3609 ad
622 3538 808 3631 praemium
823 3537 948 3608 deerit.
999 3536 1045 3606 In
1066 3557 1154 3629 pace

104 3656 329 3729 riuoentibus
353 3676 521 3727 coronam
544 3652 732 3728 condidam
759 3676 824 3747 pro
849 3652 1015 3745 operibus
1043 3652 1153 3734 dabit,

104 3772 142 3845 in
156 3773 404 3866 persecutione
420 3791 633 3865 purpuream
649 3794 715 3865 pro
729 3771 891 3863 possione
906 3768 1113 3863 geminabit.
