2867 4817
290 335 356 404 ³94
709 335 929 400 CANONES

292 507 544 612 κηρυχθέυτας,
566 510 625 588 καὶ
647 506 731 593 τοὺς
752 507 842 609 μετὰ
866 518 980 589 ταῦτα
1003 512 1064 617 ὑφ’
1091 511 1194 611 ἡμῶν
1211 514 1340 593 ἁναθε·

292 635 541 735 ρατισθέντας·
574 635 664 738 πρὸς
692 635 731 716 δέ
757 635 905 735 τούτοις,
929 642 989 718 καὶ
1015 636 1098 724 τούς
1125 638 1194 740 τὴν
1219 642 1346 722 πίστιν

293 762 359 862 μὲν
385 760 452 862 τὴν
480 765 561 865 ὑγιῆ
592 763 923 868 προσποιουμένους
950 767 1155 870 ὁμολογεῖν,
1181 770 1342 874 ἀποσχί-

294 923 432 976 σαντας
456 888 494 970 δέ
518 894 576 971 καὶ
598 891 903 995 ἀυτισυνύγοντας
927 901 1002 978 τοῖς
1029 903 1225 980 καυονικοῖς
1245 898 1347 997 ἡμῶν

295 1017 514 1102 ἐπισκόποις.
546 1017 665 1099 ἔπειτα
691 1017 730 1100 δέ
754 1021 813 1100 καὶ
838 1019 872 1100 εἴ
890 1053 983 1105 τινες
1007 1027 1081 1102 τῶν
1104 1021 1178 1104 ἀπὸ
1200 1026 1265 1121 τῆς
1283 1026 1375 1104 ἐκ·5

295 1145 451 1245 κλησίας
471 1146 530 1226 ἐπὶ
561 1146 688 1230 αίτίαις
713 1149 791 1226 τισὶ
814 1148 1173 1250 προκατεγνωσμένοι
1192 1145 1261 1229 εἷεν
1290 1153 1349 1230 καὶ

294 1272 594 1374 ἀποβεβλημένοι,
613 1271 636 1374 ἢ
661 1273 901 1374 ἀκοινώνητσι,
925 1275 994 1357 ε’ίτε
1016 1274 1089 1357 ἀπὸ
1112 1274 1261 1379 κλήρου,
1279 1275 1349 1358 ε’ίτε

294 1400 368 1484 ἀπὸ
390 1411 516 1484 λαἰκοῦ
538 1401 733 1505 τάγματος·
763 1402 852 1504 μηδὲ
874 1404 1014 1490 τούτοις
1036 1405 1165 1512 ἐξεῖναι
1187 1439 1345 1508 κατηγο·

294 1538 368 1634 ρεῖυ
394 1527 603 1629 ἐπισκόπου,
622 1533 708 1635 πρὶν
725 1527 772 1610 ἂν
797 1529 841 1611 τὸ
868 1537 997 1612 οἰκεῖον
1023 1533 1188 1635 ἔγκλημα
1213 1531 1345 1636 πρότε-

293 1691 358 1762 ρον
375 1658 637 1740 ἀποδύσωνται.
671 1659 802 1757 ὁμοίως
825 1655 864 1738 δέ
892 1664 952 1739 καὶ
978 1657 1061 1745 τούς
1089 1660 1159 1742 ὑπὸ
1186 1695 1347 1764 κατηγο·
1363 1693 1398 1732 10

294 1787 376 1892 ρίαν
405 1795 671 1892 προλαβοῦσαν
703 1784 809 1870 ὄντας
840 1785 891 1887 μὴ
922 1787 1098 1892 πρότερον
1126 1787 1270 1874 &mois
1299 1795 1351 1876 εἰς

294 1913 494 1996 ἐπισκόπου
521 1913 738 2016 κατηγορίαν
764 1910 788 2014 ἢ
816 1913 945 2017 ἑτέρων
972 1921 1163 2019 κληρικῶν,
1190 1919 1277 2020 πρὶν
1302 1915 1352 1998 ἂν

295 2042 432 2126 ἀθώσυς
450 2038 593 2125 ἑαυτούς
613 2047 687 2120 τῶν
713 2041 940 2146 ἐπαχθεντωυ
962 2044 1082 2128 αὐτοῖς
1106 2043 1353 2151 ἀποδείξασιν

294 2169 541 2273 ἐγκλημάτων.
582 2175 612 2248 εἰ
642 2168 709 2268 μέν
739 2202 795 2248 τοι
822 2167 914 2253 τινές
940 2169 1029 2270 μήτε
1057 2174 1233 2275 αἱρετικοὶ,
1257 2169 1352 2273 μήτε

294 2298 522 2400 ἀκοινιύιητσι
539 2294 618 2396 εἶεν,
641 2294 731 2396 μήτε
755 2298 1041 2400 κατεγνωσμένοι
1064 2297 1088 2401 ἢ
1115 2333 1346 2404 προκατηγο·
1364 2345 1376 2384 ι
1382 2343 1396 2402 5

295 2425 440 2531 ρημένοι
468 2426 529 2506 ε’πί
561 2459 638 2504 τισι
673 2423 975 2525 πλημμελήμασι,
1009 2427 1149 2530 λέγοιεν
1180 2427 1219 2508 δέ
1254 2429 1352 2534 ἔχειν

295 2553 375 2634 τινὰ
386 2549 690 2654 ἐκκλησιαστικὴν
708 2550 800 2631 κατὰ
816 2560 881 2632 τοῦ
898 2552 1097 2634 ἐπισκόπου
1114 2557 1347 2659 κατηγορίαν·

294 2682 441 2770 τούτους
459 2681 594 2762 κελεύει
615 2681 637 2781 ἡ
659 2680 746 2782 ἁγία
768 2678 921 2765 σύνοδος
937 2688 1083 2786 πρῶτον
1105 2680 1171 2782 μὲν
1193 2685 1251 2762 ἐπὶ
1274 2691 1352 2765 τῶν

294 2815 358 2910 τῆς
373 2811 543 2915 ἐπαρχίας
560 2807 706 2891 πάντων
724 2804 932 2888 ἐπισκόπων
950 2811 1164 2892 ἐνίστασθαι
1181 2808 1247 2895 τὰς
1262 2844 1350 2892 κατ.

297 3074 383 3153 ejecti
397 3085 477 3144 aunt,
489 3083 520 3131 ct
531 3071 581 3149 qui
592 3083 661 3131 aunt
672 3084 801 3151 postona
841 3083 873 3130 et
893 3089 952 3139 ecs,
975 3074 1026 3151 qui
1050 3075 1105 3132 nub
1129 3073 1227 3152 priore
1250 3073 1349 3133 adhuc

298 3156 382 3216 nobie
402 3153 657 3214 anathematizati:
682 3151 720 3211 ad
738 3153 801 3212 hoc
841 3154 1025 3213 accusatione
1037 3153 1180 3220 laborant,
1191 3173 1250 3212 non
1265 3155 1349 3233 priua

298 3249 395 3296 autem
420 3247 450 3294 et
477 3255 536 3304 eos,
564 3233 614 3311 qui
642 3253 673 3292 ae
700 3253 798 3292 ennom
839 3232 878 3292 ad
898 3235 1026 3314 episcopi
1048 3234 1093 3294 vel
1115 3235 1239 3294 aliorum
1261 3235 1348 3294 cleri·

296 3316 415 3394 quidem
439 3315 526 3374 fidem
542 3315 674 3374 confiteri
692 3335 753 3392 prae
768 3333 799 3372 ae
840 3335 940 3374 corum
971 3315 1183 3376 accusationem
1216 3313 1347 3384 admitti,

298 3397 408 3464 ferunt,
437 3395 526 3454 avulsi
554 3404 652 3455 autem
676 3405 746 3454 sunt
770 3406 801 3454 et
840 3415 928 3473 quam
942 3396 1163 3474 aeobjectorum
1179 3395 1235 3455 aibi
1248 3395 1349 3454 crimi-

297 3477 425 3544 cbacioai.
443 3488 473 3536 et
491 3476 629 3536 adversus
648 3475 801 3536 canonicos
840 3496 911 3534 num
926 3477 1057 3536 inaontea
1067 3476 1261 3536 ostenderint.
1287 3477 1349 3536 Sed

298 3570 413 3618 nostros
441 3557 591 3636 episcopos
619 3556 799 3634 congregati·
840 3557 1349 3625 uinonnullincchtereticimecex.

297 3659 381 3698 onem
394 3639 515 3698 faciunt.
546 3637 692 3696 Praeterea
702 3650 800 3697 autem
841 3639 1047 3698 communicati
1060 3639 1181 3707 fuerint,
1196 3658 1251 3696 nec
1264 3638 1349 3718 priua

297 3731 328 3780 ct
346 3721 370 3778 ai
392 3720 482 3798 aliqui
502 3739 602 3778 corum
624 3719 660 3777 ab
681 3717 802 3778 ecclesia
842 3717 981 3787 damnati,
998 3719 1044 3778 vel
1064 3719 1227 3797 aliquorum
1247 3719 1348 3777 crimi.

298 3801 336 3859 ob
360 3801 471 3879 aliquos
498 3821 598 3858 causas
626 3800 707 3878 prius
731 3819 800 3858 oon-
842 3819 911 3857 num
930 3800 1067 3868 accusati,
1082 3800 1181 3858 dicant
1200 3811 1301 3858 autem
1315 3819 1348 3858 ac

298 3881 482 3950 denuntiet
501 3880 597 3957 ejecti,
619 3880 664 3938 vel
683 3899 800 3940 excom·
841 3880 947 3939 habere
988 3880 1196 3940 ecclesiasticas
1233 3879 1348 3958 aliquas

297 3963 437 4022 munioati
452 3962 573 4026 fuerint,
587 3962 648 4020 aive
663 3981 698 4019 ex
710 3960 799 4030 clero,
840 3960 979 4020 adversus
1008 3962 1176 4040 episcopum
1209 3960 1347 4020 crimine·

297 4045 358 4102 aive
379 4063 415 4102 cx
437 4041 574 4100 laicorum
597 4041 716 4108 ordine,
746 4061 800 4101 nec
840 4041 953 4112 tionee;
975 4063 1025 4101 eoa
1039 4043 1126 4120 jubet
1145 4053 1348 4120 muctaayno.

297 4123 339 4184 eia
357 4123 445 4183 licere
465 4123 632 4202 episcopum
654 4141 797 4189 accusare,
841 4122 906 4189 dua,
919 4123 1045 4200 primum
1055 4123 1171 4201 quidem
1183 4121 1263 4200 apud
1276 4141 1349 4200 pro-

296 4205 464 4284 priuaquom
502 4204 651 4282 proprium
690 4203 799 4262 crimen
841 4204 943 4262 vincioe
961 4202 1113 4283 episcopos
1129 4202 1347 4262 accusationem

296 4285 493 4344 absterserint.
535 4283 678 4342 Similiter
699 4294 798 4343 antem
840 4283 1001 4355 intendere,
1018 4295 1048 4344 et
1062 4284 1141 4364 apud
1154 4303 1204 4343 eoa
1222 4283 1348 4362 probare
