2867 4817
276 314 341 377 284
461 306 662 373 ARNOBII
686 304 934 371 ADVERSUS
955 304 1144 371 GENTES

276 486 402 581 quibus
436 486 622 557 conveniat
649 482 834 564 medicina,
861 490 924 551 aut
956 489 1033 553 arte
1061 481 1186 563 curari,
1215 477 1323 549 locus

276 602 380 696 hujus
402 599 515 672 laudis
536 622 608 670 nun
624 600 661 669 iu
679 596 769 681 Deo,
786 596 848 669 sed
870 599 908 667 in
929 597 1073 669 homine
1100 598 1321 668 constitutus

277 728 341 791 est.
393 716 501 788 Hunc
530 715 625 787 euim
654 738 726 785 non
755 722 811 785 est
835 724 939 809 turpe
964 714 1068 785 rebus
1097 715 1324 785 extrinsecus

279 834 427 927 sumptis
449 832 687 903 valetudinem
709 830 862 901 bominis
887 828 1011 899 fecisse
1031 828 1235 899 meliorem:
1266 828 1324 897 in-

280 952 446 1022 decorum
472 947 550 1019 Deo
572 956 636 1031 est,
660 969 732 1017 uon
757 947 873 1039 ipsum
894 967 959 1037 per
977 965 1015 1015 se
1034 966 1146 1037 posse,
1169 944 1234 1014 sed
1258 964 1326 1013 ex·

280 1076 459 1139 ternarum
484 1064 704 1137 adminiculis
732 1085 851 1134 rerum
879 1062 1066 1131 sanitatem
1097 1060 1325 1130 incolumita-

281 1194 426 1275 temque
443 1190 615 1277 prestare.

330 1297 472 1393 XLIX.
500 1297 548 1368 Et
576 1298 741 1391 quoniam
768 1294 938 1367 beneficia
966 1293 1090 1364 salutis
1118 1294 1211 1364 datae
1237 1292 1326 1363 alio-

282 1440 360 1486 rum
389 1416 574 1486 numinum
593 1413 816 1507 comparatis,
846 1420 884 1482 et
913 1410 1066 1483 Christi:
1096 1420 1185 1503 quot
1209 1408 1326 1479 millia

187 1526 190 1535 ’
283 1532 389 1603 vultis
414 1556 436 1603 a
459 1532 560 1603 uobis
580 1528 750 1602 debilium
772 1528 871 1599 vobis
892 1527 1040 1610 ostendi,
1057 1536 1144 1620 quot
1171 1526 1326 1596 tabificis

283 1648 426 1721 affectos
459 1647 598 1730 morbis,
632 1645 767 1717 nullam
800 1646 944 1714 omnino
982 1642 1144 1714 ret-ulisse
1177 1642 1327 1731 medici·

283 1764 389 1836 namt
423 1786 505 1836 cum
530 1784 593 1855 per
615 1763 734 1832 omnia
757 1759 932 1853 supplices
956 1760 1047 1830 irent
1071 1760 1215 1852 templa,
1241 1780 1327 1831 cum

285 1884 430 1954 deorum
453 1890 536 1951 aute
561 1901 622 1949 ora
643 1878 818 1971 prostrati,
836 1876 957 1947 limina
978 1877 1054 1970 ipsa
1074 1886 1328 1947 converrerent

286 1999 431 2071 osculis:
457 2019 539 2069 oum
556 1994 800 2088 AEsoulapium
816 1995 932 2087 ipsum
952 1994 1111 2065 datorem
1127 1992 1184 2082 (ut
1200 1994 1331 2086 praedi-

286 2114 383 2205 caut)
411 2114 580 2194 sanitatis,
604 2111 718 2204 quoad
745 2110 815 2181 illis
837 2110 1010 2203 superfuit
1036 2112 1119 2193 vita,
1145 2118 1184 2180 et
1212 2111 1330 2203 preci-

286 2230 353 2299 bus
370 2227 566 2322 fatigarent,
583 2233 621 2297 et
637 2226 827 2296 invitarent
842 2228 1044 2298 miserrimis
1060 2228 1162 2297 votis.
1193 2225 1333 2297 Nonne

288 2344 374 2416 alios
391 2345 519 2415 scimus
536 2341 638 2413 malis
654 2342 726 2412 suis
746 2352 994 2427 commortuos,
1011 2342 1224 2415 cruciatibus
1239 2342 1333 2413 alios

288 2461 509 2533 consenuisse
524 2458 737 2539 morborum,
753 2461 980 2549 perniciosius
1001 2458 1087 2530 alios
1104 2480 1180 2530 sese
1195 2458 1334 2531 babere

289 2577 443 2669 coepisse,
470 2580 654 2667 postquam
683 2573 758 2645 dies
779 2584 970 2669 noctesque
992 2577 1030 2646 in
1051 2575 1228 2646 continuis
1249 2598 1335 2668 pre-

290 2693 398 2775 cibus,
440 2700 478 2761 ot
520 2691 662 2784 pietatis
700 2694 947 2784 expectatione
985 2692 1180 2763 trivenmtl
1232 2691 1333 2775 Quid

290 2831 373 2903 ergo
401 2808 542 2901 prodest
569 2808 754 2878 ostendere
777 2831 899 2892 unum,
922 2817 985 2881 aut
1003 2809 1154 2880 alterum
1181 2808 1335 2879 fortasse

278 2931 439 3007 curatos,
456 2946 538 2994 oum
554 2931 611 2994 tut
627 2922 784 2995 millibus
799 2925 1001 2997 subvenerit
1018 2948 1143 3009 nemo;
1170 2933 1207 2995 et
1224 2924 1335 3017 plena

292 3042 362 3111 sint
390 3040 508 3110 omnia
530 3040 747 3123 miserorum,
771 3040 1036 3136 infeliciumque
1061 3041 1233 3113 delubra?
1263 3044 1334 3114 uisi

293 3158 384 3229 forte
401 3155 534 3239 dicatis,
552 3176 655 3249 opem
673 3156 773 3227 bouis
787 3156 833 3227 ab
849 3157 916 3229 diis
931 3158 1023 3241 ferri,
1035 3158 1209 3229 mulorum
1225 3161 1336 3230 mise-

294 3276 362 3346 rius
390 3272 530 3365 despici.
576 3271 690 3366 Atqui
717 3270 879 3345 Christus
906 3274 1085 3367 equaliter
1112 3276 1223 3357 bouis,
1258 3298 1335 3347 ma·

295 3392 408 3483 lisque
429 3387 610 3459 subvenit:
636 3412 703 3459 nee
725 3389 884 3482 repulsus
905 3392 951 3462 ab
975 3392 1043 3462 hoc
1059 3393 1244 3485 quisquam
1266 3402 1333 3475 est,

296 3508 356 3600 qui
391 3506 494 3577 rebus
523 3504 693 3575 auxilium
728 3506 823 3578 duris
855 3516 978 3578 contra
1009 3510 1182 3601 impetum
1211 3517 1335 3603 postu·

297 3626 393 3698 labat
411 3623 622 3716 injurIasque
644 3622 803 3694 fortune.
853 3623 936 3696 Hoc
958 3634 1013 3695 est
1034 3628 1130 3697 enim
1152 3628 1333 3720 proprium

299 3742 373 3812 Dei
403 3740 487 3822 veri,
516 3740 752 3831 potentiaeque
780 3739 915 3835 regulis,
944 3740 1201 3836 benignitatem
1233 3765 1334 3814 suum

298 3878 427 3951 negare
450 3854 549 3937 nulli,
576 3878 642 3925 neo
671 3864 835 3948 reputare
863 3858 940 3948 quis
964 3867 1150 3942 mereatur,
1177 3868 1241 3930 aut
1268 3861 1334 3930 mi-

299 3973 414 4043 nime:
457 3992 539 4041 cum
568 3969 736 4041 naturalis
764 3970 948 4043 iufirmitas
972 3981 1194 4065 peccatorem
1223 3975 1335 4047 homi-

299 4108 382 4157 uem
404 4085 519 4167 faciat,
541 4108 611 4157 nou
636 4085 838 4171 voluntatis,
862 4109 924 4159 seu
943 4090 1171 4182 judicationis
1196 4090 1332 4163 electio.

301 4200 429 4271 Dicere
444 4224 546 4292 porro
562 4202 697 4271 meritis
712 4225 817 4293 opem
838 4204 1075 4277 laborantibus
1097 4208 1142 4277 ab
1158 4206 1226 4278 diis
1242 4208 1333 4289 ferri,
