2867 4817
430 318 826 391 TERTULLIANUS.
1113 328 1157 396 99

98 501 224 562 clericos
241 502 376 561 Romane
397 501 526 560 eeclesiae
547 499 747 580 zephyrinum
768 512 872 580 papam
891 495 1075 580 potissimum
1089 507 1154 560 tan-

98 622 170 680 gere
186 599 387 682 Hieronymus
401 599 524 667 ridetur,
542 598 611 658 linet
631 615 690 676 qus
709 597 827 657 demum
848 616 949 657 mussa
969 597 1098 658 alienam
1117 601 1154 660 ab

98 719 135 762 eo
157 717 253 778 usque
274 697 348 758 adeo
371 697 464 758 fuerit
489 697 701 766 Tertullianus,
721 715 781 755 non
809 707 890 755 serto
910 702 1034 754 mnatat.
1079 697 1153 758 Vide

99 799 263 857 Bistonium
291 795 330 855 sd
354 801 394 855 A.
415 795 450 853 G.
478 813 546 854 nor.
572 799 596 867 ξ.
620 813 667 853 10.
694 805 726 854 et
748 791 970 852 Tillenrontium
994 803 1065 853 torn.
1090 794 1151 854 111.

98 896 227 956 Memor.
244 895 287 954 Η.
300 894 339 953 Ε.
354 915 384 974 p.
401 911 435 952 nr
442 911 469 970 5.
484 893 553 968 664
567 911 626 970 seq.
654 893 848 957 Maroianaeus
861 890 972 951 edidit:
988 889 1050 952 Hic
1063 911 1153 974 usque

97 991 306 1072 -permansit
323 991 433 1051 inuidia
445 1000 545 1071 postea
560 993 613 1049 &a
633 991 734 1049 Fusa.

138 1089 260 1150 ther
275 1089 453 1149 Tertulliani
472 1089 509 1147 de
523 1088 681 1158 Pudicitia,
697 1089 734 1146 de
747 1087 831 1161 Fuga
848 1087 878 1146 in
892 1087 1103 1158 Persecutiore,
1117 1091 1154 1150 de

99 1189 235 1268 Jejuniis,
251 1198 283 1246 et
307 1186 492 1265 Monogamia
513 1193 625 1253 entant,
647 1185 699 1244 sed
719 1183 870 1264 perierunt
890 1181 958 1244 libri
979 1196 1092 1265 septem
1114 1187 1151 1246 de

98 1286 221 1355 Emer-si,
236 1304 362 1363 quorum
385 1295 415 1344 et
437 1302 525 1364 snpra
544 1305 568 1344 c.
586 1301 632 1358 24.
648 1293 678 1342 et
692 1301 742 1359 40.
781 1284 980 1364 Hieronymus
1004 1285 1150 1344 meminit.

99 1385 146 1442 Ex
160 1385 206 1442 his
218 1395 254 1443 ut
268 1384 413 1464 septimus
433 1384 551 1463 proprie
571 1383 709 1442 adversus
724 1381 903 1462 Apolbninrn
920 1383 969 1456 (de
987 1401 1046 1460 qno
1060 1405 1087 1445 c.
1101 1401 1150 1457 40.

98 1483 205 1542 dictum
234 1484 295 1556 est)
327 1482 369 1540 ita
389 1483 500 1562 priores
528 1501 578 1541 ses
606 1481 744 1540 videntur
766 1481 858 1539 fuisoe
885 1481 985 1562 scripti
1015 1481 1153 1541 adversus

96 1579 227 1640 Soterem
250 1581 423 1660 episcopum
447 1579 557 1638 Roman
599 1579 714 1638 Auctor
741 1578 946 1638 Prudentinati
969 1579 1073 1638 haeresi
1104 1579 1150 1637 26.

97 1677 219 1758 Scripsit
244 1687 350 1738 contra
373 1701 419 1738 eos
443 1677 670 1752 (Montanistas)
696 1677 800 1737 librum
822 1686 941 1737 sanctus
965 1679 1050 1738 Soter
1067 1691 1150 1758 papa

96 1775 181 1846 urbis,
196 1787 223 1837 et
239 1777 412 1856 Apollonius
427 1776 615 1856 Ephesiorum
637 1776 766 1835 antistes.
812 1776 920 1835 Contra
941 1798 1012 1857 quos
1030 1776 1149 1857 scripsit

100 1873 301 1932 Tertullianus
312 1874 466 1953 presbyter
483 1873 744 1953 Carthaginiensis.
783 1873 842 1940 Qui
856 1896 918 1934 eum
932 1876 1026 1935 amnia
1042 1876 1110 1935 bene
1123 1884 1150 1935 et

92 1970 181 2048 prime
194 1981 220 2030 et
235 1970 507 2050 incomparabiliter
521 1970 679 2049 scripserit,
696 1971 726 2029 in
741 1972 793 2030 hac
806 1972 896 2031 solum
917 1993 948 2031 se
968 1971 1147 2051 repreliensi-

96 2067 172 2126 bilem
188 2068 278 2146 sured,
315 2070 390 2148 quad
412 2069 582 2128 bloutauura
608 2067 745 2147 defendit,
774 2089 865 2148 agens
893 2077 992 2128 contra
1022 2070 1148 2129 Soterem

95 2167 287 2244 supradictum
316 2167 395 2224 serbis
414 2187 531 2245 papam.
573 2167 688 2224 Novam
711 2187 832 2246 operum
849 2165 1024 2226 Tertulliani
1042 2168 1147 2226 editio-

97 2281 157 2318 nem
180 2275 246 2342 post
269 2263 362 2322 Beati
384 2263 529 2333 Rhenani,
552 2263 663 2331 cerda,
688 2263 822 2330 Pamelii,
846 2262 968 2342 Rigaltii
988 2275 1019 2322 et
1041 2264 1147 2322 Priorii

97 2375 172 2417 curas
184 2359 214 2417 in
228 2359 329 2418 Gallia
348 2361 435 2419 bodie
449 2371 533 2438 parat
546 2359 746 2438 Malinganus,
761 2359 834 2418 Ord.
846 2359 1031 2419 Benedictini
1045 2380 1146 2418 mona-

96 2455 177 2515 chus:
198 2459 279 2516 etin
302 2457 394 2517 ltalia
416 2470 583 2537 exspectare
600 2458 706 2535 jubent
722 2458 775 2515 viri
798 2458 875 2516 docti
890 2478 928 2516 ex
942 2457 1145 2516 emendatione

97 2551 178 2633 Gasp.
193 2555 328 2636 Scioppii
343 2576 409 2614 cum
433 2557 510 2615 notis
528 2555 673 2614 Guidonis
689 2554 857 2615 Pancirolli.
881 2557 980 2614 Fran.
1025 2556 1146 2634 (Neque

98 2649 239 2721 Gallicam,
256 2673 357 2732 neque
379 2653 511 2712 Italicum
534 2653 691 2712 editionem
708 2653 884 2712 Tertulliani
905 2653 953 2712 bic
973 2675 991 2712 a
1012 2652 1146 2713 Fabricio

97 2763 342 2823 premonstratam
359 2751 417 2810 buo
431 2771 524 2829 usque
540 2751 690 2822 vidimus.)

135 2845 267 2918 i(Alium
280 2848 479 2928 Apollonium
494 2864 581 2926 atque
596 2848 679 2906 illum
694 2869 782 2928 supra
796 2859 1061 2916 commemoratum,
1076 2869 1146 2907 oon·

98 2941 282 3005 fundentibus
299 2967 356 3006 eos
380 2947 457 3004 inter
482 2967 513 3004 se
534 2945 692 3005 nonnullis.
736 2947 796 3006 His
818 2949 896 3006 euim
921 2947 1023 3006 Graeca
1044 2947 1145 3024 lingua

97 3040 223 3102 adversum
252 3045 438 3104 Montanum
467 3045 583 3124 scripsit
607 3065 691 3121 opus,
717 3045 802 3122 eujus
825 3045 989 3123 fragmenta
1012 3043 1144 3121 quaedam

99 3135 233 3200 Eusebius
246 3142 389 3201 servavit.
434 3141 479 3200 De
494 3163 529 3200 eo
543 3143 604 3220 agit
620 3142 820 3222 Hieronymus
835 3142 864 3200 in
879 3163 940 3221 cap.
951 3161 1001 3216 40,
1017 3142 1067 3199 ubi
1082 3142 1144 3200 hac

97 3238 194 3312 posuit,
213 3239 419 3298 Tertullianus
439 3261 490 3297 sea
511 3240 699 3298 ruluminibus
720 3241 859 3299 adunans
880 3241 1026 3300 ecclesiam
1049 3240 1142 3311 editis,

98 3356 151 3412 qua
170 3339 285 3418 scripsit
306 3341 371 3414 περὶ
392 3341 549 3408 ἐκστάσεως,
564 3336 714 3416 septimum
735 3337 853 3416 proprie
873 3338 1014 3396 aduersus
1029 3337 1144 3416 Apolla-

98 3433 165 3490 nium
180 3437 347 3504 elaborauit,
365 3437 395 3494 iu
410 3458 466 3517 quo
479 3438 573 3496 arania
589 3455 649 3516 qua
664 3435 712 3492 ille
726 3436 836 3513 arguit,
851 3445 972 3494 conatur
982 3435 1141 3516 defendere.

99 3529 139 3589 De
157 3533 245 3592 altero
267 3534 434 3614 Apollonio
453 3535 594 3593 Romanae
616 3537 695 3595 urbis
722 3548 864 3605 senatore,
879 3536 929 3614 qui
951 3556 1005 3615 pro
1024 3535 1142 3595 Christo

98 3646 188 3704 passus
217 3643 272 3700 est,
295 3632 349 3690 sed
379 3633 431 3710 qui
459 3633 614 3712 impetrata
638 3635 732 3703 venia,
762 3645 795 3692 ut
823 3635 963 3693 rationem
990 3634 1057 3692 fidei
1082 3655 1142 3692 suen

98 3725 229 3796 redderet,
251 3730 418 3810 apologiam
443 3732 617 3810 composuit,
638 3730 695 3788 alio
717 3732 821 3810 capite,
839 3752 944 3810 nempe
965 3751 1014 3806 42,
1031 3729 1140 3789 Hiero·

98 3839 191 3900 nymus
205 3835 335 3898 tractat.)

133 3917 147 3960 ¹¹
161 3921 312 3982 Contraria
334 3915 433 3993 sensu,
450 3923 527 3982 forte
548 3935 578 3982 et
593 3925 715 3992 veriore,
730 3923 801 4003 legit
816 3925 878 3983 cod.
893 3924 1065 3992 Vaticanus,
1080 3948 1141 4006 pria

99 4035 164 4075 nunc
189 4029 296 4088 extant,
323 4043 378 4102 pro
402 4043 458 4079 nan
483 4030 590 4080 estant.
634 4021 675 4079 Et
700 4020 807 4081 librum
832 4021 949 4100 quidem
974 4027 1008 4082 de
1030 4024 1138 4085 Aaron.

103 4110 220 4174 Vestibus
234 4118 440 4198 Hieronymus
456 4115 514 4196 Ep.
530 4119 577 4192 64.
594 4118 631 4176 ad
652 4117 801 4178 Fabiolam
823 4119 860 4179 de
879 4121 954 4178 Vest.
971 4121 1091 4180 Sacerd.
1107 4124 1137 4181 in
1213 4101 1218 4110 ⁴

99 4205 276 4278 manustra
296 4217 438 4294 quaesisse
464 4235 495 4274 se
516 4214 605 4285 dioit;
627 4215 678 4276 sed
700 4215 758 4276 alia
777 4228 847 4276 sunt
866 4216 1040 4275 Tertulliani
1054 4219 1139 4278 volu.

607 4315 660 4374 on
