2867 4817
286 306 350 369 322
520 303 754 368 FIRMIANI
778 303 1052 367 LACTANTII

286 502 416 563 amens,
434 481 493 572 qui
516 480 648 564 adorat,
669 481 764 571 quod
787 480 862 571 ipse
887 479 1094 563 fabricavit3
1123 480 1228 571 cujus
1251 482 1336 551 arli-

285 598 355 668 ficii
385 597 601 668 detestabilis
628 605 666 668 et
693 598 806 689 inepti
836 608 959 668 auctor
984 597 1055 667 fuit
1085 595 1336 679 Prometheus,

286 722 412 807 patruo
445 715 545 786 Jovis
578 715 703 809 Iapeto
744 725 858 787 natus.
922 717 1021 787 Nam
1054 740 1137 787 cum
1174 716 1336 809 primum

287 832 438 927 Jupiter,
463 856 601 905 summo
629 834 764 928 potitus
787 835 944 927 imperio,
969 845 1136 926 tanquam
1159 835 1273 906 deum
1297 857 1336 904 se

287 954 500 1022 constituere
525 950 642 1033 vellet,
671 973 712 1021 ac
738 950 873 1043 templa
900 951 1062 1031 condere,
1093 959 1130 1021 et
1156 960 1335 1043 quaercret

287 1068 450 1161 aliquem,
481 1069 541 1160 qui
570 1069 761 1139 humanam
790 1069 938 1162 figuram
968 1076 1086 1160 posset
1118 1070 1333 1160 exprimere,

287 1193 372 1254 tunc
403 1184 636 1254 Prometheus
663 1184 795 1266 extitit,
823 1186 883 1276 qui
917 1184 1068 1254 hominis
1097 1184 1256 1278 effigiem
1287 1185 1332 1255 de

286 1302 408 1395 pingui
431 1299 507 1370 luto
529 1301 705 1394 figuraret,
723 1303 775 1371 ita
796 1300 1040 1382 verisimiliter,
1058 1312 1100 1371 ut
1124 1302 1268 1372 novitas
1290 1325 1332 1373 ac

285 1418 461 1490 subtilitas
490 1418 575 1489 artis
603 1418 773 1489 miraculo
802 1426 904 1489 esset.
966 1417 1129 1510 Denique
1158 1417 1265 1488 illum
1294 1427 1332 1489 et

235 1610 238 1615 ,
285 1536 339 1605 sui
372 1535 540 1627 temporis
572 1534 743 1618 homines,
773 1544 811 1605 et
849 1545 971 1627 postea
1003 1535 1127 1626 po'e'tae,
1156 1542 1332 1627 tanquam

285 1654 445 1723 fictorem
467 1652 539 1723 veri
565 1675 607 1722 ac
632 1654 702 1721 vivi
727 1652 880 1723 hominis
903 1653 1142 1744 prodiderunt,
1170 1660 1209 1721 et
1236 1650 1330 1747 (for.

287 1778 329 1839 ut
356 1766 495 1863 Ducis.)
525 1792 597 1852 nos,
627 1770 765 1861 quoties
794 1769 986 1840 fabrefacta
1007 1769 1107 1862 signa
1132 1769 1329 1853 laudamus,

288 1887 404 1956 vivere
421 1884 481 1956 illa
497 1894 535 1957 et
552 1887 680 1979 spirare
697 1886 856 1956 dicimus.
908 1884 957 1955 Et
973 1885 1031 1955 hic
1043 1887 1187 1977 quidem
1204 1897 1331 1957 auctor

287 2002 355 2071 fuit
400 2002 562 2073 fictilium
608 2002 886 2074 simulacrorum.
955 2002 1153 2095 Sequentes
1201 2013 1328 2075 autem

285 2119 416 2211 posteri
438 2127 477 2189 et
499 2120 544 2189 dc
566 2142 739 2190 marmore
764 2117 995 2210 sculpserunt,
1013 2128 1051 2189 et
1071 2142 1117 2189 ex
1138 2142 1208 2189 aere
1228 2121 1329 2192 fude-

286 2244 388 2306 runt:
415 2236 542 2306 deinde
567 2258 730 2328 processu
755 2244 956 2328 temporum
978 2258 1023 2306 ex
1048 2259 1133 2306 auro
1155 2245 1194 2307 et
1221 2240 1328 2310 ebore

288 2353 434 2423 accessit
460 2362 614 2436 omatus,
636 2361 677 2422 ut
701 2376 773 2421 non
798 2352 905 2421 modo
929 2351 1179 2423 ‘similitudines
1208 2354 1328 2426 oculos

289 2470 481 2552 hominum,
511 2492 634 2541 rerum
668 2471 776 2540 etiam
805 2468 924 2561 fulgor
956 2470 1030 2560 ipse
1059 2472 1329 2565 praestringeret

289 2584 349 2655 Sic
370 2584 480 2655 illecti
507 2584 779 2678 pulchritudine,
804 2608 846 2655 ac
872 2610 963 2657 verae
991 2587 1187 2677 majestatis
1216 2589 1329 2670 obliti,

288 2701 502 2773 insensibilia
523 2702 724 2785 sentientes,
742 2701 993 2773 irrationabilia
1014 2705 1251 2789 rationabiles,
1270 2730 1331 2778 ex-

287 2822 404 2891 anima
421 2819 579 2889 viventes
596 2817 744 2888 colenda
762 2820 828 2889 sibi
846 2842 887 2889 ac
904 2822 1103 2891 veneranda
1118 2823 1310 2894 duxerunt

663 3032 772 3105 CAP.
799 3033 937 3107 XXVI

339 3186 447 3255 Nunc
473 3182 672 3254 refellamus
698 3205 758 3253 eos
781 3185 899 3266 etiam,
917 3185 978 3276 qui
1001 3184 1178 3255 elementa
1204 3190 1329 3259 mundi

287 3311 455 3394 tanquam
481 3300 564 3370 deos
589 3299 731 3383 habent,
757 3300 882 3383 idest,
908 3300 1049 3384 coelum,
1072 3301 1193 3385 solem,
1221 3314 1330 3398 atque

287 3417 417 3501 lunam,
454 3440 602 3509 quorum
642 3418 813 3487 artificem
847 3441 918 3488 non
951 3428 1214 3511 cognoscentes,
1255 3424 1329 3515 ipsa

287 3560 393 3630 opera
413 3536 584 3605 mirantur
607 3542 644 3604 et
666 3535 822 3605 adorant.
874 3534 946 3618 Qui
975 3558 1070 3605 error
1091 3559 1163 3606 non
1187 3538 1330 3632 imperi-

287 3663 404 3724 torum
429 3652 545 3734 modo,
569 3674 691 3721 verum
722 3652 829 3721 etiam
859 3649 1148 3743 philosophorum
1175 3664 1251 3737 est;
1285 3660 1329 3727 si-

288 3770 429 3861 quidem
458 3767 569 3838 Stoici
583 3767 757 3837 universa
773 3766 930 3837 coelestia
952 3768 989 3837 in
1012 3768 1159 3837 deorum
1179 3792 1329 3843 numero

286 3884 448 3954 habenda
472 3889 626 3964 censent,
653 3882 735 3973 quia
759 3889 874 3951 certos
898 3892 935 3952 et
961 3881 1185 3952 rationabiles
1209 3894 1329 3956 motus

286 4000 427 4081 habent,
447 3999 573 4091 quibus
593 3997 857 4068 succedentium
883 3999 948 4069 sibi
971 4008 1171 4098 temporum
1197 4001 1329 4073 vicissi-

286 4115 426 4185 tudines
451 4116 734 4186 constantissime
759 4125 908 4186 servant.
961 4115 1047 4185 Non
1075 4124 1130 4185 est
1156 4116 1269 4209 igitur
1292 4118 1328 4187 in

285 4230 339 4299 his
364 4230 580 4301 voluntarius
601 4240 728 4313 motus,
757 4233 839 4323 quia
862 4232 1068 4324 praestitutis
1090 4231 1229 4326 legibus
1256 4254 1326 4303 sor·
