2867 4817
301 344 367 408 DE
391 342 551 409 OPERE
573 344 640 409 ΕΤ
662 344 1015 411 ELEEMOSYNIS.
1122 346 1190 411 805

131 540 215 590 oum
253 516 411 589 Domino
442 518 522 590 Deo
551 528 626 604 tuo,
656 520 794 593 fructus
823 530 906 593 tuos
938 522 1071 615 pertire
1106 544 1189 593 cum

129 635 287 719 Ghrism,
312 636 368 706 fac
391 634 459 705 tibi
482 638 742 729 possessionum
763 637 985 709 terrestrium
1006 636 1188 709 Christum

127 754 352 847 participem,
370 760 412 823 nt
432 762 470 823 et
493 752 554 833 ille
576 762 615 825 te
638 755 703 826 sibi
729 754 836 826 iaciat
857 776 1047 850 regnorum
1067 754 1188 827 coeles·

125 871 223 940 tium
241 869 480 941 cohaeredem.

101 1010 121 1073 5
179 986 231 1057 X.
251 986 359 1057 Erras
379 995 419 1057 et
441 986 573 1059 falleris
595 989 753 1081 quisquis
769 998 808 1060 te
831 990 869 1059 in
890 989 1017 1060 soecuh
1040 989 1188 1059 divitem

127 1104 256 1175 credis.
307 1102 407 1174 Audi
424 1104 462 1173 in
479 1102 694 1199 Apocalypsi
719 1105 866 1176 Domini
884 1108 937 1176 tui
955 1128 1079 1176 vocem
1097 1106 1188 1198 ejus-

126 1220 227 1291 modi
259 1213 422 1291 hominee
449 1222 557 1312 justis
588 1220 892 1316 objurgationibus
921 1225 1186 1315 increpantem:

126 1333 244 1418 Dato,
275 1337 402 1430 inquit,
433 1335 527 1409 dices
555 1360 641 1421 eom,
664 1346 696 1409 et
722 1338 853 1411 ditatus
881 1362 968 1423 cum,
996 1348 1028 1410 et
1057 1337 1318 1421 collocamur.

127 1453 183 1523 rei
207 1476 311 1551 epac:
346 1462 378 1525 et
404 1454 515 1527 neceb
538 1454 701 1549 puniam
728 1464 765 1526 to
790 1479 825 1526 es
848 1455 963 1538 misen
986 1463 1018 1525 ct
1045 1454 1188 1526 misero

83 1566 219 1653 nobilis,
254 1578 287 1641 et
309 1589 456 1665 pauper,
487 1578 519 1641 ct
547 1592 665 1653 coeno,
702 1580 735 1642 ct
769 1571 894 1642 nudus.
945 1569 1085 1643 Suadeo
1124 1569 1187 1643 tibi

127 1708 242 1758 emm
262 1709 287 1758 a
309 1710 363 1758 mc
387 1708 513 1759 aarum
538 1686 685 1785 iyoitom
712 1687 756 1759 de
778 1688 862 1785 tyni,
890 1696 931 1758 ct
954 1687 1004 1757 sis
1027 1685 1130 1772 dices,
1155 1697 1188 1760 et

127 1812 253 1875 coetem
292 1798 414 1887 obem,
448 1811 487 1874 ct
515 1804 684 1887 vestiare,
715 1814 747 1876 ct
779 1828 850 1876 non
883 1812 1049 1899 opponant
1081 1806 1121 1875 ia
1156 1814 1188 1877 te

116 1916 270 2015 sorditas
295 1919 465 1995 audiistis
491 1930 568 2004 too,
594 1930 626 1993 ct
649 1918 793 2016 collyrio
815 1920 944 2017 inonpe
972 1918 1086 1991 cordos
1111 1930 1187 1993 tuos

126 2042 169 2105 at
192 2032 320 2107 videos.
372 2034 443 2121 Qui
470 2058 554 2131 crgo
579 2036 739 2131 locuples
763 2044 802 2106 et
828 2037 925 2108 dives
951 2060 998 2120 es,
1016 2058 1096 2108 eme
1119 2036 1186 2107 tibi

78 2185 91 2225 ι
98 2173 149 2245 5³
167 2150 311 2225 Christo
333 2172 461 2225 aurum
482 2154 646 2247 ignitum,
669 2160 710 2223 ut
736 2152 898 2223 sordibus
920 2155 993 2223 tuis
1016 2162 1186 2246 tanquam

125 2268 213 2360 igue
239 2268 404 2352 decoctis,
433 2292 510 2341 esse
539 2292 666 2342 aurum
691 2268 867 2339 mundum
890 2271 1011 2363 possis,
1038 2272 1068 2341 si
1093 2269 1187 2341 elee-

125 2384 286 2477 mosynis
320 2393 358 2455 et
385 2387 485 2479 justa
519 2387 725 2480 operatione
761 2386 932 2479 purgeris.
994 2384 1086 2457 Eme
1119 2386 1186 2456 tibi

126 2499 248 2571 albam
266 2510 413 2587 vestem,
431 2505 551 2597 utqui
574 2503 770 2575 'secundum
788 2500 908 2572 Adam
925 2504 1042 2574 nudus
1058 2504 1185 2586 huores,

126 2618 362 2690 abhorrebas
391 2626 476 2693 ante
502 2618 680 2701 deformis,
707 2619 918 2689 indumento
947 2618 1080 2690 Chn'sti
1103 2641 1187 2690 cau·

75 2734 215 2809 aodido
240 2736 409 2807 vestiaris.
462 2734 511 2807 let
536 2758 614 2827 quae
642 2742 805 2806 matrona
832 2733 991 2827 locuples
1020 2744 1058 2805 et
1088 2736 1185 2806 dives

126 2874 178 2934 as,
195 2852 329 2946 inunge
347 2850 467 2922 oculos
484 2860 575 2934 tuos,
593 2874 666 2921 non
683 2851 789 2921 stibio
807 2849 949 2931 diaboli,
963 2851 1025 2920 sed
1039 2849 1184 2944 collyrio

127 2968 284 3053 Christi;
323 2974 364 3039 ut
397 2969 582 3062 pervenire
611 2968 657 3038 ad
690 2968 883 3039 videndum
914 2966 1034 3036 Deum
1063 2968 1183 3059 possis,

126 3085 217 3157 dum
235 3084 355 3156 Deum
372 3093 409 3156 et
427 3086 591 3179 operibus
608 3094 647 3156 et
664 3082 821 3155 moribus
840 3084 1060 3177 promereris.
1104 3083 1184 3154 Cae-

126 3210 248 3273 terum
274 3224 353 3295 quae
378 3202 460 3273 telis
486 3224 534 3285 es,
560 3224 626 3273 nec
653 3201 789 3294 operari
819 3200 858 3269 in
887 3199 1037 3271 ecclesia
1060 3208 1182 3294 potes:

76 3316 309 3412 25Egeutem
338 3320 434 3391 enim
465 3328 516 3391 et»
531 3340 723 3412 pauperem
751 3340 824 3387 non
853 3317 977 3387 vident
1006 3318 1098 3389 oculi
1129 3320 1183 3389 tui

126 3433 303 3526 superfusi
321 3435 470 3529 nigroris
486 3434 642 3507 tenebris
659 3444 697 3507 et
713 3441 820 3505 nocte
836 3435 1003 3504 contecti.

178 3545 250 3619 XI.
280 3550 457 3644 Locuples
483 3559 521 3623 at
546 3550 644 3621 dives
671 3574 720 3634 es,
747 3549 978 3623 Dominieum
1004 3551 1183 3623 celebrare

125 3674 169 3737 te
190 3667 314 3750 credie,
339 3688 421 3760 quae
441 3666 572 3739 corban
600 3668 746 3738 omuino
771 3689 844 3737 non
863 3668 1017 3759 respicis,
1044 3690 1122 3760 quae
1145 3670 1182 3738 in

126 3780 359 3854 Dominicum
389 3786 465 3855 siue
501 3784 670 3855 sacrificio
706 3784 815 3867 venis,
851 3806 929 3876 qnoe
964 3793 1102 3878 partem
1136 3786 1182 3856 de

71 3900 298 3993 3osacrificio
335 3900 432 3993 quod
466 3922 600 3995 pauper
634 3900 766 3972 obtulit
801 3901 935 3972 sumis?
969 3901 1115 3973 Intuere
1144 3903 1182 3972 in

124 4015 313 4113 evaugelio
328 4018 472 4089 viduam
493 4025 754 4112 praeceptorum
771 4017 969 4089 coelestium
986 4042 1180 4090 memorem

123 4136 221 4205 iuter
237 4134 331 4227 ipsas
342 4154 520 4227 pressuras
534 4143 572 4205 et
589 4135 769 4229 angustias
782 4136 951 4229 egestatis
964 4145 1181 4229 operantem,

125 4250 165 4320 in
187 4248 479 4343 gazophylacium
497 4251 568 4321 duo
592 4274 673 4343 quae
696 4250 772 4322 sola
793 4250 860 4322 sibi
880 4251 1023 4324 fuerant
1044 4254 1182 4324 minuta

627 4387 686 4439 ar
