2867 4817
314 330 383 395 DE
406 329 810 396 PRAESCRIPTIONE
834 329 962 395 ΗΕΒ.
1014 408 1015 416 ¹
1103 328 1168 397 1³9

111 504 260 577 liceret?
287 504 416 577 latuit
430 504 567 598 aliquid
588 504 748 587 Petrum,
765 504 983 577 aedilioandae
1004 502 1164 574 ecclesiae
1174 525 1309 577 nanas

108 632 248 715 petram
274 622 425 705 dictum,
450 620 570 692 claves
597 622 698 715 regni
728 620 898 691 coelorum
924 626 1164 704 consecutum,

109 748 147 809 et
174 738 343 810 solvendi
371 748 411 809 et
439 738 609 832 alligandi
642 738 680 807 in
709 737 808 807 coelis
838 744 876 807 et
904 738 941 807 in
971 738 1074 807 terris
1103 760 1166 831 po-

108 854 305 927 testatem?
335 855 462 927 Latuit
478 863 518 925 et
533 853 559 924 J
560 876 712 925 oannem
734 854 877 946 aliquid,
894 852 1163 925 dilectissimum
1171 878 1246 928 roan.
1258 878 1309 927 us.

83 970 282 1055 sDomino,
298 970 438 1065 pectori
461 971 539 1063 ejus
559 970 801 1053 incubantem,
818 970 876 1041 cni
899 968 965 1041 soli
989 968 1164 1041 Dominus

108 1089 244 1161 Judarn
276 1088 485 1159 traditorem
518 1088 813 1180 praemonstravit,
847 1110 953 1179 quem
987 1087 1066 1159 loco
1099 1109 1310 1160 suosoenais.

108 1206 224 1277 lilimn
242 1204 375 1276 Mariae
392 1204 644 1277 demandavit?
662 1204 758 1289 Quid
772 1226 833 1275 eos
849 1204 1026 1299 ignorasse
1038 1203 1161 1288 voluit,
1171 1225 1245 1275 saa
1254 1224 1306 1275 nx.

108 1322 240 1415 qmnus
260 1322 372 1392 etiam
397 1318 548 1415 gloriam
572 1342 672 1391 suam
696 1320 870 1401 exhibunt,
888 1328 926 1391 et
949 1321 1102 1416 Moysen
1124 1329 1317 1391 stannus

110 1438 271 1521 Heliam,
288 1446 328 1507 et
348 1436 493 1529 insuper
508 1436 554 1506 de
569 1436 660 1508 coelo
682 1437 799 1509 Patris
820 1460 956 1521 vocem,
973 1460 1045 1508 non
1065 1437 1163 1530 quasi

71 1564 250 1627 uocoteros
284 1552 488 1646 reprobans,
523 1552 585 1623 sed
617 1556 785 1646 quonium
819 1554 858 1625 in
888 1552 998 1625 trs'hua
1027 1552 1164 1625 eston
1172 1570 1310 1621 neena

108 1669 213 1742 nubs}
228 1692 332 1742 omne
346 1667 517 1741 mium?
541 1669 800 1765 Ignoraverunt
816 1672 937 1764 itaque
955 1678 993 1741 et
1009 1670 1072 1754 illi,
1090 1671 1166 1763 qni·

109 1790 177 1861 bus
210 1796 296 1881 post
326 1786 620 1857 resurrectionem
649 1811 792 1881 quoque
821 1789 857 1857 in
887 1788 1014 1858 itinere
1044 1810 1166 1859 omnes

109 1907 305 2000 scripturas
335 1905 528 1975 edisserere
556 1906 723 2000 dignatus
753 1904 835 1977 est?
879 1903 1031 1976 Dixerat
1060 1904 1166 1997 plane

108 2022 324 2117 aliquando:
353 2018 473 2092 Multo
497 2018 601 2093 labeo
625 2019 739 2093 adhuc
762 2019 855 2093 cobis
880 2020 985 2116 loqui,
1011 2020 1073 2092 sed
1096 2044 1296 2101 nonnae„

70 2139 253 2235 epotatis
270 2137 372 2210 modo
388 2161 429 2210 eo
449 2139 640 2218 aestimo:
664 2148 788 2210 tamen
810 2139 988 2232 adjiciens,
1006 2136 1095 2213 Cum
1112 2150 1246 2210 oe-loes
1258 2149 1308 2198 xvi·

110 2256 204 2327 nait
219 2253 283 2326 sle
297 2254 458 2350 Spiritus
472 2256 638 2339 venato,
656 2256 731 2351 ipse
746 2279 805 2328 cos
822 2254 962 2327 deducet
977 2255 1017 2327 in
1034 2278 1165 2327 omnem

110 2373 302 2456 ominum,
323 2373 481 2444 ostendit
502 2371 583 2443 illos
604 2372 693 2443 nihil
716 2373 905 2467 ignorasse,
923 2394 1011 2464 quos
1034 2393 1167 2443 omnem

109 2490 291 2561 nemmem
327 2497 578 2561 consecuturos
613 2513 678 2583 per
710 2488 887 2584 Spiritum
923 2488 1077 2560 veritatis
1113 2512 1168 2559 re-

109 2608 344 2701 promiserat:
374 2615 413 2677 et
446 2608 572 2700 ntique
604 2606 768 2699 implerit
796 2608 1057 2701 repromissum,
1087 2630 1167 2700 pro-

67 2722 283 2795 solrantibus
316 2720 422 2793 Actis
460 2720 718 2816 Apostolorum
760 2726 970 2795 descensum
1012 2722 1229 2818 Spiritusne.
1240 2740 1265 2789 n.

110 2840 249 2912 Sancti.
302 2839 421 2923 Quam
450 2842 660 2934 scripturam
690 2841 752 2933 qni
781 2864 854 2912 non
884 2842 1069 2934 recipiunt,
1099 2864 1166 2912 nec

111 2956 271 3051 Spiritus
297 2956 422 3027 Sancti
447 2978 525 3027 esse
549 2966 708 3049 possunt,
726 2958 786 3050 qui
812 2958 965 3028 necdum
993 2956 1167 3049 Spiritum

111 3072 291 3145 Sanctum
306 3074 443 3166 possint
458 3094 650 3167 agnoscere
667 3074 884 3146 discentibus
907 3075 1074 3158 missum;
1105 3076 1166 3146 sed

110 3214 177 3261 nec
202 3188 394 3261 ecelesiam
417 3190 617 3274 defendere,
635 3190 705 3283 qui,
728 3190 881 3283 quando,
904 3199 941 3261 et
965 3192 1092 3284 quibus
1114 3192 1167 3263 in·

68 3306 300 3391 nouissimus
329 3307 534 3378 institutum
564 3318 620 3379 est
648 3307 717 3378 hoc
747 3330 883 3402 eorpus,
912 3310 1061 3404 probare
1094 3333 1166 3381 non

109 3422 262 3495 habent.
296 3422 402 3494 Tanti
418 3425 515 3495 enirn
531 3432 588 3496 est
603 3423 674 3495 illis
689 3448 764 3495 non
786 3425 918 3496 habere
941 3425 1166 3519 probationes

110 3564 249 3624 eorum,
269 3564 353 3633 quae
378 3542 586 3625 defendunt,
609 3564 655 3611 ne
680 3542 813 3634 pariter
836 3544 1072 3615 admittantur
1095 3551 1168 3613 tra..

111 3657 301 3729 ductiones
318 3681 452 3743 eorum,
470 3683 551 3752 quae
566 3658 801 3729 mentiuntur.

163 3772 378 3867 Proponunt
394 3798 479 3870 ergo
495 3777 541 3847 ad
564 3774 824 3871 suggillandam
847 3778 1082 3871 ignorantiam
1101 3777 1164 3848 cli·
1208 3808 1294 3858 cup,

65 3910 220 3979 3oquarn
254 3890 507 3985 apostolorum,
537 3892 632 3985 quod
662 3892 801 3976 Petms,
831 3902 869 3965 et
902 3896 961 3987 qui
992 3918 1075 3967 cum
1109 3874 1301 3989 eoffifflss'

115 4007 319 4100 reprehensi
335 4008 408 4079 sint
423 4032 447 4080 a
464 4008 587 4079 Paulo.
638 4008 754 4093 Adeo,
771 4010 947 4103 inquiunt,
964 4010 1096 4105 aliquid
1114 4014 1164 4084 eis

116 4123 251 4208 defnit;
267 4134 311 4195 ut
322 4148 370 4196 ex
383 4125 452 4197 hoo
469 4126 578 4197 etiam
595 4126 685 4197 illud
701 4134 850 4209 stmant,
867 4128 1025 4220 potuisse
1041 4137 1167 4221 postea

116 4240 312 4333 pleniorem
344 4244 531 4315 scientiam
564 4246 800 4337 supervenire,
835 4243 948 4336 qualis
982 4245 1165 4316 obvenerit

608 4390 677 4455 rt
