2867 4817
161 312 297 376 APUD
320 313 506 377 CONCIL.
531 313 796 379 GENERALE
822 314 1038 379 SEXTUM.
1094 318 1155 379 241

96 482 288 567 probabiles
300 491 420 569 patrea,
435 492 709 571 oonaonanterque
724 484 869 550 eonfiteri
888 486 1074 552 definientes
1093 488 1158 553 Do-

97 582 228 648 minum
249 592 394 651 nostrum
415 585 530 652 Jemm
552 586 716 653 (lhriatnm
741 610 850 653 verum
873 588 977 653 Deum
998 596 1156 669 nostrum,

99 707 206 751 unum
227 688 268 752 de
289 695 456 755 sanatam
475 689 738 755 consubstantiali
761 698 794 756 et
809 692 882 757 vitae
903 692 1056 777 originem
1078 713 1158 777 prae·

99 788 205 853 bento
219 790 387 869 'lb-initate,
399 792 577 877 perfeetum
586 792 620 855 in
634 792 768 870 deitate,
779 800 813 858 at
827 794 1003 878 perfeetum
1013 795 1158 859 eumdem

100 890 141 953 in
161 890 371 972 humanitate,
387 894 492 958 Deum
505 900 645 971 ‚verant
667 894 825 959 hominem
847 917 930 973 vere,
951 897 1096 961 eumdem
1118 918 1159 959 ex

100 991 215 1057 anima
238 994 389 1061 rationali
412 1008 446 1059 et
469 1016 620 1082 corpore3
655 995 959 1061 oonaubstantialem
989 996 1082 1061 Patri
1111 1018 1158 1061 se

100 1096 245 1159 nundum
273 1097 437 1176 deitatem,
467 1106 501 1163 et
530 1099 833 1165 oonaubstantialem
862 1099 954 1164 nobie
986 1100 1158 1164 seeundum

100 1196 348 1278 humanitatem,
375 1200 568 1285 peremnia
592 1201 726 1266 similem
751 1201 843 1266 nobis
859 1202 989 1285 absque
1014 1208 1157 1287 pennato,

99 1306 183 1375 aute
196 1301 313 1367 aaeoula
327 1303 454 1387 quidem
468 1325 509 1367 ex
525 1304 623 1368 Patre
642 1303 785 1390 genitum
805 1304 977 1368 seeundum
992 1303 1157 1383 deitatem,

100 1402 138 1465 in
160 1402 281 1467 ultimis
302 1404 413 1469 diebus
435 1411 543 1469 autem
567 1406 712 1470 eumdem
734 1412 867 1491 propter
890 1428 949 1470 uos
970 1411 1005 1469 et
1026 1412 1158 1491 propter

101 1510 250 1569 nostram
264 1505 399 1572 salutem
413 1508 454 1571 de
466 1507 588 1593 Spiritu
600 1508 720 1573 Sanoto
731 1515 765 1573 et
778 1508 885 1572 Maria
895 1508 1016 1594 virgine
1029 1508 1157 1596 proprie

101 1616 140 1673 et
160 1610 316 1675 vernoiter
337 1610 399 1675 Dei
419 1610 572 1696 genitrice
596 1612 767 1675 seeundum
791 1612 1034 1691 humanitatem,
1058 1634 1157 1677 unum

102 1713 313 1798 eumdemque
334 1713 497 1779 Oba-istm
524 1705 953 1800 Filium-Dei'unigenitum,
977 1714 1010 1777 in
1033 1716 1157 1780 duabus

103 1815 230 1881 naturis
243 1815 415 1894 inoonfuae,
430 1816 721 1893 inoonvertibiliter,
738 1816 1000 1910 inseparabiliter,
1014 1816 1155 1898 indiviae,

104 1919 367 2005 eognoseendum,
392 1941 550 2005 nusquam
574 1919 718 1983 extincta
743 1918 856 1982 harum
883 1925 1070 1983 uatmarum
1095 1920 1155 1984 dif-

103 2020 241 2087 ferentia
265 2028 399 2107 propter
423 2021 609 2099 unitionem,
632 2020 818 2105 mirataque
838 2021 938 2105 magia
959 2020 1156 2105 proprietate

105 2115 278 2208 utriusque
291 2129 425 2203 naturae,
440 2130 474 2188 et
496 2122 529 2188 in
548 2143 645 2187 unam
664 2143 842 2207 personam,
858 2130 891 2186 et
910 2121 943 2185 iu
965 2143 1063 2187 unam
1084 2123 1157 2187 sub-

105 2226 285 2292 sistentiam
302 2232 518 2304 oonourrente,
535 2247 599 2289 non
618 2224 651 2288 in
666 2226 747 2289 duaa
765 2245 918 2309 personae
936 2224 1093 2310 partitum
1108 2225 1155 2289 vel

106 2329 249 2408 divisum,
270 2330 327 2395 aed
348 2351 447 2394 unum
468 2329 676 2413 eumdemque
695 2328 892 2413 unigenitum
914 2327 1032 2392 Filium
1052 2329 1157 2393 Deum

107 2431 251 2498 Verbum
266 2432 438 2498 Dominum
456 2432 570 2497 Jesum
590 2430 762 2510 Christum,
777 2430 874 2515 juxta
889 2430 974 2515 quod
992 2430 1067 2495 olim
1086 2454 1155 2517 pro

106 2533 212 2620 phetae
226 2534 267 2600 de
280 2556 329 2614 oo,
344 2540 378 2599 et
397 2534 466 2619 ipae
485 2555 543 2598 nos
562 2532 719 2596 Dominus
733 2531 757 2594 J
758 2554 829 2596 esua
844 2530 990 2596 Christus
1010 2531 1156 2613 erudivit,

107 2642 141 2703 et
164 2642 347 2702 sanatorum
369 2643 498 2721 patrum
522 2634 614 2699 nobis
638 2633 774 2698 tradidit
800 2631 995 2719 symbolum
1024 2640 1058 2697 et
1078 2635 1158 2699 duaa

108 2736 269 2801 naturales
288 2736 469 2800 voluntates
489 2734 523 2801 in
544 2756 593 2811 eo,
614 2741 648 2799 et
669 2734 751 2797 duaa
772 2731 933 2799 naturales
956 2732 1158 2817 operationes

109 2838 248 2916 indiviae,
271 2836 560 2916 inoonvertibiliter,
582 2835 845 2921 inseparabiliter,
867 2835 1029 2900 inoonfuse
1048 2858 1156 2901 seeun-

109 2940 183 3006 dum
208 2947 392 3005 aanotorum
416 2945 546 3026 patrum
570 2937 750 3003 doetrinam
771 2937 904 3020 adaeque
925 2936 1155 3022 praedioamus;

109 3050 142 3109 et
163 3041 243 3108 duaa
263 3041 426 3108 naturales
446 3041 627 3105 voluntates
647 3061 712 3104 non
735 3039 922 3117 oontmriaa,
944 3038 1039 3116 absit,
1063 3040 1159 3123 juxta

110 3146 195 3230 quod
215 3145 304 3231 impii
325 3150 530 3210 asseruerunt
550 3142 703 3219 baeretioi,
728 3142 783 3206 sed
806 3146 989 3226 sequentem
1011 3142 1080 3226 ejus
1101 3141 1158 3204 hu-

110 3270 236 3315 manam
261 3247 468 3324 volamtatem,
490 3253 525 3311 et
547 3267 611 3309 non
635 3244 837 3309 resistentem
862 3244 910 3309 vel
937 3243 1157 3321 reluotautem,

110 3350 165 3414 aed
191 3349 298 3435 potius
323 3356 357 3415 et
381 3348 558 3433 subjeotam
587 3346 701 3411 divinar
731 3347 800 3430 ejus
825 3354 923 3430 atque
948 3344 1159 3430 omnipotenti

110 3450 276 3517 voluntati.
319 3452 501 3537 Oportebat
513 3450 598 3515 enim
611 3448 716 3514 oarnia
731 3448 928 3513 voluntatem
943 3447 1071 3525 moveri,
1087 3446 1159 3509 sub

107 3553 161 3639 jioi
184 3576 260 3620 vero
281 3554 439 3621 voluntati
461 3553 584 3631 divinoe,
603 3552 699 3637 juxta
721 3551 987 3636 sapientissimum
1009 3549 1156 3614 Athana-

110 3656 198 3722 sium.
243 3656 334 3723 Siout
348 3658 433 3723 enim
447 3658 516 3743 ejus
531 3677 615 3729 earo,
632 3676 707 3719 earo
727 3654 789 3718 Dei
804 3652 902 3718 Verbi
919 3652 1036 3719 dieitur
1050 3660 1084 3717 et
1098 3660 1157 3729 eat,

111 3760 213 3825 itaet
238 3760 395 3825 naturalia
419 3758 523 3825 oarnia
547 3758 617 3843 ejus
644 3757 791 3822 voluutas
815 3754 945 3842 propria
969 3754 1030 3819 Dei
1057 3752 1158 3817 Verbi

111 3860 225 3927 dieitur
238 3869 273 3926 et
291 3868 350 3940 eal,
367 3861 450 3926 siout
468 3860 536 3945 ipae
552 3860 617 3925 ait:
645 3860 727 3938 Quia
740 3859 880 3923 &sandi
899 3858 936 3923 de
956 3858 1036 3935 aab,
1051 3878 1111 3921 non
1125 3854 1318 3920 ailmeri-³8·

104 3964 223 4047 sacione
235 3964 416 4029 alamann
429 3982 535 4041 meam,
549 3960 604 4026 aad
621 3960 685 4045 syba
702 3961 758 4046 qui
772 3961 853 4025 meat
872 3982 918 4024 me
932 3960 1052 4033 Patria,
1068 3980 1158 4023 auam

111 4065 269 4152 propriam
282 4065 391 4131 dioena
406 4065 610 4141 voluntatem,
627 4084 699 4148 quae
713 4072 785 4128 erat
799 4062 904 4127 earnis
918 4064 995 4147 ejus.
1030 4061 1113 4125 Num
1125 4070 1158 4125 et

111 4190 181 4233 earo
206 4170 336 4255 propria
357 4170 425 4253 ejus
446 4168 533 4233 faeta
554 4174 612 4232 eat.
658 4166 931 4247 Quemadmodum
958 4166 1040 4229 enim
1066 4186 1158 4235 sano-A

153 4294 223 4336 vor..
242 4294 280 4336 u.
627 4293 664 4333 11
