2867 4817
696 342 915 409 CANONES

667 624 870 700 ΚΑΝΩΝ
897 619 945 708 ς’.

336 768 396 850 Τά
419 774 552 877 ἀρχαῖα
575 770 639 872 ἔθη
666 772 847 875 κρατείτω,
865 771 912 851 τά
938 776 976 851 ε’ν
994 769 1170 883 Αἰγύπτῳ
1188 777 1247 854 καὶ
1267 780 1334 856 Λι-

280 897 352 1003 βύη
383 899 442 977 καὶ
474 898 709 996 Πενταπόλει,
736 898 831 980 ὥστε
859 897 923 980 τὸν
947 900 1225 1007 Ἀλεξανδρείας
1249 905 1331 983 ε’πί-

280 1058 421 1105 σκοπον
444 1026 591 1106 πάντων
614 1026 751 1107 τοάτων
781 1027 872 1131 ἔχειν
902 1026 969 1127 τὴν
1000 1028 1181 1135 ἐξουσίαν.
1211 1030 1334 1131 ἐπειδὴ

280 1154 338 1231 καὶ
357 1159 408 1260 τῷ
425 1157 463 1233 ἐν
480 1160 526 1259 τῇ
543 1154 666 1260 Ῥώμη
694 1154 880 1263 ἐπισκόπῳ
906 1164 1013 1235 τοῦτο
1039 1156 1193 1258 σύνηθές
1213 1160 1361 1252 {oms

280 1282 409 1378 ὁμοίως
445 1280 482 1361 δὲ
511 1285 571 1361 καὶ
602 1280 694 1361 κατὰ
724 1282 790 1383 τὴν
824 1282 1046 1388 Ἀντιόχειαν
1082 1287 1142 1364 καὶ
1178 1288 1216 1365 ἐν
1252 1292 1335 1371 ταῖς

279 1409 410 1493 ἄλλαις
428 1411 621 1515 ἐπαρχίαις,
639 1409 685 1489 τὰ
702 1417 880 1513 πρεσβεῖα
903 1411 1084 1514 σώζεσθαι
1100 1419 1177 1496 ταῖς
1194 1414 1328 1513 ἐκκλη-

278 1538 386 1622 σίαις.
436 1537 594 1617 καθόλου
622 1537 660 1617 δὲ
686 1536 871 1642 πρόδηλον
888 1541 1009 1639 ἐκεῖνο,
1027 1539 1082 1619 ότι
1099 1540 1133 1620 εί
1147 1573 1201 1624 τις
1218 1543 1332 1645 χωρὶς

277 1666 422 1768 γνώμης
457 1672 521 1745 τοῦ
550 1668 817 1770 μητροπολίτου
850 1665 988 1769 γε’νοιτο
1019 1669 1225 1765 ἐπίσκοπος,
1263 1667 1333 1747 τὸν

276 1800 436 1873 τοιοῦτον
454 1793 476 1892 ἡ
494 1792 637 1895 μεγάλη
662 1792 815 1878 σύνοδος
842 1793 951 1898 ὥρισε
973 1792 1023 1894 μὴ
1050 1798 1121 1876 δεῖν
1138 1791 1227 1874 εἶναι
1244 1797 1328 1874 ε’πί-
1344 1833 1382 1872 ιο

276 1954 430 2001 σκοπον.
461 1920 522 2001 ἐὰν
539 1921 605 2020 μίν
623 1955 678 2001 τοι
696 1926 742 2027 τῇ
761 1928 860 2028 κοινῇ
886 1920 1033 2003 πάντων
1050 1921 1169 2030 ψήφῳ
1186 1921 1331 2031 εὐλόγῳ

276 2052 379 2154 οὔσῃ,
398 2052 457 2128 καὶ
486 2047 577 2128 κατά
607 2046 741 2129 κανόνα
767 2050 1078 2150 ἐκκλησιαστικὸν,
1097 2048 1205 2151 δάοῆ
1232 2056 1331 2154 τρεῖς

276 2177 318 2257 δι’
344 2179 473 2256 οἰκείαν
501 2178 722 2285 φιλονεικίαν
746 2178 974 2280 άντιλέγωσι,
1001 2180 1172 2282 κρατείτω
1201 2179 1225 2278 ἡ
1252 2184 1330 2258 τῶν

274 2302 450 2385 πλειόνων
466 2310 607 2413 ψῆφος.

656 2438 859 2514 ΚΑΝΩΝ
896 2440 940 2514 Ζ.
1341 2480 1377 2541 15

329 2559 475 2661 Ἐπειδὴ
487 2560 658 2661 συνήθεια
675 2559 867 2664 κεκράτηκε
885 2564 944 2641 καὶ
960 2561 1162 2665 παράδοσις
1180 2563 1327 2666 ἀρχαία,

272 2688 369 2770 ὥστε
390 2688 454 2769 τὸν
480 2692 519 2769 ἐν
542 2690 653 2796 Αίλίᾳ
680 2691 879 2770 ἐπίσκοπον
904 2697 1093 2787 τιμάσθω,
1124 2690 1232 2796 ε’χέτω
1256 2689 1327 2790 τὴν

273 2818 489 2899 ἀκολουθίαν
506 2820 570 2916 τῆς
593 2820 707 2917 τιμῆς,
725 2850 771 2921 τη
794 2816 1007 2921 μετρσπόλει
1029 2816 1233 2920 σωζομένου
1258 2827 1326 2898 τοῦ

272 2947 399 3027 οἰκείου
416 2944 630 3052 ἀξιώματος.

407 3118 559 3179 CANON
581 3118 638 3178 VI·
816 3144 984 3224 episcopum
1009 3165 1072 3204 essa
1093 3164 1153 3203 non
1175 3155 1323 3223 oportere.

312 3225 441 3301 Antiqua
466 3222 648 3283 consuetudo
677 3243 774 3281 serva·
816 3224 870 3283 Sin
897 3236 994 3284 autem
1024 3224 1169 3283 communi
1198 3237 1323 3285 cuncto·

271 3318 321 3365 tur
342 3326 393 3384 per
408 3306 580 3383 AEgyptum,
594 3304 729 3383 Libyam,
744 3315 774 3363 et
814 3326 879 3365 rum
900 3307 1018 3365 decreto
1037 3306 1212 3375 rationabili,
1227 3316 1258 3364 et
1274 3326 1323 3365 ae-

272 3385 467 3465 Pentapolim,
489 3385 530 3443 ita
551 3396 585 3443 ut
599 3383 773 3442 Alexandri·
815 3387 943 3446 cundum
978 3385 1199 3446 ecclesiasticam
1234 3407 1322 3465 rego·

270 3488 327 3527 nua
346 3467 498 3546 episcopua
518 3467 621 3523 horum
643 3464 773 3522 omnium
814 3466 871 3525 iam
893 3470 1090 3546 comprobato,
1105 3465 1165 3526 duo
1184 3479 1236 3527 aut
1249 3477 1322 3537 trea,

270 3550 375 3609 habeat
403 3556 586 3627 potestatam.
638 3544 716 3616 Quia
744 3557 774 3604 et
815 3559 934 3628 proptor
955 3549 1157 3607 oontentionea
1179 3549 1324 3628 proprian,

269 3630 351 3689 urbia
379 3630 480 3687 Romo
508 3625 644 3705 episcopo
674 3625 775 3704 parilia
814 3630 1034 3689 contradicunt:
1057 3628 1187 3688 obtineat
1200 3638 1321 3689 tenten-

269 3730 333 3769 tnoa
358 3719 411 3767 eat.
455 3706 598 3767 Similiter
622 3717 718 3765 autem
745 3718 776 3765 et
816 3710 858 3768 tia
872 3710 1075 3789 plurimorum.

269 3788 349 3869 apud
373 3789 571 3858 Antiochiam,
600 3800 776 3864 cnterasque
942 3830 1096 3892 CANON
1117 3831 1182 3890 VH

269 3870 442 3949 provincias,
460 3870 521 3929 suia
543 3868 694 3948 privilegia
714 3888 776 3926 aer.
1184 3877 1191 3890 ·

270 3961 375 4010 ventur
396 3949 534 4009 ecclesiia.
577 3948 658 4007 Illud
674 3960 771 4007 autem
855 3945 934 4018 Quia
946 3946 1128 4005 consuetudo
1138 3945 1322 4015 obtinuitot

269 4030 442 4110 generaliter
456 4030 564 4090 clarum
586 4040 640 4097 eat,
655 4028 733 4105 quod
748 4028 772 4087 ai
813 4029 933 4104 antiqua
954 4026 1083 4095 traditio,
1102 4038 1136 4086 ut
1150 4026 1235 4086 AElioe
1255 4028 1319 4106 epi-

269 4112 335 4189 quia
353 4123 458 4191 praeter
473 4110 646 4170 sententiam
664 4121 772 4167 metro.
813 4128 918 4187 scopus
938 4108 1117 4178 honoratum
1138 4109 1243 4167 habeat
1265 4107 1321 4166 ho.

309 4191 391 4250 litani
406 4190 771 4267 fueritiactuaepisoopua‚
812 4188 892 4247 noria
942 4188 1190 4265 consequentiam,
1238 4188 1321 4248 ulva

269 4212 347 4332 iiiito
366 4292 470 4351 magna
490 4270 618 4351 synodus
639 4270 772 4329 definivit
812 4268 966 4349 metropoli
980 4270 1097 4349 propria
1110 4268 1263 4348 dignitato
