2867 4817
243 314 308 377 332
578 312 957 379 ANNOTATIONES

243 486 284 550 stt
303 485 392 585 epod
414 484 481 549 illes
514 485 632 551 Videor
646 486 736 589 βιζιω,
761 485 816 570 qui
837 486 946 551 asima
969 507 1077 571 corpor
1100 482 1213 562 viduet,
1237 486 1293 569 qm'

239 743 344 829 potios
363 744 506 808 Romana
527 744 669 829 rebium
690 765 783 830 quom
806 742 925 810 solitos.
968 744 1026 809 Est
1048 753 1077 808 et
1098 745 1232 808 Seuerus
1253 740 1293 806 ad

245 828 411 895 moenibus
431 828 541 909 diotre,
563 838 592 895 et
612 830 764 895 Feretrius
783 829 950 914 afon‘broe,
965 838 995 895 et
1014 851 1036 895 a
1057 827 1215 893 limitibus
1236 828 1294 893 Le

244 916 402 995 montium,
417 923 446 980 et
469 916 591 981 Ourdee
610 938 632 981 a
652 914 839 995 cardinibus,
853 925 882 982 et
899 914 939 981 ol
956 913 1135 980 orbitatibus
1156 913 1293 979 Ortm

246 1002 298 1067 Ee
311 1022 386 1067 vero
400 1023 459 1066 nos
475 1002 667 1081 sustulimus,
683 1002 759 1087 quie
772 1024 812 1067 ee
828 1003 861 1067 in
878 1002 965 1067 nullo
978 1008 1122 1068 veterum
1134 1022 1226 1065 exem
1248 1000 1294 1065 ls-

246 1088 330 1152 rium
347 1087 521 1173 reperimus
541 1088 655 1173 quibus
669 1088 718 1153 usi
737 1110 855 1168 snmus,
871 1088 947 1190 qnia
963 1090 1078 1153 desunt
1097 1088 1131 1151 in
1149 1088 1233 1174 pluri
1254 1108 1295 1151 us

246 1173 441 1261 Anglioenis,
458 1174 533 1260 quie
552 1196 616 1239 non
634 1181 749 1240 extent
767 1174 801 1238 in
819 1174 960 1260 snt1quis
974 1173 1174 1251 editionibus,
1188 1194 1294 1257 neque

229 1256 279 1324 ⁴in
301 1260 452 1339 Minuoio‚
468 1268 502 1325 et
522 1261 597 1345 quis
617 1283 753 1340 sensum,
768 1268 806 1326 nt
827 1261 985 1347 Rigaltins
1006 1260 1063 1339 sit,
1084 1260 1294 1343 abrumpunt.

248 1348 367 1411 Benns.
411 1346 451 1410 ln
479 1346 670 1412 editionibus
695 1348 814 1426 multis,
843 1369 915 1433 qnae
940 1345 1146 1411 leuzisnsm
1173 1366 1294 1430 proeoe-

248 1433 338 1512 dunt,
354 1433 450 1498 verbe
464 1433 533 1499 boeo
549 1434 638 1498 unois
656 1434 777 1499 inolnss
790 1441 874 1511 snut,
890 1454 992 1518 neque
1074 1438 1227 1496 osountnr
1243 1430 1293 1496 vel

247 1519 351 1583 tribus
370 1520 462 1583 oodd.
482 1518 610 1605 seriptis
634 1518 715 1585 Novi
737 1519 867 1606 Oollegii
888 1526 946 1583 eut
967 1519 1032 1583 dno
1053 1539 1092 1582 ns
1113 1518 1189 1582 olim
1208 1516 1294 1581 Dru-

247 1604 345 1669 rinnis
366 1612 425 1670 eut
446 1606 714 1681 Meermenneno3
739 1612 853 1671 extent
873 1605 999 1670 veroin
1020 1603 1130 1670 oodioe
1149 1604 1294 1668 Tewste·

247 1712 336 1770 reno,
352 1712 445 1776 quem
460 1713 557 1778 supra
570 1692 822 1757 oommemoravi.

291 1778 331 1840 Ρ.
344 1794 415 1860 271.
430 1778 451 1842 l.
464 1797 496 1863 5.
520 1778 582 1843 Est
596 1785 630 1845 et
645 1778 758 1843 Venus
771 1779 877 1864 oelvo]
898 1777 1086 1842 Leotnntins
1105 1777 1160 1841 lib.
1172 1774 1200 1839 Ι.
1215 1776 1292 1840 Die.

247 1863 349 1929 Ieetit
365 1884 436 1950 oep.
450 1882 500 1931 20.
533 1863 648 1931 Urbes
669 1864 770 1930 Gallis
787 1872 940 1951 wetpolo,
962 1862 1067 1929 οόσσεει·
1084 1865 1119 1927 te
1142 1862 1295 1948 Capitolio

246 1950 708 2029 Rousoni‚eumeemoltenen
790 1946 1294 2034 ''tomentefeetseeetoedem

253 2035 365 2100 Veneri
383 2035 478 2101 ealoae
494 2046 714 2101 mmeerursmt.
794 2059 856 2101 nno
873 2038 978 2102 loonm
999 2042 1075 2121 pest
1098 2035 1222 2099 Fellnm
1241 2042 1294 2099 et-

247 2121 322 2185 tnlit
343 2122 501 2187 Beluzius.
546 2123 674 2201 Verum,
694 2124 772 2187 dnm
792 2124 898 2209 plures
919 2143 1024 2187 eensae
1042 2122 1136 2207 lrnjns
1153 2120 1293 2207 appelln-

246 2208 343 2272 tionis
357 2208 400 2273 eb
418 2208 602 2273 auotoribns
619 2208 804 2288 efferuntur,
820 2210 862 2274 ob
881 2230 1011 2275 oensem
1029 2208 1169 2294 nliqnem
1187 2207 1295 2272 minus

247 2293 414 2394 honestum
443 2295 490 2359 ite
518 2300 664 2361 voestem
695 2296 793 2360 luisse
821 2295 990 2374 Venerem,
1020 2294 1072 2359 bie
1099 2293 1204 2358 innuit
1231 2292 1294 2379 Oy-

247 2401 401 2532 pniiiil
423 2488 452 2551 9.
472 2468 517 2532 ne
532 2467 657 2553 Assyrii
677 2475 712 2532 oe
734 2466 858 2551 Perse]
883 2467 928 2533 nt
946 2467 1071 2616 segre
1093 2473 1127 2531 et
1148 2465 1238 2530 Meu
1257 2472 1293 2530 et

248 2554 366 2617 Persae.
412 2552 465 2617 lte
478 2560 602 2619 veteres
616 2554 781 2631 editiones,
796 2559 831 2618 et
845 2552 1011 2637 qnidnmli
1032 2553 1207 2630 riveteres,
1220 2558 1293 2616 tum

247 2638 345 2703 etism
368 2638 536 2705 Minucius.
581 2639 648 2704 Alii
672 2647 796 2705 veteres
818 2639 992 2725 praelernnt
1014 2640 1098 2723 Syri.
1119 2638 1186 2701 Alii
1203 2638 1292 2702 xxvi.

247 2724 401 2790 omittunt
429 2726 621 2791 mentionem
647 2727 827 2792 Medorum.
872 2725 937 2790 Sed
961 2724 1016 2790 ulii
1045 2730 1183 2810 quatuor
1204 2724 1293 2789 illnm

247 2812 376 2889 hebent,
403 2812 542 2897 itemque
569 2812 739 2891 Minuoius,
768 2817 820 2891 (ex
850 2833 913 2895 quo
940 2811 1044 2876 multo
1068 2809 1203 2896 sumpsit
1232 2810 1293 2895 Gy-

247 2899 403 2983 prienus).
452 2899 615 2964 Praeterea
643 2900 744 2963 oodex
774 2898 967 2962 Veronensis
995 2904 1030 2962 et
1057 2898 1158 2961 eodex
1188 2897 1294 2962 saneti

249 2984 343 3070 Eligii
359 2984 600 3050 Attrebntensis
613 2985 738 3051 addunt
749 2984 869 3068 Syrios,
883 2984 1054 3049 Medorum
1067 3005 1103 3047 re
1146 2983 1156 3046 i
1171 2982 1293 3047 mentio

248 3070 338 3135 deest
352 3071 450 3135 etiem
464 3070 497 3134 in
516 3070 707 3135 editionibus
728 3069 867 3135 Manutii
882 3080 916 3134 et
935 3070 1082 3146 Morellii,
1131 3068 1222 3153 ssyn’i
1238 3069 1294 3153 qui

247 3156 349 3241 primo
364 3157 442 3221 dieti
456 3164 540 3235 sunt,
556 3158 663 3243 potius
678 3156 761 3243 Syrii
777 3162 852 3221 sunt
868 3155 1030 3242 appellati.
1074 3155 1160 3219 Vide
1174 3154 1293 3219 Renati

250 3242 406 3307 Meseneti
424 3241 673 3307 Dissertationes
697 3243 740 3307 ed
760 3242 918 3306 Irenaenm
935 3264 1009 3329 pag.
1025 3260 1099 3325 715.
1120 3258 1191 3319 142.
1229 3240 1293 3304 Ar-

247 3329 360 3392 baotns
374 3328 539 3414 imperium
550 3328 591 3392 nb
602 3329 744 3413 Assyriis
757 3329 800 3392 ed
816 3328 931 3393 Medos
944 3327 1119 3406 transtulit,
1135 3334 1169 3391 et
1179 3334 1295 3411 postes

246 3414 438 3479 translatum
449 3415 549 3479 ested
562 3414 687 3479 Perses.
717 3415 772 3479 Ite
782 3414 1036 3479 dooetJnstinus
1047 3412 1100 3478 lib.
1116 3432 1143 3477 1.
1155 3431 1289 3497 osp.41.

247 3500 414 3565 Bsnuzws.
451 3500 531 3566 (lum
545 3522 637 3566 voees
652 3510 680 3565 et
693 3500 784 3565 Medi
797 3522 907 3565 omnes
920 3522 1001 3586 pene
1019 3499 1109 3563 MSti
1126 3498 1293 3574 omittant,

247 3585 419 3688 editionem
437 3587 610 3687 prinoiuwm
628 3586 680 3687 hio
699 3594 828 3688 seentus
850 3608 930 3651 sum.
975 3586 1038 3651 Sed
1062 3586 1138 3670 Syri
1156 3606 1216 3670 pro
1234 3586 1294 3649 As·

245 3672 1043 3845 &iiiiiiii,iiiiffilipffiiiiitiumua
1065 3758 1133 3822 naeo
1150 3778 1209 3842 pro
1225 3757 1293 3821 vu-

247 3845 332 3933 getis
332 3846 445 3931 faeiat
463 3854 497 3911 et
517 3845 696 3931 auspicatur
714 3844 822 3931 posuit
841 3844 865 3907 J
866 3846 984 3909 noobus
998 3843 1177 3909 Gronovius
1190 3842 1293 3909 (lelle-

248 3933 329 3995 rium
344 3937 479 4009 seeutus,
496 3932 549 4017 qui
573 3932 790 3995 Veronensem
809 3932 949 3995 oodieem
968 3931 1001 3994 in
1020 3952 1080 3995 sne
1097 3930 1174 3994 edit.
1195 3928 1294 4013 hujus

247 4018 341 4082 libolli
359 4018 499 4083 Minucio
515 4017 613 4082 Felici
628 4017 724 4095 affixi,
739 4017 889 4102 appellet.
921 4016 1014 4081 Halae
1029 4038 1114 4080 anno
1129 4019 1210 4099 1699
1221 4015 1294 4080 haeo

247 4104 372 4169 Cellsrii
395 4104 471 4169 odit.
500 4104 585 4190 typis
610 4104 763 4168 mnndntn
788 4110 848 4167 est.
892 4104 956 4167 Sed
981 4103 1150 4167 lectionem
1174 4100 1293 4167 oediois

247 4190 440 4255 Veronensis
451 4192 518 4275 jem
532 4196 608 4255 ente
623 4210 694 4253 oum
704 4190 800 4254 leude
813 4190 969 4254 attulerat
983 4188 1023 4253 lti
1078 4188 1142 4253 tius
1152 4188 1186 4251 in
1197 4186 1294 4252 Notis

244 4278 285 4342 nd
310 4276 513 4363 cyprianum.
560 4276 710 4341 Addendi
731 4275 848 4340 MStus
870 4276 951 4341 Novi
974 4276 1021 4343 (lo
1044 4274 1106 4361 egii
1131 4293 1160 4348 2,
1182 4273 1294 4339 Tews·
