2867 4817
287 314 332 387 96
626 314 1006 381 ANNOTATIONES

332 487 369 552 P.
383 506 435 555 20.
449 486 470 551 l.
483 508 514 572 9.
535 492 600 553 ταῖς
614 487 794 569 γραφείσαις
814 488 1112 568 ἐπιστολαῖς-παρὸ
1130 489 1181 565 τῆς
1197 484 1346 566 Ἀλεξαν-

288 572 382 654 δρέων
397 572 571 660 ἐκκλησίας]
590 572 717 637 Extant
731 572 817 657 epud
832 571 973 639 eoncilia
987 572 1059 637 duee
1073 578 1230 721 praeteree
1245 573 1346 639 solius

288 658 397 744 Cyrilli
411 660 455 724 ud
470 658 654 724 Nestorium
668 658 831 744 epistolae3
857 680 927 743 quae
939 658 992 722 vix
1006 657 1066 722 hoo
1092 678 1150 723 ooo
1165 658 1345 745 designetae

288 744 480 824 viderentur,
508 744 569 809 uiui
597 752 731 830 propter
759 744 814 810 illu
839 766 875 809 eu
917 744 983 809 rius
1007 744 1137 829 eoripte,
1165 745 1196 827 ῆ.
1215 766 1268 810 ιι.
1296 748 1346 811 καὶ

288 834 374 916 τρίτῳ
391 856 441 895 σοι
455 832 548 915 τούτῳ
563 832 817 912 διαμαρτυρόμεθα
831 857 868 913 γρ
951 856 988 895 τι.

334 917 418 981 Ibid.
432 917 454 982 l.
467 934 519 1001 23.
534 916 710 1001 ποιηθέντα]
733 916 892 981 Additum
909 922 959 981 ost
981 917 1024 981 ed
1043 938 1144 1002 marg.
1168 917 1291 983 Ooness.
1307 916 1344 983 δι’

289 1004 325 1068 οὗ
340 1005 463 1084 ἐποίησε
476 1003 545 1069 τοὺς
559 1005 677 1071 αἰῶνας.
709 1002 762 1067 ltu
777 1002 904 1087 quidem
915 1024 950 1067 ee
961 1003 1059 1068 hebet
1069 1002 1169 1068 editio
1183 1003 1343 1089 prinoepu

288 1090 373 1154 houd
386 1095 495 1155 tamen
505 1088 776 1153 consentientibus
788 1088 894 1153 MStie
905 1088 1042 1154 Gallicis.
1075 1090 1345 1155 Oaetenrminer-

289 1175 396 1240 tioulie
417 1174 631 1260 superioribus
653 1174 738 1239 idem
759 1180 904 1239 servatur
923 1175 1014 1253 onio,
1028 1176 1212 1258 γεννηθέντα
1235 1178 1270 1241 ἐκ
1292 1181 1346 1240 τοῦ

288 1260 590 1412 uteriui·
604 1260 1345 1433 eterninteffieeurnttu

289 1432 604 1497 belumNieaenorum
613 1441 743 1518 patrum
753 1433 820 1497 siue
831 1432 1059 1499 additamentis
1070 1434 1271 1518 propositum
1282 1442 1345 1499 est.

334 1517 372 1583 P.
387 1538 438 1585 21.
454 1519 476 1582 i.
492 1522 524 1583 6.
546 1520 578 1583 αἱ
598 1521 786 1603 πεποίηνται]
818 1520 935 1604 Margo
961 1518 1078 1585 Gouoil.
1100 1518 1136 1587 ἃς
1157 1544 1192 1583 π.
1238 1520 1346 1600 Quum

291 1604 419 1689 quidem
439 1604 607 1670 leotionem
629 1612 786 1690 praeutunt
807 1606 855 1669 ed.
883 1605 1030 1691 princeps
1054 1612 1089 1670 et
1116 1605 1189 1671 MS.
1212 1606 1345 1671 Ooislin.

289 1699 443 1791 vetueque
472 1691 629 1777 iuterpme
658 1690 851 1775 Dionysium
893 1690 1031 1757 alterum
1058 1712 1133 1758 vero
1163 1694 1195 1755 αἱ
1224 1692 1346 1757 MStuu

372 1799 418 1840 ue.

290 1776 418 1926 Reiiiid.
433 1862 454 1926 l.
469 1880 520 1929 20.
543 1865 636 1947 φύσει
657 1888 690 1928 τε
711 1865 759 1928 καὶ
779 1864 917 1947 ἀληθείη]
944 1862 1141 1928 Pertieulum
1155 1866 1188 1928 τὲ
1207 1884 1248 1928 ex
1264 1864 1342 1930 MS.

290 1948 392 2034 Regio
405 1949 526 2013 rddidi.
570 1948 655 2013 Illud
669 1950 717 2013 rui
732 1951 807 2013 οὕτω
821 1950 990 2029 μεμειτμτὸς
1007 1956 1044 2015 tu
1063 1956 1171 2015 vertes
1188 1950 1282 2015 otiam
1296 1952 1345 2015 ita

283 2056 525 2205 popm-⁹23·
540 2122 773 2204 παρενεχθῆναι]
792 2119 899 2205 Vulgo
913 2124 1112 2205 παραχθῆναι,
1133 2128 1167 2186 et
1186 2121 1220 2184 in
1239 2143 1294 2185 run
1335 2173 1344 2187 .

291 2206 409 2273 Gonoil.
425 2210 648 2289 μετενεχθῆναι,
664 2208 751 2291 quod
768 2206 897 2271 exhibet
911 2213 945 2272 et
965 2208 1038 2272 edit.
1054 2208 1200 2307 prineepe
1218 2214 1252 2271 et
1269 2144 1343 2273 MS.

291 2291 418 2358 Goielin.
441 2293 496 2356 sed
518 2297 738 2376 παρενεχθῆναι
759 2315 800 2356 ex
824 2292 921 2358 MSto
941 2294 1045 2378 Regio
1066 2315 1182 2379 roeepr.
1228 2292 1345 2359 Hebes

292 2378 486 2460 iufru§.vur.
496 2381 539 2445 εἰς
548 2381 672 2459 ἑνότητα
679 2379 734 2457 τῆν
743 2378 903 2461 ἀμέριστον
912 2381 1173 2461 συνενηνεγμένος.
1190 2379 1345 2445 Proxime

292 2465 555 2615 ὀριχςοιαστρεπτος
580 2486 640 2549 pro
665 2465 808 2547 ἄτρεπτος
833 2464 1043 2530 Oonoiiioruru
1074 2466 1180 2553 Murg.
1206 2472 1241 2530 et
1269 2467 1344 2533 MS.

339 2571 419 2614 reru.

338 2635 421 2700 Ibid.
437 2634 456 2699 l.
471 2651 522 2721 25.
533 2635 576 2700 tv
588 2636 643 2721 (ni.
658 2635 788 2721 μένανη
807 2637 923 2723 Margo
937 2636 1054 2702 Gonoil.
1072 2636 1170 2702 editio
1184 2636 1345 2724 prinecps,

295 2722 367 2786 MS.
383 2721 511 2786 Ooislin.
525 2730 678 2807 vetusque
692 2722 807 2807 interp.
822 2722 921 2802 μένου
935 2730 1101 2809 praestant.
1144 2722 1218 2788 Ηοο
1232 2732 1345 2789 autem

294 2808 393 2873 hebet
409 2808 480 2872 MS.
496 2808 624 2895 Regius,
645 2814 800 2875 παντελῶς
819 2811 836 2871 ὁ
859 2808 946 2875 αὐτὸς
960 2808 1003 2873 ὢν
1023 2812 1080 2890 μὲν
1101 2810 1157 2874 ἀεί
1194 2809 1251 2874 Sin
1266 2832 1345 2875 vero

294 2893 355 2959 hoe
374 2894 443 2959 loeo
456 2894 556 2974 μένον
570 2915 628 2980 pro
642 2894 685 2959 ὢν
697 2894 913 2979 reponendum
928 2895 980 2972 eit,
1006 2895 1143 2960 vioisuim
1160 2902 1234 2981 poet
1248 2918 1345 2961 vooeu

295 2981 330 3044 ἐν
341 2980 525 3062 σπαργάνοις
538 3002 597 3065 pro
611 2980 710 3060 μένον
725 2980 807 3047 soret
818 2981 1018 3046 scribendum
1033 2981 1084 3059 ὢν,
1097 2982 1183 3067 quod
1196 2981 1240 3047 ed
1250 3004 1345 3048 oraru

293 3066 370 3131 edit.
385 3066 574 3131 Aubertinoe
588 3066 723 3131 udlitum
737 3072 797 3131 est.

338 3153 376 3218 P.
387 3170 438 3217 22.
453 3152 476 3215 l.
490 3154 520 3217 6.
543 3154 612 3217 οὔτε
626 3150 841 3233 συνημμένους]
865 3153 982 3239 Margo
997 3152 1115 3219 concil.
1132 3154 1172 3221 ὣς
1185 3176 1245 3240 pro
1261 3156 1344 3221 οὕτε.

294 3238 348 3303 Sio
369 3245 403 3303 et
424 3238 523 3303 editio
545 3238 699 3324 princepe,
725 3245 759 3303 et
783 3238 854 3303 MS.
879 3238 973 3305 Ooisl.
1011 3239 1170 3304 Neutrum
1195 3241 1344 3327 agnoseit

293 3333 351 3389 eut
366 3324 438 3389 MS.
455 3324 582 3410 Regius,
597 3331 656 3389 unt
670 3329 762 3389 vetuo
775 3324 999 3411 interpretatio
1011 3326 1219 3411 Dionysiana.
1260 3326 1344 3391 For-

293 3418 380 3475 tesue
394 3432 469 3475 vero
479 3410 647 3496 legendum
657 3418 708 3475 eet
718 3412 787 3476 οὔτε
800 3411 839 3477 ὣς
850 3411 1062 3493 συνημμένους.
1091 3412 1245 3478 consens
1255 3413 1344 3477 enim

294 3495 420 3562 initium
434 3497 548 3582 eupitie
561 3496 704 3581 proxime
717 3498 888 3581 sequentis.

339 3583 421 3647 Ibid.
442 3583 463 3647 i.
478 3598 508 3667 7.
533 3583 714 3664 κενοφωνία]
747 3582 854 3668 Vulgo
877 3583 1068 3664 καιυοφονία,
1091 3582 1218 3649 favente
1241 3585 1343 3649 veteri

294 3668 558 3819 iuterprpffieed
581 3690 622 3732 ex
644 3668 784 3733 editione
800 3668 942 3754 prinoipe
967 3675 1001 3734 et
1023 3676 1160 3755 utroque
1176 3670 1275 3735 MSto
1297 3670 1343 3735 ul-

292 3764 399 3821 torum
455 3754 462 3769 '
488 3754 507 3820 ⁸.

340 3839 424 3905 ibid.
449 3841 472 3906 l.
488 3860 539 3906 21.
563 3844 638 3905 κατὰ
662 3842 748 3990 ivm
772 3838 791 3920 ῆ
818 3840 923 3940 nario]
951 3840 1116 3906 Exuidiese
1141 3842 1343 3928 particulari

294 3934 372 3993 ente
394 3933 469 3992 κατὰ
489 3926 624 3992 videtur.
695 3926 774 3993 ertit
795 3934 886 3992 vetus
906 3934 1063 4013 interpres
1087 3928 1269 4014 Dionysius,
1289 3950 1344 3995 που

294 4012 384 4079 τοίου
397 4014 461 4077 ini
495 4011 746 4078 otutitutiouem.

337 4100 376 4164 P.
393 4117 446 4185 23.
474 4120 524 4163 .1.
547 4098 602 4178 τῆν
621 4098 661 4167 οἷς
682 4100 766 4165 Θεὸν
790 4102 917 4181 ἑνότητι]
943 4098 1064 4165 Vooom
1085 4101 1170 4168 Θεὸν
1186 4101 1274 4166 haud
1289 4124 1344 4189 ug-

294 4185 399 4251 uoseit
428 4185 501 4250 MS.
531 4184 659 4271 Regius,
691 4206 794 4270 neque
816 4185 960 4270 Dionysii
986 4194 1077 4253 vetus
1106 4188 1343 4274 interpretatio.

294 4273 411 4338 Confer
429 4280 463 4338 et
480 4275 509 4355 §.
524 4271 576 4337 vii.
599 4271 820 4336 Omittendum
835 4292 911 4359 ergo
925 4272 1051 4339 videtur
1066 4276 1105 4344 ὡς
1124 4278 1217 4341 Θεόν.
1262 4275 1344 4341 Mox

295 4359 342 4423 καὶ
357 4363 430 4441 γοῦν
443 4360 553 4423 neuim
567 4359 647 4423 bene
661 4359 758 4422 vertit
772 4358 952 4444 Dionysius.
