2867 4817
296 294 359 363 260
464 293 665 359 ARNOBII
689 294 936 360 ADVERSUS
958 294 1154 360 GENTES

295 492 417 543 varum
434 472 542 543 etiam
563 468 792 555 Christianos,
809 470 952 543 ditiores
973 479 1012 543 ct
1032 470 1347 565 locupletissimos
1407 501 1424 571 p

294 586 546 665 reddiderunt?
580 586 658 661 Aut
687 589 797 682 igitur
828 589 947 661 cuncti
974 588 1063 661 nihil
1091 588 1175 664 laeti
1210 588 1348 659 babere

295 703 502 787 debucnmt,
532 706 561 775 si
589 702 764 775 malorum
792 726 898 778 causa
918 728 982 777 nos
1011 728 1156 778 surmus:
1182 707 1350 781 nationi-

294 822 361 892 bus
376 821 472 894 enim
489 843 608 897 sumus
625 822 662 893 in
685 822 841 894 cunctis:
870 830 933 891 aut
948 846 1031 893 cum
1049 823 1170 896 mixtu
1186 822 1349 897 videatis

295 960 378 1023 cum
406 938 635 1009 incommodis
663 935 758 1021 laeta,
786 939 936 1009 desinite
964 940 1063 1011 nobis
1088 940 1283 1011 ascribere
1312 940 1350 1011 id

295 1057 389 1147 qnod
412 1052 564 1129 offendit,
578 1075 633 1125 res
655 1062 799 1137 vestras,
815 1078 897 1126 cum
919 1055 1007 1129 nihil
1029 1055 1118 1128 latis
1133 1056 1349 1130 officiamus

295 1183 332 1245 et
351 1172 534 1265 prosperis.
584 1170 624 1243 Si
641 1172 737 1243 enim
759 1195 827 1266 ego
847 1183 889 1243 ut
904 1172 998 1244 male
1019 1176 1067 1245 sit
1082 1174 1189 1257 facio,
1207 1198 1282 1245 cur
1303 1184 1346 1243 ut

293 1290 383 1361 bene
402 1290 449 1359 sit
473 1311 545 1363 uon
566 1288 691 1359 obsto?
718 1288 768 1371 Si,
786 1297 826 1359 ut
845 1291 964 1383 inopia
984 1313 1113 1385 magna
1131 1293 1195 1375 sit,
1212 1312 1345 1365 meum

292 1428 421 1479 nomen
442 1408 480 1477 in
504 1428 609 1483 causa
625 1415 698 1477 est:
722 1429 786 1477 cur
809 1406 897 1480 nihil
919 1408 1081 1501 impedio,
1102 1418 1146 1479 ut
1170 1410 1223 1479 sit
1244 1410 1344 1480 fera·

293 1525 380 1596 citas
396 1522 573 1598 munima?
600 1521 649 1606 Si,
667 1530 708 1593 ut
724 1524 762 1593 in
778 1523 880 1595 bellis
896 1525 1088 1618 accipiatur
1104 1524 1248 1609 vulnus,
1266 1548 1341 1619 ego

291 1624 390 1712 'dicor
422 1640 544 1714 afferre
573 1640 761 1723 fortunam,
788 1663 851 1710 cur
884 1640 1018 1715 duelles
1049 1664 1134 1714 cum
1166 1652 1340 1735 pereunt,

293 1758 419 1831 lurum
436 1758 621 1852 augurium
645 1779 716 1826 non
739 1779 827 1841 sum,
843 1780 910 1828 nee
931 1759 1097 1831 adversus
1116 1781 1199 1852 spes
1222 1760 1340 1831 bonus

293 1874 377 1949 mali
394 1876 519 1947 ominis
536 1874 766 1946 obscoenitate
783 1874 969 1950 traducunt

342 1989 490 2063 XVIII.
517 1989 566 2061 Et
591 1999 712 2059 tamen
738 1986 761 2059 ὂ
784 1991 903 2083 magni
929 1989 1081 2061 cultores
1105 2001 1217 2083 atque
1242 1992 1337 2063 auti·

293 2110 394 2181 stites
423 2108 619 2189 numinum,
648 2128 711 2175 cur
744 2114 786 2175 ut
817 2106 919 2177 irasci
952 2107 1090 2201 populis
1119 2108 1334 2181 Christianis

292 2226 555 2319 augustissimos
579 2222 657 2295 illos
681 2224 886 2293 asseveratis
902 2223 1009 2303 de0s,·
1035 2226 1087 2297 ita
1111 2249 1184 2295 non
1205 2226 1335 2298 adver-

293 2342 378 2423 titis,
401 2364 472 2412 non
494 2340 629 2421 videtis,
646 2336 793 2409 affectus
814 2362 920 2431 quam
946 2348 1077 2433 turpes,
1102 2364 1210 2433 quam
1229 2341 1333 2413 inds-

294 2482 391 2530 coras
406 2457 608 2531 numinibus
624 2455 826 2527 attribuatis
846 2456 1019 2529 insanias?
1047 2456 1143 2541 Quid
1158 2467 1215 2530 cst
1233 2459 1334 2529 enim

293 2574 389 2647 aliud
413 2576 523 2657 irasci,
548 2596 653 2665 quam
678 2573 839 2655 insanire,
863 2595 970 2665 quam
999 2574 1125 2656 funera,
1152 2596 1264 2666 quam
1292 2576 1334 2645 in

293 2690 436 2765 ultionis
453 2689 635 2760 libidinem
657 2688 806 2770 sarriet
829 2689 866 2759 in
887 2687 1031 2761 alterius
1050 2690 1179 2760 doloris
1195 2713 1332 2773 cruces,

293 2807 427 2880 efferati
447 2806 598 2899 pectoris
622 2803 834 2877 alienatione
857 2804 1040 2879 bacchari?
1071 2805 1153 2877 Hoc
1169 2829 1257 2900 ergo
1279 2806 1331 2876 dii

292 2926 411 3019 magni
433 2930 572 3005 nonmt,
595 2921 851 3015 perpetiuntur,
869 2932 907 2993 at
929 2924 1097 3006 sentiunt,
1119 2923 1331 3015 quodiana,

294 3041 387 3135 quod
411 3038 538 3121 belum,
553 3038 649 3131 quod
670 3037 862 3111 mortiferas
884 3041 1067 3110 continent
1091 3048 1267 3110 venenato
1292 3041 1331 3109 in

295 3160 402 3233 danto
433 3156 594 3228 natrices.
655 3153 760 3239 Quod
793 3153 947 3227 levitatis
975 3158 1014 3227 in
1045 3156 1197 3240 homine,
1231 3157 1330 3249 quod

294 3283 433 3345 terreno
455 3273 493 3342 in
518 3271 695 3347 animante
721 3268 895 3362 culpabile
917 3278 981 3354 est,
997 3279 1168 3364 praestans
1183 3270 1247 3343 illa
1267 3294 1332 3343 na·

294 3400 383 3473 tura,
412 3398 450 3459 et
482 3389 519 3458 in
550 3394 729 3480 perpetua
757 3388 897 3460 nautis
929 3388 1096 3461 firmitate
1124 3390 1330 3472 consistens,

295 3510 382 3581 sciro
412 3512 628 3581 asseveratur
655 3527 678 3574 a
706 3503 815 3575 vobis.
865 3503 915 3573 Et
942 3506 1028 3597 quid
1056 3528 1140 3600 ergo
1158 3507 1331 3597 sequitur

294 3623 498 3704 necessario,
527 3621 604 3703 nisi,
639 3627 681 3689 ut
710 3643 757 3691 ex
785 3642 906 3691 acrum
940 3618 1130 3693 luminibus
1163 3620 1328 3695 scintillae

295 3741 458 3823 emicent,
481 3737 633 3809 flammae
654 3742 813 3817 aestuent,
835 3735 1002 3807 anhelum
1022 3746 1146 3830 pectus
1165 3737 1329 3831 spiritum

290 3858 399 3955 jaciat
418 3880 465 3928 ex
487 3877 556 3936 cre,
574 3861 611 3923 et
634 3874 680 3923 ex
704 3852 819 3923 verbis
839 3853 1044 3925 ardentibus
1064 3854 1241 3927 labrorum
1262 3855 1328 3928 sic-

295 3976 382 4047 citas
398 3970 611 4044 inalbescat?

345 4090 455 4161 XIX.
484 4088 589 4173 Quod
619 4086 648 4157 si
678 4108 801 4159 vorum
830 4094 885 4157 est
916 4085 1022 4170 istud,
1050 4095 1090 4157 et
1120 4095 1177 4159 est
1205 4088 1326 4181 explo-

296 4215 422 4291 ratum,
439 4213 477 4279 at
492 4203 683 4298 cognitum,
701 4211 740 4276 at
762 4203 955 4277 fervescere
971 4204 1056 4283 duos
1071 4204 1133 4289 ira,
1149 4215 1189 4278 et
1208 4204 1327 4299 hrrjus·
