2867 4817
258 336 324 404 806
635 338 666 400 S.
692 334 929 401 CYPRIANI

259 514 485 585 mittentem:
515 523 622 605 quam
645 534 728 582 cum
752 510 1050 583 animadverteret
1072 506 1248 578 Dominus
1270 513 1313 577 et

261 630 407 713 videret,
430 628 570 699 nonde
595 630 808 721 patrimonio
831 627 893 699 sed
916 627 963 697 de
984 626 1102 697 animo
1127 644 1217 718 opus
1232 622 1312 714 ejus

262 747 478 827 examinans,
517 752 556 814 et
589 744 813 816 considerans
851 766 924 815 non
960 749 1133 836 quantum
1164 739 1229 811 sed
1262 759 1313 809 ex

137 893 157 928 e.
205 878 220 926 ·.
262 870 395 954 quanto
411 862 576 943 dedisset,
593 863 775 954 respondit
790 868 828 931 et
845 861 956 932 dixit:
982 858 1097 931 Amen
1113 856 1192 929 dico
1206 854 1313 938 cobis,

262 979 425 1076 quoniam
442 978 547 1051 uidua
570 979 637 1049 istu
656 976 739 1073 ptus
762 975 918 1051 omuibus
940 976 1037 1047 misit
1058 975 1097 1045 iu
1114 972 1206 1045 dorou
1220 970 1342 1051 Decls

265 1094 389 1168 Ouum
419 1094 510 1165 euim
540 1094 600 1165 isti
629 1118 674 1166 eu
702 1118 741 1166 eo
774 1092 867 1189 quod
894 1088 1078 1163 usurus
1106 1086 1178 1159 suu
1211 1087 1314 1157 miae-

261 1219 345 1283 ruut
368 1211 406 1280 iu
431 1208 523 1281 duro
546 1207 628 1281 Dei.
679 1209 771 1282 Huc
795 1219 907 1282 autem
932 1208 976 1280 du
1003 1206 1124 1301 iuopia
1147 1228 1212 1275 suu
1240 1227 1315 1275 om·

261 1351 338 1399 uem
356 1350 585 1422 quemcunque
600 1324 719 1399 tatuit
734 1328 859 1399 viuum
881 1323 987 1397 misit.
1028 1322 1190 1395 Multum
1206 1323 1316 1393 beata

261 1442 390 1513 mulier
422 1451 460 1513 et
493 1442 655 1536 gloriosa,
690 1466 771 1535 quae
804 1444 914 1514 etiam
946 1448 1032 1512 ante
1062 1440 1157 1511 diem
1184 1437 1314 1530 judicii

261 1560 392 1629 meruit
419 1558 558 1631 Judiois
585 1582 673 1631 voce
701 1558 847 1632 laudari.
898 1556 1039 1630 Pudeat
1063 1556 1191 1627 divites
1211 1555 1315 1625 steri·
1328 1575 1368 1617 ιο

262 1676 373 1748 litatis
402 1684 510 1769 atque
540 1675 759 1748 infelicitatis
789 1699 871 1748 sna.
922 1674 1046 1749 Vidua
1073 1683 1112 1745 et
1143 1674 1246 1766 inops
1274 1674 1314 1743 in

262 1816 368 1886 opere
391 1794 579 1864 invenitur.
632 1792 796 1884 Cumque
817 1794 1076 1885 universaquae
1096 1790 1227 1860 dantur
1248 1812 1315 1882 pu·

262 1910 355 2003 pillis
380 1918 419 1980 et
442 1909 557 1981 viduis
580 1909 815 1994 conferantur,
833 1910 895 1980 dat
917 1907 980 1980 illa
1002 1930 1109 2000 quam
1125 1905 1315 2001 oportebat

262 2026 442 2119 accipere3
481 2033 524 2095 ut
553 2025 704 2097 sciamus
734 2049 815 2118 quae
844 2048 950 2119 poena
977 2023 1136 2095 sterilem
1164 2023 1314 2093 divitem

263 2148 416 2225 maneat,
442 2142 583 2232 quando
608 2140 676 2211 hoc
700 2142 778 2235 ipso
803 2143 1018 2213 documento
1043 2140 1179 2234 operari
1202 2140 1315 2210 etiam
1330 2154 1367 2218 ¹5

263 2280 435 2350 pauperes
452 2257 616 2329 debeant.
661 2256 786 2350 Atque
802 2266 844 2328 ut
860 2256 1101 2351 intelligamus
1115 2256 1191 2327 hac
1208 2278 1318 2349 opera

265 2370 344 2443 Deo
375 2372 449 2443 dari
485 2381 524 2443 et
556 2397 640 2445 eum
676 2375 834 2468 quisquis
867 2373 946 2446 haec
975 2373 1083 2445 faciat
1118 2372 1317 2443 Dominum

264 2490 465 2581 promereri,
497 2489 659 2561 Christus
688 2489 779 2562 illud
808 2490 878 2563 Dei
903 2488 995 2561 dmm
1023 2490 1189 2584 appellat,
1214 2491 1318 2561 etin

265 2604 358 2675 dona
374 2604 445 2677 Dei
467 2606 611 2677 viduam
632 2608 721 2679 duos
741 2609 954 2701 quadrantes
975 2608 1111 2679 misisse
1132 2606 1318 2701 significat,

265 2728 307 2791 ut
329 2722 442 2815 magis
464 2745 507 2794 ao
529 2724 641 2817 magis
664 2726 776 2817 possit
797 2746 874 2795 esse
898 2724 1126 2795 manifestum
1150 2725 1233 2816 quia
1254 2726 1370 2816 qni²o

265 2838 453 2908 miseretur
468 2842 631 2933 pauperis
649 2839 769 2912 Deum
786 2840 946 2912 foenerat.

317 2952 409 3024 XII.
433 2954 506 3027 Sed
535 2979 601 3028 nec
627 2956 689 3028 illa
713 2980 779 3041 rea,
806 2957 931 3029 fratres
957 2958 1135 3041 carissimi,
1165 2981 1187 3029 a
1215 2957 1320 3030 bonis

267 3071 431 3165 operibus
456 3082 494 3143 et
510 3074 618 3166 justis
643 3074 818 3157 refraenet,
840 3084 878 3146 et
899 3085 1043 3147 revocet
1066 3074 1319 3161 Christianum,

266 3188 362 3279 quod
388 3190 549 3260 excusari
579 3212 617 3261 se
646 3212 750 3284 posse
779 3188 905 3283 aliquis
934 3192 1118 3263 existimet
1145 3192 1320 3263 beneficio

267 3301 431 3387 filiorum,
457 3307 598 3396 quando
629 3308 665 3377 in
695 3308 864 3401 impensis
893 3307 1108 3401 spiritalibus
1136 3307 1320 3379 Christum
1330 3323 1370 3383 2⁵

268 3420 435 3513 cogitare,
449 3421 510 3511 qui
527 3422 687 3517 accipere
704 3446 743 3493 se
759 3422 936 3516 professus
953 3432 1018 3508 est,
1036 3426 1237 3507 debeamus,
1251 3448 1321 3497 nec

269 3558 456 3608 conservos
484 3536 603 3609 liberis
627 3541 757 3611 nostris
778 3540 840 3611 sed
862 3540 1058 3612 Dominum
1084 3542 1321 3636 praeferamus,

135 3702 149 3735 ,
190 3704 215 3735 χ,
268 3651 345 3745 ipso
363 3653 560 3725 instruente
581 3662 619 3725 et
640 3664 821 3726 monente.
872 3656 945 3747 Qui
963 3655 1089 3755 ditique,
1110 3660 1235 3751 inquit,
1251 3681 1323 3754 po-

269 3776 353 3839 trum
384 3778 444 3841 ou
474 3779 616 3842 matrem
641 3795 745 3866 super
769 3794 831 3855 me,
858 3796 928 3844 uou
956 3783 1005 3846 est
1029 3798 1083 3845 use
1107 3775 1255 3873 dipsas:
1287 3784 1322 3849 st

269 3886 331 3981 qui
359 3884 475 3984 diliqu't
493 3885 613 3981 filium
644 3896 704 3959 aut
723 3886 842 3982 filium
871 3914 975 3985 super
1003 3915 1065 3977 me,
1092 3914 1163 3964 uou
1189 3901 1239 3963 est
1267 3915 1372 3973 meso

269 3999 404 4099 diquus.
455 4001 551 4075 Item
571 4005 611 4075 in
631 4004 913 4077 Deuteronomio
929 4010 975 4079 ad
998 4008 1324 4081 corroborationem

105 4150 180 4199 Dm,
270 4117 353 4187 fidei
371 4127 409 4188 et
431 4118 658 4192 dilectionem
687 4120 756 4191 Dei
773 4122 871 4213 paria
892 4126 1092 4219 conscripta
1113 4135 1215 4198 sunt:
1252 4126 1325 4217 Qut

105 4218 181 4267 '¹¹¹¹'
272 4231 400 4317 dicunt,
426 4236 552 4329 inquit,
564 4238 665 4331 patui
689 4246 750 4308 out
776 4240 891 4322 mutui,
917 4264 987 4313 uou
1012 4242 1093 4315 uoou'
1117 4252 1158 4326 te,
1176 4251 1208 4314 et
1221 4242 1324 4338 filios
