2867 4817
236 234 289 301 IN
309 234 528 303 CANONES
551 235 770 302 CONCILII
794 237 1097 303 CHALCEDON.
1134 238 1197 303 115

142 406 231 473 ricus
243 408 346 483 lilium
371 409 456 493 quod
470 430 568 493 supra
580 408 753 474 memoravi
768 428 840 473 cum
855 408 931 473 alibi
946 417 1016 474 tum
1026 409 1069 475 ud
1081 408 1198 494 synode·

142 492 370 559 Annonariam
381 494 562 580 Epistolam,
583 518 613 580 p.
626 516 678 580 94.
713 494 747 557 ls
760 494 793 557 in
807 494 871 559 tria
885 495 1025 581 partitus
1039 496 1198 561 volumina

142 580 286 644 numeris
304 580 397 645 1686.
416 582 507 663 1687.
527 582 618 646 1688.
634 582 667 644 in
682 581 838 667 Octulcgo
852 582 1047 667 designatur.

504 732 553 795 IN
576 731 840 797 PROLOGUM.

191 836 230 899 P.
244 852 296 919 70.
310 835 331 899 l.
343 851 374 916 7.
389 839 439 914 τῆς
455 835 545 915 αὐτῆς
558 836 646 918 ἁγίας
661 832 944 914 συνόδου-Ῥώμης
959 834 1056 920 εἶπον]
1083 834 1199 899 Omnia

144 921 216 985 haec
237 943 278 985 cx
300 922 465 986 (lenonum
486 921 625 986 editione
646 920 797 1006 principe,
816 920 909 984 codd.
928 920 1020 985 Bodl.
1043 928 1077 986 et
1100 920 1198 985 MSto

146 1006 272 1091 Lloydii
291 1007 462 1093 desumpsi,
500 1029 551 1072 uae
572 1008 690 1071 absunt
711 1008 754 1071 ab
775 1008 835 1070 hoc
858 1006 971 1071 saltem
994 1007 1063 1072 loco
1088 1005 1198 1071 (lonci-

145 1092 270 1172 liorum,
282 1115 305 1158 u
316 1093 475 1178 Synodioo
534 1093 659 1179 veregii‚
678 1093 871 1177 Pedalicquc
883 1094 1079 1157 Graecorum.
1110 1092 1199 1157 Ante

145 1182 264 1243 Φωτίου
288 1179 387 1244 habet
412 1182 499 1262 ἁγίου
524 1179 596 1243 MS.
628 1179 740 1264 Llcyd.
785 1178 870 1242 Vide
896 1180 1039 1264 superius
1068 1178 1108 1242 de
1138 1178 1198 1243 hcc

145 1266 277 1330 decreto
291 1272 402 1329 notam
415 1266 453 1329 cl.
464 1264 584 1329 Beverc
606 1265 627 1329 ‘i
641 1266 683 1329 ad
699 1287 770 1329 can.
783 1264 865 1328 XII.
885 1265 1108 1351 conscriptam.

192 1350 274 1416 Ibid.
290 1352 311 1415 l.
325 1371 354 1435 9.
367 1349 513 1436 Βηρύτου]
534 1350 590 1415 Ha
612 1358 668 1415 ent
681 1352 779 1433 Τύρου
797 1372 905 1413 vocem
926 1351 1008 1415 male
1026 1350 1198 1435 repetitam

146 1436 311 1501 Canopum
333 1436 431 1502 editio
445 1436 594 1537 princeps
607 1436 750 1585 aliaepuc.
795 1435 926 1501 Oorrexi
940 1437 1043 1502 locum
1059 1459 1099 1500 ex
1114 1436 1198 1500 codi

146 1524 235 1587 cibus
250 1523 388 1609 quinque
401 1522 592 1601 Bodleianrs,
609 1528 642 1588 et
658 1522 685 1586 L
698 1521 782 1607 oydii
799 1521 908 1595 MSto,
921 1522 996 1586 dum
1007 1522 1040 1586 in
1051 1522 1120 1585 cod.
1137 1523 1197 1607 185

146 1609 297 1674 scribitur
322 1610 469 1691 Βηρύτωυ,
493 1615 528 1675 et
553 1608 587 1671 iu
609 1609 734 1673 duobus
758 1608 868 1671 altoris
892 1608 979 1671 locus
1004 1630 1068 1671 non
1094 1615 1196 1673 extat.

132 1695 326 1777 ,Βουιφάτιος
339 1716 454 1759 nomen
468 1693 619 1759 scribitur
632 1694 665 1758 in
682 1694 806 1778 Lloydii
823 1693 921 1758 MSto
936 1715 1010 1759 mcx
1025 1693 1116 1758 inira.

514 1852 668 1918 OANON
690 1851 832 1916 XXIX.

191 1960 229 2021 P.
240 1974 291 2041 71.
306 1957 328 2020 l.
343 1977 374 2025 2.
392 1958 546 2038 ἱεροσυλία
557 1958 664 2041 ἐστίν]
683 1954 873 2021 conserendi
891 1978 992 2021 canon
1008 1956 1198 2041 Ancyranus

145 2043 286 2108 decimus
301 2051 432 2107 octavus
446 2050 480 2108 et
494 2065 597 2107 canon
608 2042 730 2107 Nicaeui
741 2041 863 2106 concilii
879 2050 1028 2116 octavus;
1051 2064 1115 2127 quc
1130 2042 1197 2129 qui·

144 2130 220 2194 dem
233 2129 409 2214 posteriore
423 2129 556 2214 jubetur
570 2128 735 2213 episcopus
755 2127 953 2193 Novatinnus
971 2129 1015 2193 ad
1033 2128 1197 2193 ecclesiam

144 2238 324 2293 conversus,
340 2215 367 2279 si
382 2215 526 2280 extiterit
540 2215 572 2278 in
588 2214 666 2278 urbe
680 2214 845 2299 episcopus
865 2214 1048 2291 catholicus,
1068 2214 1197 2300 presby·

131 2302 208 2366 teri
230 2302 349 2367 habere
371 2301 544 2376 honorem
576 2322 625 2378 ne,
649 2307 687 2365 ut
712 2298 756 2363 ibi
775 2300 972 2365 declaratum
996 2308 1055 2377 cst,
1077 2300 1110 2364 in
1133 2322 1197 2366 unc

145 2386 277 2453 civitate
292 2388 355 2451 duo
366 2388 504 2473 episcopi
516 2386 700 2452 existerent.
731 2385 821 2450 Ocni.
833 2385 916 2450 inira
927 2387 1046 2471 Synodi
1056 2388 1196 2451 Nc'cccnoe

131 2474 190 2539 od
201 2474 427 2537 Alscondricos
441 2472 613 2559 Malum
627 2474 667 2536 de
688 2471 872 2537 Meletiauis
886 2473 1024 2537 secundo
1037 2473 1107 2538 loco
1121 2480 1196 2559 post

144 2559 319 2624 catholicos
349 2559 521 2624 collocatis.
573 2558 624 2623 De
658 2556 911 2622 Novatianorum
945 2562 980 2638 τῇ
1012 2560 1195 2645 χειροθεσίο,

143 2652 254 2709 utrum
262 2642 980 2731 repetendaeasuerit,uounullacdcanoucm
990 2644 1197 2710 antedictum

147 2732 313 2796 Nicaenum
327 2731 446 2810 notavi,
461 2753 493 2817 p.
505 2733 580 2813 416.

510 2866 559 2931 IN
582 2866 835 2931 EPILOGUM.

189 2974 271 3041 Ibid.
282 2977 305 3040 l.
319 2978 369 3041 18.
382 2976 502 3045 Πάντες
512 2982 542 3042 ol
552 2977 773 3057 εὖλαβέστατοι
784 2978 1194 3065 ἐπίσκοποι-φυλαττέσθω]

144 3061 267 3128 Addidi
281 3062 359 3140 haec,
375 3070 409 3127 et
429 3084 500 3163 quae
518 3069 694 3148 sequuntur
714 3086 812 3148 usquc
830 3064 871 3127 cd
893 3063 1053 3129 Oancncm
1070 3065 1193 3129 XXX.

143 3171 184 3213 ex
205 3148 346 3233 principe
368 3148 507 3214 editione
529 3148 694 3215 Oancnum
715 3156 750 3213 et
778 3148 883 3214 MStis
900 3150 969 3233 jam
991 3157 1067 3215 ants
1089 3151 1193 3216 dictis.

144 3235 228 3299 Sunt
253 3234 329 3298 clim
352 3242 481 3320 recepta
503 3258 545 3300 cx
570 3234 701 3301 concilii
725 3234 819 3299 Actis
838 3235 871 3298 in
896 3235 1062 3300 (lenonum
1085 3236 1195 3301 collec-

129 3321 256 3387 tiones.

501 3406 549 3470 IN
572 3406 837 3472 PROLOGUM.

186 3510 225 3573 Ρ.
235 3528 312 3592 420.
325 3508 347 3574 l.
360 3528 390 3575 2.
405 3516 465 3573 τῶν
482 3511 735 3594 ἂρχιεπισκόπου]
763 3507 997 3595 significantur,
1019 3516 1091 3574 uto
1113 3510 1192 3590 incr,

142 3596 294 3681 praesules
308 3602 437 3660 tantum
448 3596 570 3660 sedium
584 3595 748 3672 Bouranae,
761 3594 954 3673 OPclitanae,
972 3532 1191 3674 Antioelenae,

142 3681 260 3766 quippe
273 3703 346 3745 cum
364 3681 601 3746 Alexandrinus
620 3682 874 3767 archiepiscopus
889 3680 1062 3745 Dioscorus
1084 3682 1117 3745 in
1132 3682 1192 3747 hoc

143 3768 213 3852 ipso
224 3768 356 3831 coneilio
367 3768 442 3831 sede
452 3767 617 3851 depositus
626 3767 747 3832 inisset.
775 3767 829 3832 Ita
839 3766 1028 3831 Sabinianus
1041 3768 1117 3832 Peri
1128 3770 1192 3854 epi-

142 3875 257 3938 scopus
271 3854 305 3916 in
320 3853 467 3938 Epistola
480 3854 660 3938 precatoria
676 3854 719 3916 cd
741 3854 801 3917 hoe
822 3853 1003 3931 Concilium,
1020 3856 1192 3919 earundem

142 3940 265 4003 sedium
286 3939 538 4025 archiepiscopos
559 3938 706 4016 Leonem,
728 3939 924 4011 Anatolium,
947 3940 1134 4019 Maximum,
1157 3950 1191 4006 et

142 4025 297 4125 reliquam
319 4046 444 4089 omnem
467 4027 631 4110 synodum,
652 4026 730 4090 adit.
774 4025 849 4090 Vid.
871 4026 987 4090 Ccuoil.
1014 4026 1190 4091 Chalcedon.

142 4113 315 4179 Actionem
329 4111 429 4175 XIV.
445 4135 475 4196 p.
491 4127 562 4194 720.
578 4112 627 4175 ed.
647 4112 766 4175 Labbe.
781 4135 812 4196 p.
822 4128 897 4196 574.
912 4112 988 4178 edit.
1005 4112 1164 4177 Harduiu.

128 4242 130 4246 .
190 4197 271 4262 lbid
297 4198 318 4263 l.
337 4218 386 4262 11.
412 4201 460 4262 καὶ
485 4199 503 4278 ἡ
528 4197 678 4280 ὑπερφυὴς
707 4200 885 4283 σύγκλητος]
918 4198 989 4263 Non
1015 4199 1116 4263 solum
1141 4221 1190 4264 ar-

637 4303 690 4353 ez
