2867 4817
121 1858 278 1913 meum

118 1930 184 2007 ieetu
190 1925 264 1975 ored-

119 2008 184 2049 ms

281 329 345 391 120
631 326 975 393 TERTULLIANI

278 510 312 574 et
339 501 491 573 ueritate.
537 499 636 573 Deru
665 501 757 574 euim
786 500 945 597 Spiritus
969 508 1040 575 eet:
1072 508 1104 573 et
1130 500 1333 575 adoratores

279 620 402 711 itaque
430 615 513 689 tales
542 619 701 714 requirit.
754 618 833 689 Nos
862 642 983 690 sumus
1014 620 1087 689 veri
1117 620 1332 703 adoratores,

280 746 319 807 et
341 735 415 806 veri
440 736 649 819 sacerdotes,
677 736 739 828 qui
764 735 889 829 spiritu
913 744 1053 807 orantes
1078 738 1204 829 spiritu
1227 738 1334 808 saeri-

280 853 464 925 fiearemus
498 850 593 948 (for.
628 853 879 948 saonfiomus)
914 855 1111 924 orationem
1148 853 1216 925 Dei
1251 878 1334 947 pro-

280 970 393 1062 priam
410 978 448 1039 et
464 969 729 1062 aeeeptabilem,
746 993 853 1062 quam
866 970 1001 1041 seilioet
1017 971 1210 1063 requisivit,
1224 991 1360 1064 quams

282 1087 349 1159 sibi
374 1088 567 1179 prospexit.
618 1084 725 1159 Hane
750 1087 795 1157 de
822 1095 900 1157 toto
927 1087 1034 1158 eorde
1058 1089 1234 1172 devotum,
1260 1088 1333 1159 fide

281 1212 430 1296 pastam,
455 1204 605 1275 veritate
630 1211 800 1286 auratam,
826 1204 1029 1277 innoeentia
1049 1205 1236 1299 integram,
1257 1226 1334 1275 eas-

282 1322 387 1391 titate
410 1319 590 1402 mundam,
612 1342 724 1415 agape
747 1328 962 1402 coronatam,
985 1344 1068 1391 eum
1095 1344 1226 1414 pompa
1248 1344 1334 1416 ope-

282 1459 361 1507 rum
392 1435 565 1507 bonorum
595 1437 689 1507 inter
721 1436 875 1530 psalmos
904 1445 942 1507 et
975 1435 1126 1531 hymnos
1155 1439 1333 1511 deducere

283 1555 329 1625 ad
357 1552 427 1625 Dei
452 1552 563 1623 altare
588 1554 768 1637 debemus,
794 1554 914 1624 omnia
938 1555 1039 1625 nobis
1064 1578 1086 1625 a
1114 1554 1193 1627 Deo
1221 1558 1386 1650 impe-10

284 1680 467 1743 traturam.

200 1810 235 1843 -u
335 1787 432 1872 Quid
458 1787 553 1858 enim
578 1788 728 1858 orationi
757 1788 803 1857 de
833 1787 958 1880 spiritu
987 1796 1025 1859 et
1056 1791 1206 1861 veritate
1236 1794 1336 1863 veni-

286 1905 361 1975 enti
385 1904 529 1997 negavit
554 1900 646 1999 (sor.
672 1904 832 1997 negabit)
859 1902 967 1987 Deus,
995 1905 1055 1996 qui
1086 1928 1165 1975 eam
1195 1908 1335 2001 exigit?

288 2018 467 2113 Legimus,
499 2027 537 2088 et
572 2020 745 2103 audimus,
779 2029 817 2090 et
846 2020 1031 2103 eredimus,
1061 2030 1194 2113 quanta
1226 2023 1336 2094 doen-

284 2142 407 2205 menta
431 2134 598 2206 effieaeiae
623 2136 708 2227 ejus.
761 2136 880 2208 Vetus
907 2136 1051 2229 quidem
1078 2139 1190 2209 oratio
1220 2148 1259 2209 et
1288 2142 1335 2212 ab
1349 2163 1385 2224 15

284 2254 434 2347 ignibus,
452 2262 490 2323 et
507 2275 529 2323 a
544 2253 675 2336 bestiis,
693 2262 732 2323 et
748 2253 793 2324 ab
819 2254 936 2325 inedia
956 2253 1139 2337 liberabat,
1157 2264 1335 2329 ettamen

283 2392 357 2441 non
381 2368 566 2445 aChristo
585 2380 771 2463 acceperat
793 2370 952 2441 formam.
1004 2371 1174 2442 Ceterum
1200 2383 1335 2465 quanto

284 2486 436 2581 amplius
458 2489 570 2558 oratio
593 2487 884 2571 Christianorum,
902 2512 972 2559 non
996 2490 1084 2559 roris
1109 2490 1277 2584 angelum
1297 2492 1335 2560 in

284 2606 411 2678 mediis
432 2607 573 2701 ignibus
596 2607 701 2690 sistit,
717 2629 784 2677 nee
807 2630 869 2677 ora
890 2606 1053 2678 leonibus
1079 2608 1242 2690 obstruit,
1268 2630 1336 2678 nee

284 2724 520 2797 esurientibus
544 2726 755 2797 rusticorum
778 2725 964 2818 prandium
990 2724 1158 2796 transfert
1184 2722 1267 2813 (Bel
1298 2732 1337 2795 et
1349 2752 1387 2792 ιο

285 2840 414 2925 Dreeo,
431 2846 491 2913 83.
517 2844 603 2936 tt),
628 2840 771 2913 nullum
798 2863 940 2913 sensum
967 2842 1138 2934 passionis
1172 2840 1338 2935 delegata

221 2948 226 2959 ’
284 2960 399 3052 gratia
420 2958 574 3030 advertit
602 2959 687 3049 (eor.
710 2959 876 3051 avertit);
902 2958 964 3031 sed
985 2960 1172 3052 patientes,
1196 2968 1235 3029 et
1256 2980 1339 3029 sen-

284 3076 425 3157 tientes,
439 3083 478 3145 et
488 3074 648 3145 dolentes
661 3073 865 3147 sufferentia
877 3074 1030 3158 instruit,
1041 3076 1175 3147 virtute
1188 3074 1339 3168 ampliat

284 3190 446 3283 gratiam,
471 3198 513 3259 ut
536 3191 625 3261 seiat
646 3190 734 3262 fides
756 3192 840 3284 quid
867 3214 890 3261 a
910 3189 1067 3261 Domino
1088 3200 1338 3284 consequatur,

285 3305 488 3399 intelligens
500 3307 585 3398 quid
597 3330 661 3401 pro
672 3307 743 3378 Dei
756 3308 899 3379 nomine
911 3307 1077 3401 patiatur.
1104 3307 1177 3379 Sed
1190 3318 1229 3379 et
1240 3317 1339 3380 retro
1351 3336 1384 3399 ²5

285 3422 397 3495 oratio
420 3423 541 3517 plagas
563 3425 750 3519 irrogabat,
774 3423 946 3495 fundebat
966 3424 1122 3495 hostium
1147 3426 1339 3509 exereitus,

284 3540 452 3612 imbrium
465 3538 568 3611 utilia
581 3540 802 3634 prohibebat.
838 3539 948 3611 Nune
962 3541 1171 3611 remoratio
1182 3541 1339 3633 justitiae

284 3680 428 3730 omnem
452 3658 542 3727 iram
568 3656 638 3729 Dei
663 3648 802 3741 avertit,
829 3681 893 3751 pro
915 3657 1066 3729 inimicis
1089 3658 1254 3740 excubet,
1272 3680 1340 3751 pro

284 3775 577 3871 persequentibus
599 3775 785 3869 supplicat.
838 3774 974 3845 Mirum
997 3776 1026 3846 si
1049 3798 1157 3869 aquas
1175 3774 1340 3847 eoelestes

285 3903 497 3985 extorquere
528 3894 637 3976 novit,
668 3916 750 3986 quae
779 3892 897 3986 potuit
927 3901 965 3962 et
993 3893 1094 3987 ignes
1122 3894 1385 3986 impetrared30

286 4010 391 4100 (hue.
405 4009 452 4080 ix.
470 4013 535 4101 54)
553 4010 640 4081 Sola
655 4020 710 4083 est
727 4010 850 4091 oratio,
869 4032 950 4101 quae
967 4008 1089 4080 Deum
1105 4011 1226 4080 vineit.
1264 4008 1338 4081 Sed

287 4130 449 4201 Christus
472 4148 551 4199 eam
577 4126 665 4199 nihil
686 4126 772 4199 meli
796 4126 896 4196 novit
913 4123 1007 4221 (sor.
1035 4126 1162 4217 voluit)
1189 4128 1337 4219 operari.

287 4244 442 4319 Omnem
459 4245 511 4318 illi
528 4246 698 4315 virtutem
716 4242 873 4313 debono
890 4240 1053 4313 eontulit.
1103 4240 1231 4333 Itaque
1248 4238 1338 4313 nihil
