2867 4817
449 356 596 421 LIBER
619 356 813 421 PRIMUS.
960 412 965 419 .
1085 360 1157 423 258·

104 534 281 613 videmus,
311 534 419 604 etiam
447 534 578 603 imbres
606 553 730 603 saxeos
757 540 851 604 totas
880 556 970 626 soepo
1004 534 1149 603 commi-

106 650 228 720 nuisse
245 649 429 743 regiones?
457 647 627 739 Difficiles
642 648 770 741 pluviae
786 657 863 719 sata
878 649 1012 720 faciunt
1028 651 1149 733 emori,

108 774 151 837 et
175 764 397 837 sterilitatem
419 766 591 836 inducunt
610 767 722 836 terris.
774 764 947 835 Immanis
969 766 1064 835 enim
1088 788 1150 836 an-

109 884 257 975 tiquitas
273 882 375 954 malis
391 884 436 953 ab
451 883 507 953 his
523 882 615 953 fuitl
641 904 723 953 cum
740 882 848 952 etiam
864 880 1010 953 {lumina
1021 904 1150 976 cogno-

111 1001 267 1071 verimus
296 1000 453 1094 ingentia
478 996 571 1069 limis
599 998 810 1070 inhorruisse
838 999 985 1069 siccatis.
1037 998 1150 1070 Pesti-

111 1115 232 1187 lentiae
256 1116 418 1209 contagia
441 1122 676 1209 urunt-genus
698 1115 904 1186 humanum.
955 1112 1149 1185 Annalium
1226 1204 1229 1207 q

111 1234 243 1325 scripta
268 1232 469 1325 percurrite,
496 1230 695 1325 linguarum
723 1232 982 1303 diversitatibus
1011 1232 1149 1325 scripta,

111 1351 291 1420 universas
319 1350 459 1419 discetis
485 1356 609 1442 gentes
636 1371 872 1442 saepenumero
902 1347 1085 1433 desolatas,
1111 1356 1150 1419 et

111 1466 273 1536 viduatas
289 1466 458 1537 suisesse
474 1463 676 1535 cultoribus.
720 1463 758 1534 A
774 1463 928 1546 locustis,
945 1488 967 1535 a
982 1465 1149 1547 muribus,

110 1604 224 1677 genus
241 1604 346 1653 omne
359 1582 539 1665 occiditur,
556 1589 663 1673 atque
678 1582 853 1653 arroditur
868 1582 1018 1677 frugum.
1066 1580 1151 1653 His-

111 1698 220 1769 toriae
245 1700 296 1769 ite
320 1706 549 1791 perveneras,
574 1707 612 1769 et
641 1698 685 1768 ab
713 1699 789 1769 istis
818 1700 975 1792 pestibus
1001 1700 1151 1770 instrue·

112 1814 201 1885 mini
230 1816 368 1908 quoties
394 1816 488 1909 prior
514 1823 598 1887 atas
627 1813 754 1887 affecta
781 1817 837 1899 sit,
868 1824 906 1887 et
934 1817 1150 1909 paupertatis

113 1930 160 2000 ad
184 1930 339 2001 miserias
361 1933 509 2003 venerit.
550 1931 735 2002 Ten-arum
757 1930 976 2002 validissimis
995 1931 1150 2003 motibus

113 2047 329 2117 tremefactae
362 2054 491 2118 nutant
522 2070 633 2139 usque
671 2048 716 2118 ad
749 2048 943 2141 periculum
980 2048 1150 2119 civitates.

115 2163 236 2247 Quid?
260 2164 415 2235 hiatibus
431 2164 594 2234 maximis
616 2164 827 2257 interceptas
843 2164 948 2235 urbes
965 2188 1047 2237 cum
1066 2189 1151 2260 gen-

114 2280 211 2351 tibus
227 2282 404 2374 superiora
419 2288 579 2374 tempora
594 2304 665 2351 non
682 2281 868 2353 viderunt?
892 2290 956 2353 aut
971 2282 1016 2354 ab
1031 2283 1153 2374 hujus-

114 2397 212 2467 modi
229 2396 365 2468 casibus
381 2397 538 2468 fortunas
554 2396 708 2469 habuere
725 2396 886 2468 securas?

167 2511 234 2585 IV.
259 2512 409 2597 Quando
434 2522 489 2586 est
512 2514 707 2585 humanum
736 2537 847 2608 genus
868 2536 1037 2607 aquarum
1061 2513 1152 2585 dilu-

115 2630 182 2700 viis
207 2630 482 2724 interemptum?
507 2654 580 2701 non
604 2640 687 2701 ante
709 2631 797 2702 nost
823 2630 973 2715 Quando
998 2631 1152 2703 mundus

115 2748 278 2819 incensus
289 2748 327 2818 in
339 2746 474 2819 favillas
487 2756 524 2819 et
537 2749 670 2820 cineres
683 2746 871 2818 dissolutus
887 2746 965 2818 cst?
985 2769 1056 2816 non
1068 2755 1152 2817 ante

115 2863 203 2936 nos?
242 2863 391 2948 Quando
421 2864 524 2935 urbes
553 2863 774 2957 amplissimae
805 2864 948 2933 marinis
980 2872 1154 2956 cooperte

116 2988 200 3050 sunt
228 2980 420 3052 fluctibus?
456 3003 528 3051 non
557 2990 641 3051 ante
666 2979 755 3051 nos?
785 2979 935 3064 Quando
964 3003 1045 3051 cum
1069 2980 1153 3050 feris

115 3095 219 3180 bella,
236 3108 274 3169 et
298 3098 415 3191 praelia
439 3097 702 3169 cumleonibus
718 3105 818 3191 gesta
840 3096 945 3167 sunt?
974 3120 1045 3168 non
1069 3104 1152 3168 ante

116 3215 207 3287 nosl
242 3215 392 3301 Quando
425 3216 596 3308 pernicies
630 3213 769 3307 populis
799 3215 979 3284 venenatis
1012 3214 1057 3285 ab
1092 3235 1153 3284 an·

116 3333 246 3428 guibus
270 3333 352 3403 data
381 3331 457 3403 est?
486 3354 558 3402 non
582 3338 665 3402 ante
689 3329 777 3400 nost
812 3328 909 3399 Nam
934 3330 1027 3422 qnod
1053 3330 1154 3400 nobis

117 3448 294 3541 objectare
323 3449 514 3519 consuestis
547 3446 720 3519 bellorum
753 3446 990 3539 frequentium
1023 3468 1152 3529 causas,
1203 3462 1206 3470 ’

118 3566 331 3637 vastationes
347 3565 496 3648 urbium,
514 3565 769 3637 Germanorum
786 3572 825 3633 et
844 3562 1029 3656 Scythicas
1044 3564 1155 3655 irrup-

117 3686 241 3767 tiones,
271 3707 354 3754 cum
386 3706 472 3776 paee
505 3684 572 3755 hoc
606 3690 722 3753 vestra
753 3691 791 3753 et
823 3704 905 3774 cum
933 3680 1027 3751 bona
1052 3682 1154 3750 venia

118 3802 288 3873 dixerim:
314 3800 417 3893 quale
443 3802 490 3871 sit
510 3800 603 3871 istud
626 3800 720 3891 quod
743 3799 881 3881 dicitur,
901 3796 1158 3868 calumniarum.

118 3916 264 3989 libidine
280 3940 352 3988 non
367 3916 527 4015 videtis&
546 3980 550 3999 p

168 4034 215 4107 Vr
235 4034 290 4106 Ut
306 4043 389 4105 ante
405 4033 520 4104 millia
544 4056 714 4104 annorum
731 4033 864 4115 decem,
881 4030 926 4102 ab
948 4028 1062 4101 insula
1077 4053 1154 4122 quoe

117 4153 323 4246 perhibetur
346 4151 529 4223 Atlantica
557 4150 728 4245 Neptuni,
757 4152 849 4220 sicut
879 4147 983 4220 Plato
1011 4148 1155 4218 demon-

117 4277 215 4353 strat,
241 4291 369 4363 magna
391 4276 589 4361 emmperet
610 4269 662 4339 vis
682 4267 876 4349 hominum,
893 4274 931 4337 et
954 4265 1154 4350 innumeras
