2867 4817
398 348 463 412 DE
488 346 612 412 ZELO
636 348 701 414 ΕΤ
726 347 916 413 LIVORE.
1115 350 1180 412 323

128 520 227 607 Quid
247 522 285 591 in
307 520 374 592 zeli
396 522 561 594 tenebras
582 524 663 606 ruis,
682 524 766 616 quid
788 532 826 594 te
846 521 970 595 nubilo
987 521 1106 593 livoris
1127 524 1182 593 in-

129 639 252 721 volvis,
270 638 355 730 quid
373 638 512 710 invidiae
530 640 693 710 coecitate
717 660 822 710 omne
846 640 942 732 pacis
965 648 1003 710 et
1025 639 1181 710 caritatis

130 752 252 825 lumen
270 754 460 847 extinguis,
477 756 563 846 quid
580 756 625 825 sd
642 752 824 825 diabolum
841 756 899 826 cui
919 756 1181 826 renuntiaveras
1240 746 1247 759 ’

129 870 233 954 redis,
256 870 341 963 quid
369 870 458 941 Cain
484 870 608 942 similis
633 871 781 943 existis?
807 870 1003 943 Homicidii
1028 894 1182 964 namque

100 986 286 1071 siacinore
309 988 502 1081 constringi
525 1010 608 1057 eum
633 988 692 1079 qui
716 986 884 1058 zelaverit
909 996 947 1059 st
972 990 1054 1059 odio
1070 988 1182 1059 habu-

129 1104 198 1174 erit
234 1102 378 1172 fretrem
415 1124 520 1172 suum
555 1102 710 1173 declarat
742 1101 900 1173 loannes
932 1104 1112 1197 spostolus
1144 1106 1183 1174 in

130 1217 281 1312 epistola
305 1240 369 1289 sua
395 1220 535 1291 dicens:
568 1217 639 1309 Qui
652 1216 809 1315 fratrem
833 1242 935 1289 saum
962 1219 1044 1304 odit,
1074 1218 1336 1292 toni-mma.

124 1334 210 1406 cido
239 1344 311 1415 ectr
348 1344 381 1407 et
409 1334 506 1407 scitis
536 1334 619 1429 qnia
649 1332 763 1405 omnis
789 1331 963 1405 homicida
992 1358 1062 1406 oon
1086 1334 1183 1409 habet

130 1453 170 1524 in
190 1476 227 1523 sc
247 1452 352 1524 citum
375 1458 576 1523 mouentem
628 1448 677 1520 Et
698 1452 850 1536 iterum3
882 1449 954 1540 Qui
979 1450 1067 1523 dicit
1085 1476 1121 1524 re
1143 1455 1326 1525 indocti·

84 1566 205 1639 roluce
242 1590 320 1651 esse,
360 1576 392 1639 et
419 1565 574 1664 fratrem
613 1590 712 1637 suum
752 1564 834 1649 odit,
874 1566 912 1637 io
952 1566 1097 1639 oencbris
1134 1579 1183 1641 cst

130 1705 238 1777 usquc
263 1678 384 1765 actm,
412 1692 444 1753 ct
466 1682 505 1753 ia
531 1678 676 1753 tenebris
701 1678 860 1764 dalmat,
878 1691 910 1753 ct
935 1705 1004 1752 aon
1026 1683 1092 1754 scit
1117 1705 1183 1778 qno

130 1807 186 1869 eat
198 1824 210 1878 ;
261 1798 423 1893 quoniam
464 1796 608 1870 tenebret
650 1806 904 1868 encoecccerunt
945 1796 1058 1869 oculos
1100 1799 1182 1892 ejro.

130 1912 204 1999 Qui
222 1914 307 1997 odit,
330 1914 457 2006 inquit,
475 1914 620 1984 fratrem
644 1934 757 1995 suum,
775 1914 813 1982 in
835 1914 990 1984 tenebris
1012 1914 1182 1998 ambulat,

129 2037 169 2102 et
188 2054 261 2099 non
282 2030 349 2101 scit
371 2052 442 2122 quo
460 2020 528 2100 eat.
581 2028 617 2099 It
634 2028 730 2099 enim
751 2029 889 2099 n'es'cius
910 2030 949 2099 in
971 2030 1182 2124 gehennam,

83 2176 94 2215 ι
100 2146 274 2240 5ignerus
300 2154 337 2216 et
363 2166 480 2216 coecus
505 2144 749 2237 praecipitatur
772 2144 810 2213 in
837 2166 989 2238 poensm,
1015 2147 1184 2217 recedens

128 2260 267 2332 scilicet
292 2284 314 2331 a
337 2258 469 2331 Christi
493 2260 628 2330 lumine
647 2261 826 2330 monentis
850 2268 888 2331 et
910 2260 1080 2332 dicentis:
1106 2259 1264 2360 Epora.
1277 2274 1328 2321 viii·

128 2400 207 2448 ram
232 2374 345 2448 lumen
367 2374 499 2447 mundi.
552 2372 623 2464 Qui
645 2398 698 2445 me
722 2384 855 2446 scurrus
867 2374 996 2471 fcerit,
1020 2399 1090 2447 non
1113 2400 1186 2448 cm-

128 2491 260 2565 bclcbit
276 2492 316 2563 io
339 2488 493 2575 tenebris
511 2490 573 2563 sed
593 2487 726 2562 habebit
742 2490 857 2562 lumen
873 2492 963 2563 circe.
1016 2490 1186 2584 Sequitur

129 2619 255 2681 autem
291 2605 473 2680 Christum
512 2610 570 2699 qui
607 2608 792 2700 praeceptis
832 2609 910 2699 ejus
943 2608 1084 2690 insistit,
1125 2609 1185 2700 qui

81 2748 196 2820 zoper
219 2726 415 2819 magisterii
441 2724 517 2816 ejus
542 2724 635 2792 viam
659 2722 828 2815 graditur,
852 2723 913 2813 qui
936 2724 1086 2815 vestigia
1110 2725 1186 2816 ejus

129 2852 241 2934 atque
279 2840 406 2911 itinera
444 2846 610 2919 sectatur,
646 2838 706 2929 qui
745 2838 781 2907 id
818 2839 912 2929 quod
951 2837 1114 2909 Christus
1148 2848 1186 2910 et

129 2958 256 3029 docuit
292 2965 330 3026 et
365 2954 451 3025 fecit
485 2953 655 3035 imitatur,
692 2954 887 3024 secundum
926 2955 1021 3046 quod
1056 2954 1186 3026 Petrus

130 3096 274 3168 qnoque
298 3072 463 3142 hortetur
487 3079 525 3141 et
549 3078 673 3140 monet
698 3069 839 3140 dicens:
876 3067 1040 3144 Christus
1060 3064 1206 3164 pascuost
1223 3086 1312 3136 Pet-ii.

130 3198 182 3260 cst
200 3209 271 3283 pro
301 3184 407 3269 nobis,
437 3182 633 3279 relinquens
661 3180 755 3255 cobis
784 3184 974 3282 enemplcm
1004 3196 1042 3258 ut
1067 3211 1187 3283 sequo-

78 3334 96 3374 2
100 3331 120 3392 5
131 3303 224 3376 mirri
240 3301 384 3401 vestigia
401 3300 481 3395 eyin.

184 3418 255 3491 VI.
283 3416 493 3488 Meminisse
526 3416 697 3489 debemus
731 3440 802 3510 quo
836 3419 1009 3490 vocabulo
1043 3419 1186 3514 plebem

132 3558 235 3608 suam
270 3532 432 3605 Christus
465 3531 631 3627 appellet,
661 3555 732 3624 quo
765 3531 873 3603 titulo
907 3556 1051 3628 gregem
1082 3556 1186 3605 suum

133 3657 328 3743 nuncupet.
382 3648 469 3722 Ores
492 3650 663 3732 nominat,
688 3657 732 3719 ut
756 3651 960 3721 innocentia
987 3651 1268 3722 Christianam·
1280 3678 1305 3711 x·

133 3766 261 3839 ovibus
278 3774 447 3858 aequetur.
489 3762 610 3861 Agnos
632 3772 747 3847 vocnt,
767 3772 810 3835 ut
830 3788 1002 3858 agnorum
1024 3773 1187 3836 naturam
1197 3787 1270 3837 uas.
1282 3787 1323 3834 vn.

75 3916 124 3975 30
134 3883 335 3977 simplicem
368 3879 574 3974 simplicitas
608 3881 739 3951 mentis
772 3882 943 3951 imitetur.
995 3882 1091 3965 Quid
1122 3883 1187 3953 sub

134 3999 270 4070 vestitu
287 3997 407 4066 ovium
430 3995 535 4089 lupus
558 3995 685 4079 latitet,
704 3996 789 4086 quid
805 4018 951 4090 gregem
973 3996 1105 4067 Christi
1128 3996 1189 4088 qui
1237 4044 1240 4049 -

135 4136 175 4186 se
209 4114 452 4185 Christianum
481 4112 654 4183 mentitur
683 4112 856 4183 infamat?
894 4114 1026 4184 Christi
1060 4134 1191 4183 nomen

135 4228 295 4312 induere,
313 4236 351 4299 et
368 4250 439 4299 non
462 4250 526 4320 per
543 4226 674 4298 Christi
700 4229 796 4299 viam
819 4252 975 4323 pergere,
993 4231 1078 4322 quid
1096 4229 1191 4300 aliud

615 4350 710 4413 ros
