2867 4817
248 264 300 329 IN
323 264 554 330 EPHESINI
578 264 795 332 CONCILII
821 263 1049 329 CANONES.
1148 264 1191 331 89

542 476 696 545 CANON
718 476 782 541 VI.

183 578 224 643 P.
240 580 271 644 8.
295 578 317 644 l.
329 593 362 664 5.
386 581 557 658 ἐπίσκοποι]
592 580 632 643 In
656 578 824 645 Vaticanis
848 577 946 658 libris,
974 586 1007 643 et
1033 576 1190 643 nonnullis

135 664 218 742 aliis,
230 665 433 749 reperiuntur
443 665 477 729 hi
487 687 544 729 sex
559 686 696 731 canones
706 671 856 741 tantum3
873 665 907 728 in
916 664 1104 750 quibusdam
1114 686 1189 729 vero

136 751 270 816 additur
279 752 338 816 sub
347 750 474 816 nomine
483 752 609 838 septimi
618 752 758 830 canonis,
768 750 910 816 definitio
919 752 1059 837 ejusdem
1068 757 1189 816 sanctie

137 838 252 923 synodi
293 845 345 903 oet
363 838 550 903 relationem
570 838 705 904 Charisii
727 837 904 927 presbyteri
925 838 1022 911 edita,
1039 860 1109 922 ques
1131 858 1188 901 suo

136 922 208 988 loco
229 924 273 990 ha
313 931 368 989 tur
389 946 486 1010 supra
508 924 647 989 sectione
669 930 771 999 sexta,
793 931 826 989 et
847 946 906 1009 pro
925 945 1045 987 canone
1064 929 1187 1002 octavo,

137 1008 226 1074 aliud
241 1010 353 1095 synodi
368 1011 531 1075 decretum
546 1010 586 1075 de
600 1011 706 1097 episco
730 1010 756 1075 is
771 1009 878 1095 Cypri,
895 1010 980 1094 quod
994 1017 1068 1095 post
1079 1031 1189 1074 eorum

161 1095 326 1161 stitionem
340 1098 470 1181 ponitur
484 1096 579 1182 paulo
594 1119 699 1183 supra,
754 1118 770 1161 ο
786 1096 897 1160 eadem
906 1095 1040 1161 actione.
1050 1118 1082 1181 p.
1095 1097 1187 1160 1620.

137 1118 222 1247 llaee
231 1182 439 1246 Hsnumnns:
462 1181 523 1264 Qui
535 1182 702 1248 annotavit
712 1205 760 1261 ea,
773 1189 810 1247 ut
819 1181 893 1246 olim
905 1182 966 1245 Ph.
981 1182 1098 1261 Labbe,
1113 1188 1188 1267 post

138 1266 350 1332 Conciliomm
359 1268 520 1333 Romanos
529 1268 687 1344 editores3
704 1290 849 1353 quorum,
862 1276 899 1333 ut
911 1268 1015 1333 obiter
1025 1268 1057 1332 id
1069 1275 1187 1347 notem,

137 1353 285 1439 princeps
306 1354 367 1419 fuit
387 1353 532 1419 Jaeobus
558 1354 755 1433 Sirmondus,
778 1354 827 1419 vir
852 1354 1083 1419 eruditissimus
1107 1354 1188 1419 inte

136 1440 256 1527 gerrim
316 1462 365 1505 ue.
418 1439 629 1505 Nihilominus
654 1462 713 1527 ego
743 1462 880 1506 canones
903 1441 983 1506 duos
1008 1447 1188 1526 postremos

137 1526 294 1611 praeeunti
317 1549 355 1590 us
368 1524 517 1605 «tortello,
533 1533 566 1591 et
586 1526 769 1612 Beveregio‚
790 1528 1035 1612 Craeeommqne
1056 1526 1188 1591 Poenis

137 1612 250 1676 ordine
276 1634 334 1677 suo
362 1611 492 1686 addidi;
525 1617 696 1698 propterea
725 1614 812 1698 quod
840 1612 987 1677 ultimum
1015 1633 1124 1677 eorum
1153 1612 1188 1675 in

137 1720 296 1763 canonum
310 1720 441 1763 numero
462 1697 594 1785 digessit
614 1697 639 1763 J
641 1720 760 1764 oannes
774 1698 994 1763 Antiochenus
1015 1698 1048 1761 in
1070 1698 1187 1763 Collec-

136 1783 227 1849 tione
248 1806 315 1863 sua,
332 1785 408 1849 dum
429 1792 600 1869 utrumque
622 1805 776 1850 canonem
799 1791 955 1870 praetant
976 1784 1075 1847 editio
1094 1806 1188 1849 eano-

136 1892 215 1935 num
229 1871 384 1956 princeps,
400 1877 435 1935 et
449 1871 606 1935 Arsenius
622 1870 802 1936 Monachus
818 1869 850 1933 in
872 1870 1007 1956 Synopsi
1022 1869 1188 1934 Canonum

136 1978 170 2041 p.
182 1970 254 2041 750.
267 1955 657 2021 temulentissime
670 1956 817 2021 Consentini
835 1956 957 2033 Veteris,
970 1977 1027 2041 per
1039 1954 1187 2020 Voellum

136 2047 172 2107 et
188 2044 233 2107 H.
244 2041 269 2107 J
270 2040 427 2121 ustellum
443 2064 483 2106 ne
500 2048 569 2107 tres
583 2064 825 2109 commemorem
839 2042 1030 2129 interpretes
1043 2042 1184 2120 Graecos,

136 2128 308 2207 Zonaram,
318 2127 550 2207 Belsamonem,
568 2130 827 2214 Aristenumque.

182 2213 263 2278 Ibid.
285 2215 306 2278 l.
318 2215 347 2277 8.
374 2220 575 2279 ΔΙΑΛΑΛΙΑ
598 2220 649 2293 τῆς
673 2216 874 2300 αὐτῆς-ἁγίᾳ
896 2215 1024 2299 συνόδῳ]
1051 2214 1117 2278 Pro
1137 2212 1187 2277 his

135 2300 250 2377 verbis,
267 2321 337 2384 quse
352 2321 392 2364 ex
413 2301 580 2366 Canonum
598 2301 738 2365 editione
756 2300 897 2386 principe
915 2299 1083 2385 desumpsi,
1104 2299 1187 2385 posi·

135 2393 208 2451 tum
222 2393 272 2451 est
293 2386 380 2451 istud
401 2386 435 2449 in
455 2386 623 2462 Consiliis;
643 2384 738 2468 Ὄρος
757 2390 808 2465 τῆς
830 2388 957 2451 συνόδου
978 2388 1047 2466 περὶ
1067 2390 1119 2464 τῆς
1140 2386 1188 2450 πί·

135 2498 241 2545 στεος,
259 2473 292 2535 ἒν
352 2473 400 2535 καὶ
417 2473 485 2553 περὶ
499 2469 542 2537 ὧν
556 2471 721 2554 ἀνήνεγκεν
735 2474 752 2536 ὀ
767 2474 928 2553 Χαρίσιοςε
953 2471 1071 2555 Syttodi
1084 2472 1186 2536 deors·

135 2568 202 2623 tem
222 2557 260 2621 ds
335 2556 411 2635 ,oli
423 2567 451 2623 et
471 2558 508 2623 ds
528 2558 575 2622 iis
588 2580 657 2644 quse
677 2558 779 2623 restit
801 2558 968 2623 Charisius.
1006 2556 1098 2622 lnter
1118 2558 1187 2623 haeo

135 2644 235 2708 verba
257 2642 335 2708 illud
359 2646 580 2725 παροπλοσθέν
606 2644 668 2709 fide
698 2644 791 2709 nixus
817 2644 934 2709 codicis
962 2642 1054 2709 Bodl.
1073 2644 1125 2705 26.
1153 2651 1187 2709 et

137 2730 228 2795 MSti
256 2728 422 2815 Iloydiani
450 2752 509 2816 pro
534 2730 621 2795 edito
650 2732 789 2794 πλασθὲν
814 2751 896 2794 nuno
922 2729 1036 2815 recepi.
1083 2728 1186 2814 Ipsius

136 2815 273 2881 Charisii
290 2815 453 2881 Confessio
474 2816 613 2881 Nieaenae
635 2816 680 2879 illi
695 2815 866 2881 conformis
880 2822 972 2880 extat
987 2816 1020 2879 in
1037 2814 1186 2901 &lerini

138 2902 269 2965 Consilii
290 2902 389 2979 Aetio,
417 2902 563 2967 Sessione
589 2909 690 2980 sexta,
719 2911 753 2967 et
776 2902 862 2987 apud
888 2902 1025 2966 Concilio
1048 2902 1140 2965 Novo
1165 2922 1186 2965 a

136 2986 268 3052 Boluzio
283 2987 379 3053 edita.
418 2988 568 3073 Sequitur
582 2988 699 3052 ibidem
708 2986 795 3051 Ἴσον
806 2992 858 3067 τῆς
873 2986 1020 3056 ἐνθέσεως
1029 2992 1081 3051 τοῦ
1092 3010 1187 3067 παρα-

135 3073 325 3141 πλοσθέντος
348 3076 518 3153 Συμβόλου,
541 3095 575 3173 p.
585 3076 766 3158 677-680‚
783 3074 833 3139 ed.
859 3073 979 3139 Labbe.
1024 3072 1116 3154 Quod
1135 3079 1186 3137 est

135 3158 297 3225 Theodori
325 3160 560 3259 Mopsuestem,
588 3167 625 3225 ut
644 3159 688 3224 ibi
710 3159 794 3223 infra
812 3166 921 3244 patres
943 3166 1084 3236 monent,
1104 3179 1186 3243 sym-

135 3244 254 3325 bolum,
274 3267 296 3309 a
311 3244 418 3311 Mario
434 3246 618 3311 Mercatore
637 3252 751 3332 postea
769 3244 978 3323 confutatum,
998 3267 1029 3330 p.
1039 3265 1091 3327 40,
1107 3244 1184 3308 edit.

136 3330 246 3398 Belua
260 3331 451 3397 Monens.

532 3434 685 3501 CANON
708 3432 787 3499 Vll.

180 3540 265 3605 Ibid.
279 3540 301 3606 l.
321 3544 370 3607 18.
392 3544 446 3624 τὴν
466 3546 642 3626 ὁρισθεῖσαν
662 3548 744 3625 παρὰ
764 3551 823 3609 τῶν
843 3546 938 3629 ἁγίων
958 3542 1107 3624 ποτέρων]
1133 3542 1186 3606 Ex

135 3626 228 3692 initio
239 3628 388 3694 Aetionis
396 3630 504 3695 Sextae
518 3652 550 3715 p.
563 3648 578 3693 1
581 3648 625 3715 52
625 3645 657 3716 5.
667 3632 746 3695 edit.
759 3632 872 3697 Cessit.
887 3630 1045 3697 Harduiu.
1057 3634 1185 3694 constat

134 3713 253 3779 lectum
276 3715 373 3781 tuisse
396 3716 429 3779 in
453 3715 584 3782 concilio
607 3715 668 3782 hoc
689 3716 851 3803 Ephesino
874 3715 1051 3804 symbolmn
1073 3714 1184 3799 synodi

136 3799 286 3878 Nicanor,
301 3824 367 3867 non
381 3802 542 3878 CPtnnae3
567 3801 657 3888 cujus
676 3804 862 3889 posterioris
876 3804 987 3889 synodi
1008 3800 1184 3887 symbolum

134 3886 169 3950 in
183 3886 432 3953 Chalcedonensi
446 3888 578 3954 concilio
591 3910 657 3954 una
670 3910 743 3952 oum
758 3890 889 3955 Nieeeno
903 3890 956 3953 illo
974 3895 1086 3974 postea
1100 3909 1184 3951 eom-

133 3971 307 4058 probatum
334 3981 394 4039 est.
438 3976 486 4041 Et
513 3996 639 4061 semper
665 3975 741 4039 dein
768 3976 915 4041 latiorem
942 3976 1025 4039 hano
1050 3972 1184 4063 symboli

135 4059 271 4124 lormsm
293 4069 356 4125 toto
386 4062 510 4126 Craeeio
536 4067 589 4144 (nt
610 4061 715 4127 verbis
740 4069 815 4127 utar
838 4060 1042 4128 Praelationis
1066 4058 1183 4125 codicis

134 4166 292 4211 canonum
305 4168 327 4211 a
341 4148 441 4213 Petro
456 4148 507 4213 De
521 4148 636 4213 Mares
650 4147 771 4230 allatoe)
787 4158 814 4213 et
828 4149 986 4213 Latinitas
1003 4149 1038 4213 in
1056 4144 1183 4211 sesso

128 4230 316 4317 prodimus.
342 4234 391 4298 De
412 4234 475 4300 Vet.
497 4234 653 4299 Concnmn
673 4234 900 4301 Collectionilso
916 4256 985 4320 cap.
1002 4252 1031 4299 ο.
1068 4232 1181 4309 Porro,

179 4338 253 4383 VOL.
269 4339 309 4385 11.
653 4343 675 4383 N
