2867 4817
273 292 338 355 884
526 286 760 351 FIRMIANI
785 282 1057 348 LACTANTII

275 488 417 558 parcere
443 462 577 534 homini
603 470 755 554 oportet,
777 483 930 552 eumque
955 459 1121 553 diligere!
1154 456 1250 527 Haee
1272 468 1325 526 est

276 583 369 653 enim
394 580 545 671 justitie
597 577 669 649 Sed
697 578 865 669 qnoniam
894 576 959 647 soli
985 576 1119 645 homini
1147 575 1329 667 snpientia

277 696 360 767 deta
383 704 449 777 est,
475 703 516 763 nt
540 692 659 763 Deum
684 691 872 785 intelligat,
898 702 936 763 et
965 692 1041 761 haee
1069 690 1144 761 sole
1168 688 1330 759 hominis

277 822 527 902 mutommque
554 810 721 881 distantia
745 819 811 891 est,
836 809 974 878 (luobus
1000 808 1123 878 officiis
1150 806 1329 875 obstricta

278 939 332 999 est
357 930 432 1019 ipsa
449 926 600 1016 justitie.
653 924 777 995 Unum
804 923 884 994 Deo
909 923 1018 994 debet
1041 931 1084 992 nt
1105 922 1210 1014 petri,
1237 921 1330 991 alte-

278 1068 356 1115 mm
391 1042 524 1113 homini
558 1042 657 1111 velut
691 1041 802 1111 fratri.
860 1039 922 1111 Ab
955 1040 1082 1110 eodem
1115 1040 1213 1107 enim
1246 1035 1329 1107 Deo

277 1160 386 1253 geniti
417 1180 549 1229 sumus
610 1157 745 1227 Merito
774 1178 858 1250 ergo
887 1179 930 1227 oo
958 1164 1056 1226 reete
1085 1154 1222 1224 dietum
1261 1163 1328 1234 est,

278 1275 483 1367 sapientiam
520 1296 595 1345 ease
630 1274 826 1343 divinamm
860 1280 898 1342 et
930 1272 1166 1342 humanamm
1205 1290 1326 1341 rernm

278 1391 469 1461 seientiam.
522 1389 675 1482 Oportet
701 1390 797 1458 eninr
822 1390 911 1459 seim
932 1410 997 1459 nos
1019 1389 1103 1479 qnid
1130 1388 1222 1469 Deo,
1240 1385 1327 1479 quid

278 1506 411 1577 homini
442 1507 643 1587 deberimus,
671 1505 750 1575 Deo
779 1504 914 1575 scilieet
943 1504 1161 1598 religionem,
1189 1504 1325 1573 lromini

279 1623 498 1694 charitatem.
542 1622 614 1693 Sed
631 1622 720 1693 illud
736 1622 896 1714 superins
912 1622 1102 1713 sepientiae,
1121 1622 1191 1691 lroe
1207 1631 1330 1713 poste·

280 1741 350 1809 rius
368 1736 507 1809 virt-ntis
520 1746 594 1820 est3
621 1748 657 1808 et
674 1746 865 1830 utmmqne
880 1740 1022 1830 justitia
1043 1737 1326 1829 comprehendit.

281 1859 317 1926 Si
345 1878 428 1948 ergo
457 1862 598 1925 constat
626 1854 868 1944 adjustitiam
897 1856 992 1924 nesci
1022 1854 1216 1935 hominem,
1244 1877 1328 1925 nee-

279 1994 355 2041 esse
380 1979 434 2039 est
452 1971 593 2062 justum
618 1970 721 2040 molis
743 1992 819 2040 esse
842 1971 1050 2061 subjeetum,
1073 1977 1116 2038 nt
1143 1970 1327 2050 virtutem,

280 2106 348 2173 que
371 2092 425 2153 est
447 2082 623 2174 praeditus,
642 2084 678 2152 in
701 2106 770 2153 usu
790 2082 941 2152 hebent:
967 2083 1078 2151 virtus
1094 2084 1189 2151 enim
1215 2082 1328 2152 malo-

280 2221 357 2269 rum
382 2199 592 2269 sustinentia
614 2207 678 2269 est.
732 2198 947 2291 Voluptates
965 2200 1078 2291 fugiet
1100 2208 1143 2268 ut
1168 2199 1326 2281 malum;

280 2336 364 2407 opes
387 2324 601 2398 contemnet,
618 2315 701 2406 quie
725 2313 866 2408 fragiles
888 2324 994 2399 sunt;
1022 2316 1051 2383 si
1075 2314 1250 2397 hebuerit,
1275 2317 1329 2386 di·
1427 2325 1428 2346 ¹

281 2432 457 2524 largietur,
484 2440 525 2503 nt
550 2432 696 2503 miseros
721 2441 857 2515 servet;
885 2431 1037 2502 honores
1066 2455 1136 2501 non
1168 2443 1328 2524 appetet,

280 2549 362 2639 quie
385 2556 468 2616 sunt
498 2548 623 2619 breves
651 2558 689 2618 et
719 2548 863 2631 eadnei3
897 2548 1061 2640 injuriam
1083 2547 1172 2617 nulli
1197 2549 1329 2626 faciet:

281 2661 309 2729 si
340 2661 446 2731 fuerit
475 2684 606 2755 pessum,
636 2685 708 2732 non
735 2663 917 2743 retribuet,
947 2672 985 2732 et
1009 2662 1235 2753 diripientem
1264 2686 1330 2733 aua

282 2798 352 2845 non
385 2788 635 2869 persequetur:
678 2778 777 2848 nefas
811 2778 907 2847 enim
934 2777 1111 2870 judicabit
1143 2778 1329 2849 hominem

282 2892 428 2975 laedere3
459 2901 497 2966 et
524 2895 552 2964 si
579 2895 658 2985 quis
679 2895 853 2977 extiterit,
874 2896 935 2986 qni
963 2903 1067 2987 coget
1092 2896 1288 2965 deseiseere
1308 2920 1332 2966 a

284 3006 373 3090 Deo,
390 3030 456 3079 nee
473 3008 659 3092 emrietns,
676 3032 744 3080 neo
766 3018 918 3081 mortem
941 3010 1127 3081 recumbit.
1179 3010 1239 3080 Ito
1254 3011 1330 3094 fiet,

283 3132 324 3194 ut
354 3146 437 3194 eum
466 3147 608 3196 neeesse
638 3126 685 3195 sit
709 3136 748 3196 et
773 3126 926 3219 inopem,
951 3136 991 3196 et
1019 3125 1202 3207 humilem,
1228 3136 1267 3196 et
1292 3129 1331 3196 in

284 3237 517 3321 contumeliis,
534 3239 723 3311 autetiam
740 3240 953 3310 emeiatibns
969 3240 1099 3308 virere.

652 3452 762 3525 CAP.
789 3455 957 3527 XXXV.

334 3592 426 3673 Quis
445 3591 554 3682 igitur
573 3592 641 3661 erit
664 3592 800 3661 fruetus
820 3593 971 3684 justitiae
994 3601 1102 3684 atque
1125 3593 1277 3675 virtutis,
1300 3594 1330 3661 si

284 3703 372 3776 nihil
401 3705 547 3777 habebit
572 3704 611 3776 iri
637 3710 710 3778 vite
733 3708 799 3778 uisi
824 3708 985 3778 melum?
1016 3707 1121 3791 Quod
1151 3711 1180 3779 si
1207 3711 1329 3782 virtus,

284 3845 362 3916 quae
387 3822 480 3893 bona
504 3822 623 3893 omnia
647 3830 788 3894 terrene
811 3826 1019 3907 contemnit,
1045 3825 1138 3895 mela
1168 3827 1331 3896 universo
1424 3897 1425 3924 ,

284 3938 540 4030 sapientissime
565 3940 706 4032 perfert,
733 3941 913 4034 ipsamque
938 3951 1089 4012 mortem
1121 3966 1185 4035 pro
1213 3943 1330 4013 officio
1424 3945 1425 3948 ’

284 4052 439 4145 suscipit,
458 4056 533 4125 sine
549 4056 691 4147 proemio
709 4078 786 4126 esse
802 4078 873 4127 non
890 4065 1029 4148 potest3
1055 4057 1140 4149 quid
1157 4068 1327 4150 superest,

283 4171 350 4239 nisi
374 4169 466 4263 (sor.
493 4175 558 4243 nisi
585 4182 627 4243 ut
651 4172 791 4265 Deris.)
815 4196 950 4245 merces
980 4175 1056 4266 ejus
1082 4174 1330 4247 immortalitas
