2867 4817
183 337 237 401 IN
257 336 504 401 TERTULL.
524 336 590 399 DE
613 336 906 401 PRAESCRIPT.
926 336 1053 400 ΗΕΒ.
1092 332 1158 406 195

107 506 244 591 gendum
268 506 406 571 latinus
428 506 584 585 Latinium,
600 528 673 571 oum
691 506 864 572 invenisset
881 507 976 571 uelint
992 528 1052 593 pro
1067 506 1157 571 velim

108 592 139 655 in
163 592 361 657 editionibus
389 592 545 657 Rhenani.
607 592 665 656 Ille
689 614 764 657 vero
793 592 967 658 Rhenanus
994 594 1038 657 ed
1066 614 1156 657 oram

108 678 211 742 tertiae
226 700 296 743 snae
310 678 460 743 editionis
471 678 564 742 duxit
574 678 783 757 seribendum,
795 688 824 744 et
834 678 921 744 velut
930 679 973 744 sit
982 700 1154 764 umquem,-

108 772 204 849 atque
214 764 250 828 in
260 764 358 829 Notis
372 764 437 829 suis
451 766 494 829 ad
509 764 584 829 edit.
600 786 691 829 suam
705 765 851 829 ultimam
864 765 978 830 maluit
991 786 1154 850 reponere,

107 850 160 913 sed
174 850 276 915 veluti
292 852 336 915 sit
348 872 498 936 nusquam
510 876 521 923 ‚·
546 850 622 914 dum
641 860 669 915 et
687 852 747 915 en't
759 873 819 937 pro
833 872 883 915 ero
896 852 999 937 itaque
1013 851 1046 915 in
1065 858 1156 916 ante-

107 935 304 1014 oedentibus,
323 936 429 999 minus
447 944 556 1001 autem
574 936 664 1013 bene,
687 936 816 1012 extitit3
848 943 1029 1021 exponente
1045 944 1155 1002 temen

107 1020 248 1086 Semiero
266 1023 364 1099 “eret
381 1022 509 1100 scilieet,
521 1022 598 1086 illud
613 1022 699 1107 qnod
713 1022 851 1107 quaero.”
879 1022 1031 1087 Debitum
1045 1031 1155 1088 antem

106 1128 172 1171 esse
194 1129 286 1172 nune
309 1108 402 1171 video
427 1108 559 1173 editioni
579 1108 681 1173 Paris
706 1109 805 1194 priori
829 1109 926 1187 istud,
948 1110 1015 1172 Ero
1042 1108 1155 1195 itaque,

106 1193 198 1278 idque
212 1194 332 1259 melius
343 1194 485 1268 videtum
499 1194 565 1267 sed,
577 1201 615 1258 ut
625 1201 783 1269 revertam
797 1194 896 1259 habet
906 1195 1005 1260 editio
1016 1195 1155 1259 Franelr.

104 1286 177 1427 poet
201 1280 395 1357 Pamelium‚
418 1280 463 1343 Et
478 1280 572 1343 veliet
589 1301 637 1344 me
654 1280 699 1344 eie
719 1302 778 1345 esse
796 1302 956 1366 nusquam,
979 1282 1069 1366 pessi
1095 1282 1153 1344 dre.

131 1366 218 1430 osuit
245 1365 387 1449 denique
415 1365 583 1451 nigasius,
612 1373 778 1452 praeeunte
801 1366 995 1443 Wouwerio‚
1016 1366 1070 1451 qni
1092 1372 1155 1430 vet.

104 1451 246 1515 oodioem
263 1458 383 1516 testem
397 1451 486 1529 citat
502 1460 530 1516 et
543 1452 630 1516 velut
644 1451 671 1515 si
685 1472 843 1538 tuaquom,
859 1458 893 1517 et
909 1454 1000 1537 quasi
1012 1453 1067 1538 qui
1080 1472 1159 1515 ame·

103 1558 194 1621 quom
208 1537 478 1623 apprehenderim.
523 1536 616 1602 Nune
630 1538 738 1603 mnlim
748 1560 809 1622 ego
821 1537 1031 1622 posteriorem
1046 1538 1158 1601 editio-

104 1644 175 1687 nem
191 1622 389 1701 Parisinsm,
402 1630 528 1687 textum
539 1623 662 1689 Gelenii
676 1623 875 1702 referentem,
891 1624 990 1709 sequi,
1006 1623 1156 1688 subintel·

104 1708 186 1773 leeto
201 1716 284 1794 post
298 1709 430 1773 verbum
444 1708 534 1773 velim
548 1709 661 1787 dioere,
677 1709 726 1773 vel
740 1716 893 1773 statuere.

146 1794 184 1859 P.
201 1814 280 1880 132.
303 1794 324 1858 l.
336 1814 366 1880 5.
390 1794 465 1879 quia
486 1816 549 1859 non
570 1794 705 1881 invenit]
729 1795 838 1859 Reso'
880 1796 905 1859 't
928 1795 1024 1859 doota
1045 1818 1159 1861 manus

103 1881 240 1945 &mm
263 1881 308 1944 ad
332 1902 422 1945 orem
446 1880 523 1945 edit.
549 1880 700 1966 prinoipis
722 1902 820 1967 penes
873 1901 965 1945 ovum
985 1882 1158 1969 Oollegium

104 1967 190 2052 apud
205 1966 385 2039 Omnium,
400 1967 484 2050 quod
500 1974 632 2052 propter
645 1966 812 2051 sequentia
825 1967 877 2030 hie
890 1966 1006 2052 plaoet.

147 2052 234 2116 lbid.
251 2052 275 2114 l.
289 2072 341 2115 2ο.
358 2051 460 2115 Nemo
474 2052 547 2116 inde
561 2051 642 2116 strui
661 2060 771 2137 potest
785 2052 869 2116 unde
889 2052 1076 2135 destruitur]
1104 2056 1159 2118 Io·

103 2138 183 2202 mi
197 2138 313 2223 posuit
333 2136 500 2223 Rigaltius,
516 2139 601 2222 quod
620 2138 748 2223 quidem
761 2139 939 2223 praestabet
958 2138 1036 2204 edit.
1053 2139 1157 2203 Paris.

106 2225 191 2288 enda
205 2230 243 2288 et
264 2222 422 2287 referente
442 2224 592 2301 Pamelio‚
610 2224 681 2288 MS.
697 2224 766 2288 eod.
785 2224 991 2309 Anglioanus,
1010 2226 1067 2289 sed
1085 2246 1159 2291 vere

105 2308 372 2386 Tertullionenm
387 2308 435 2373 ait
448 2309 509 2387 ille,
525 2316 575 2374 est
588 2310 680 2374 essu.
704 2309 758 2374 Sie
771 2310 805 2373 in
815 2332 883 2410 oap.
898 2330 947 2394 13.
974 2310 1048 2375 Hoo
1062 2312 1160 2375 etism

104 2396 228 2461 invenit
239 2396 275 2459 in
289 2394 363 2459 MS.
375 2416 432 2459 suo
439 2394 649 2474 Wouwerius,
661 2396 841 2483 probatque
851 2418 928 2480 ipse,
940 2403 1053 2461 eontra
1063 2419 1159 2481 quam

104 2483 305 2546 adnotatum
336 2488 385 2545 est
410 2481 443 2544 in
468 2482 544 2547 edit.
570 2481 713 2547 Halensi.
760 2482 871 2566 Atque
891 2482 960 2546 haeo
984 2481 1159 2547 editionum

106 2567 259 2632 Pdnenani
274 2574 310 2631 et
325 2566 428 2631 Puris.
442 2567 554 2653 primae
569 2566 662 2631 leotio
676 2590 697 2632 e
711 2589 763 2631 me
778 2589 862 2631 nune
871 2574 1022 2632 revocata
1036 2576 1094 2633 est.

149 2653 236 2717 ibid
252 2653 276 2714 Ι.
288 2673 342 2735 3⁰·
358 2652 518 2737 emissum]
548 2652 600 2717 Sio
614 2653 686 2717 libri
705 2653 784 2718 editi
803 2660 881 2717 ante
901 2653 1085 2739 nigasium,
1106 2655 1160 2738 qui

106 2739 139 2803 in
168 2740 280 2803 altera
308 2759 368 2801 sua
395 2738 534 2802 editione
562 2738 723 2803 demissum
747 2738 865 2824 posuit.
909 2739 1011 2804 Reote
1035 2761 1161 2804 revooa-

105 2832 224 2890 verunt
239 2823 412 2911 pristinam
429 2824 595 2889 leetionem
616 2824 726 2910 Lupus
744 2831 778 2888 et
799 2824 997 2903 Thomasins,
1012 2847 1091 2910 quos
1110 2848 1161 2889 se·

106 2918 202 2975 entus
216 2930 304 2974 sum.
346 2909 504 2974 Gaeterum
515 2916 606 2975 extet
616 2910 649 2974 in
659 2910 714 2974 lib.
726 2910 765 2974 de
787 2910 872 2997 Virq.
891 2911 1037 2976 Veloudee
1046 2934 1117 2996 eep.
1133 2932 1161 2977 1.

105 2997 170 3061 ulia
185 2994 265 3060 {idei
279 2994 400 3080 regula,
414 3016 469 3060 seu
483 2994 628 3075 formula,
644 2996 830 3081 symbolum,
846 2998 932 3081 quod
953 2996 1070 3061 dieitur
1084 3020 1161 3083 apo-

106 3082 272 3159 stolieum,
288 3079 356 3145 iere
370 3080 481 3145 iisdem
495 3082 599 3147 verbis
613 3104 653 3147 ex
675 3082 803 3146 rimens.

149 3168 192 3232 P.
212 3189 222 3229 ι
229 3186 287 3251 33.
302 3166 322 3229 l.
335 3186 362 3233 2.
379 3168 479 3253 egisse
492 3167 605 3232 Jesum
692 3166 805 3269 stum]
821 3168 933 3233 Habet
948 3169 1161 3233 Tertullianus

107 3254 140 3317 in
154 3252 325 3339 Apolofia,
341 3270 557 3337 depensum
574 3254 653 3319 desei
707 3252 929 3339 aqmbusdaan
942 3256 1011 3339 epit,
1025 3262 1059 3319 et
1073 3256 1159 3330 alibi,

106 3340 213 3405 Deum
227 3338 325 3403 etiem
338 3340 373 3402 ia
386 3339 477 3403 ten-ie
490 3340 589 3424 opimo.
627 3339 642 3402 I
667 3341 711 3404 ud
730 3340 854 3405 interea
872 3342 909 3406 ie
925 3340 1011 3405 eoelos
1027 3352 1162 3427 ereptum

107 3426 158 3489 bis
173 3446 221 3510 qu
265 3446 307 3488 ue
321 3424 404 3488 inira
417 3426 557 3511 positum
571 3425 668 3491 estin
683 3448 752 3511 eap.
765 3444 816 3506 24.

153 3510 242 3575 lbid.
271 3559 278 3572 .
295 3530 343 3593 19.
360 3509 472 3575 doetor
484 3510 591 3596 gretie
602 3510 742 3576 soientiae
753 3511 906 3611 donatus]
920 3512 951 3576 N
951 3519 1077 3577 etatum
1087 3513 1163 3577 viris

108 3597 216 3663 doctis
238 3595 397 3680 duplieem
418 3618 457 3660 eo
478 3597 547 3661 loeo
569 3618 590 3661 a
610 3597 807 3662 Tertulliano
829 3597 981 3685 distingui
995 3598 1162 3663 dootorum

107 3684 268 3759 ordinem,
291 3704 390 3745 unum
411 3704 530 3761 eorum,
553 3682 607 3767 qui
628 3683 761 3748 seientia
782 3682 908 3748 ooelitus
929 3684 1066 3749 demissa
1085 3707 1162 3770 geu-

108 3770 210 3843 dent;
236 3767 374 3832 alterum
395 3790 514 3845 eornm,
538 3768 591 3853 qni
611 3769 792 3834 litterarum
814 3770 966 3835 exercitio
991 3770 1077 3835 illem
1103 3770 1163 3835 sibi

108 3860 315 3939 eomparnnt.
360 3854 541 3918 Adnotetio
555 3855 599 3918 ad
613 3855 769 3918 'l'noussn
783 3855 859 3919 edit.

156 3940 242 4003 lbid.
254 3939 275 4003 1.
288 3958 339 4005 20.
351 3940 448 4024 aliqui
460 3947 574 4018 tecum,
587 3940 740 4005 curiosius
751 3948 868 4018 tamen,
881 3943 1041 4025 quaerens]
1057 3942 1163 4027 Vulgo

110 4026 232 4111 legitur
246 4026 389 4104 maus,
405 4032 439 4089 et
453 4026 610 4111 repetitur
628 4036 724 4091 teum
742 4035 819 4092 ante
837 4038 959 4099 tamem
983 4028 1043 4091 hoo
1057 4029 1162 4107 modo,

109 4112 216 4197 aliqui
230 4120 325 4175 tecum
344 4113 488 4189 eruimus,
504 4120 599 4176 saun
618 4121 718 4176 manee
737 4134 894 4198 quereum·
922 4114 979 4178 sed
997 4114 1163 4179 leotionem

111 4218 219 4263 meum
242 4197 394 4262 exhibent
410 4198 504 4263 editt.
528 4197 672 4262 Rhenani
699 4205 733 4263 et
752 4198 803 4265 ed.
826 4198 930 4263 Poris.
953 4199 1075 4286 prima;
1104 4201 1164 4266 nisi

112 4284 202 4369 quod
216 4282 342 4369 aliquid
354 4304 418 4348 non
432 4282 535 4369 alequi
548 4284 581 4347 in
595 4284 634 4347 iis
649 4292 749 4349 extet.

603 4392 619 4431 o
635 4390 652 4433 o
669 4388 686 4432 2
