2867 4817
282 309 347 378 156
636 310 979 375 TERTULLIANI

280 488 448 559 adversm
464 485 690 557 Creatorem:
716 494 779 557 aut
805 487 833 557 si
855 486 1000 557 unicum
1021 484 1226 557 Creatorem
1244 506 1331 556 con-

279 606 437 687 fitentur,
467 602 571 673 aliter
602 626 686 673 eum
721 602 906 686 disserunt,
936 626 1044 695 quam
1076 604 1114 672 in
1144 624 1227 673 vero
1261 612 1329 673 est.

281 721 408 813 Itaque
438 742 545 790 omne
578 719 804 790 mendacium
833 721 879 790 de
909 719 988 791 Deo
1016 719 1073 791 vel
1107 720 1205 791 natio
1233 717 1330 813 (scr.

280 838 386 932 ratio)
404 838 665 930 quodammodo
681 860 797 920 senua,
816 845 871 907 est
888 836 1106 907 idololatria.

332 954 371 1025 N
371 978 419 1025 on
430 956 594 1026 omittam
612 954 721 1047 ipsius
734 955 843 1025 etiam
861 955 1135 1025 conversationis
1146 951 1361 1026 haemticaes

173 1163 178 1171 ἡ
222 1072 229 1086 ’
280 1073 562 1164 descriptionem,
597 1091 702 1163 quam
739 1071 861 1154 ortilis,
895 1094 1002 1163 quam
1036 1080 1186 1152 tenena,
1220 1092 1332 1162 quam

145 4016 229 4065 CAP.

144 4083 233 4132 xml.

277 1186 433 1258 bumana
465 1188 532 1271 sit3
568 1189 645 1258 sine
677 1190 862 1281 gravitate,
889 1190 965 1259 siue
998 1187 1219 1268 auctoritate,
1251 1188 1332 1257 sine

277 1304 470 1398 disciplina,
490 1315 533 1374 ut
561 1305 645 1375 fidei
675 1328 747 1376 suae
774 1328 981 1401 congruens.
1033 1304 1077 1375 In
1101 1305 1223 1397 primis
1248 1306 1332 1395 quis

276 1420 562 1503 catechumenus,
597 1421 675 1514 quis
706 1421 832 1504 fidelis,
867 1424 1042 1493 incertum
1076 1430 1157 1491 est:
1195 1422 1333 1513 pariter

277 1537 420 1621 adeum,
437 1538 568 1630 pariter
584 1537 743 1620 audiunt,
761 1540 893 1631 pariter
909 1547 1031 1608 orant:
1058 1538 1166 1608 etiam
1193 1536 1330 1607 ethuici
1349 1567 1384 1605 ιο

145 1682 160 1715 ι
201 1666 243 1717 va.
277 1655 306 1723 si
331 1656 609 1747 supervenerint,
630 1662 786 1726 sanctorm
812 1653 962 1736 caniba,
985 1664 1017 1724 et
1041 1654 1161 1748 porois
1190 1676 1333 1751 maryt-

275 1770 374 1853 πίω,
409 1769 494 1840 licet
529 1793 601 1840 non
634 1792 744 1852 veras,
781 1770 982 1862 jactabunt.
1051 1769 1331 1863 Simplicitatem

276 1885 402 1956 volunt
431 1908 508 1957 esse
537 1888 810 1979 prostrationem
840 1886 1056 1980 disciplinae3
1088 1887 1189 1979 cujus
1218 1910 1332 1979 panes

274 2026 340 2073 nos
356 2024 487 2084 curam,
501 2001 716 2073 lenocinium
731 2013 879 2074 vocant:
897 2027 1021 2097 pacem
1039 2026 1179 2095 quoque
1195 2005 1331 2095 passim

274 2140 358 2189 cum
392 2118 557 2189 omnibus
589 2120 751 2190 miscent.
804 2118 906 2189 Nihil
941 2120 1036 2190 enirn
1071 2118 1384 2216 interestillis,15

275 2236 360 2307 licet
393 2236 531 2306 diversa
563 2236 808 2319 tractantibus,
836 2236 923 2307 dum
957 2236 1003 2306 ad
1036 2237 1141 2307 unius
1168 2238 1332 2309 veritatis

274 2354 575 2447 expugnationem
592 2353 805 2446 conspirent.
861 2351 996 2424 Omnes
1013 2362 1154 2424 tument
1168 2377 1179 2437 ;
1203 2378 1332 2426 omnes

275 2472 459 2541 scientiam
484 2469 707 2562 pollicentur.
759 2468 859 2542 Ante
884 2480 967 2541 aunt
990 2470 1138 2564 perfecti
1160 2472 1333 2543 catechu-

275 2588 381 2670 meni,
399 2610 505 2680 quam
525 2587 654 2658 edocti.
706 2586 800 2681 lpsae
826 2586 992 2658 mulieres
1017 2586 1193 2659 haereticae
1218 2612 1331 2681 quam

274 2704 459 2799 procaces!
496 2726 578 2795 quae
612 2706 766 2776 audeant
801 2705 938 2788 docere,
969 2706 1193 2789 contendere,
1223 2730 1385 2781 exor-ao

275 2824 403 2893 ammos
424 2844 539 2915 agere,
557 2823 756 2892 curationes
782 2823 1038 2915 repromittere,
1066 2823 1260 2894 fortassean
1288 2834 1331 2895 et

275 2941 423 3033 tingere.
475 2937 726 3010 Ordinationes
753 2960 876 3008 eorum
906 2940 1114 3023 temerariae,
1141 2938 1246 3023 leves,
1273 2940 1331 3010 in-

274 3063 498 3138 constantes3
522 3078 618 3126 nunc
643 3054 840 3147 neophytos
866 3053 1062 3139 conlocant,
1083 3078 1179 3127 nunc
1204 3055 1329 3127 seculo

274 3170 472 3254 obstrictos,
512 3193 608 3241 nunc
640 3178 819 3263 apostatas
853 3180 1001 3254 nostros,
1036 3181 1078 3242 ut
1110 3172 1223 3267 gloria
1263 3196 1329 3245 eos

275 3287 444 3381 obligent,
462 3288 545 3377 qnia
561 3288 711 3357 veritate
728 3310 801 3357 non
824 3297 981 3379 possunt.
1036 3288 1223 3381 Nusquam
1240 3290 1329 3361 iaci-
1342 3328 1380 3387 ²5

275 3402 343 3474 lius
359 3402 550 3496 proficitur,
569 3425 675 3494 quarn
701 3405 738 3473 in
756 3405 878 3475 castris
896 3403 1103 3476 rebellium:
1129 3404 1190 3476 ubi
1208 3406 1327 3499 ipsum

274 3542 351 3591 esse
384 3518 467 3603 illic,
493 3521 683 3612 promereri
718 3530 784 3590 est.
837 3520 963 3613 Itaque
997 3521 1087 3593 alius
1115 3522 1222 3595 hodie
1251 3528 1328 3619 epi-

273 3658 410 3730 scopus,
428 3660 504 3707 cras
528 3636 640 3707 alius:
666 3636 773 3706 hodie
799 3637 976 3721 diaconus,
1000 3639 1061 3730 qui
1088 3662 1164 3710 cras
1189 3640 1326 3714 lector:

273 3754 380 3826 hodie
414 3755 605 3847 presbyter,
641 3754 701 3845 qui
736 3775 812 3824 cras
846 3753 966 3824 laicus.
1024 3754 1121 3825 Nam
1156 3765 1194 3827 et
1227 3758 1328 3831 laicis

273 3870 505 3943 sacerdotalia
529 3893 676 3941 munera
700 3872 901 3965 injungunt
1338 3912 1382 3969 30

324 3987 383 4059 De
400 3989 498 4058 verbi
515 3995 637 4059 autem
654 3988 959 4058 administratione
976 3987 1061 4080 quid
1079 3989 1215 4073 dicam3
1241 4014 1325 4063 cum

273 4104 343 4175 hoc
360 4107 407 4175 sit
423 4106 606 4199 negotium
624 4102 703 4187 illis,
722 4127 793 4175 non
819 4104 980 4175 ethnicos
1005 4108 1245 4190 convertendi,
1262 4108 1326 4179 sed

273 4230 412 4292 nostros
438 4221 649 4292 evertendi?
676 4219 782 4291 Hanc
807 4222 921 4314 magis
945 4220 1093 4313 gloriam
1119 4232 1275 4316 captant,
1297 4226 1326 4296 si
