2867 4817
307 285 372 349 380
563 285 795 349 FIRMIANI
820 286 1090 352 LACTANTII
1371 5 1398 506 l

306 458 398 554 (for.
432 482 495 553 per
529 482 567 531 se
600 461 688 532 scire
720 458 860 555 Dacis.)
893 462 1000 534 homo
1033 464 1164 535 divina
1230 461 1337 533 Nemo

306 599 388 675 ergo
418 578 564 669 sapione,
590 579 656 648 nisi
682 576 791 660 Deus,
821 586 884 648 eut
907 589 1004 651 certe
1032 579 1062 650 is
1091 579 1216 662 homo,
1244 600 1339 670 quen

307 691 404 763 Deus
430 694 559 765 docuit.
611 693 669 764 Illi
695 704 826 777 autem,
850 695 931 787 qnia
955 718 1023 766 nec
1047 695 1096 763 dii
1120 704 1221 779 sunt,
1238 718 1343 765 neca

308 808 385 879 Deo
411 811 516 893 docti,
534 813 707 904 sapientes
731 833 825 905 ergo,
850 813 888 882 id
913 820 977 894 est,
1001 812 1201 882 divinarum
1224 824 1265 881 et
1285 811 1344 881 hu·
1407 785 1413 806 ⁴

307 950 488 999 manarum
509 952 625 999 rerum
651 929 803 999 scientes
824 951 901 999 csse
925 951 997 999 non
1021 939 1179 1021 possm
1236 929 1346 999 Recte

307 1044 413 1135 igitur
437 1067 459 1114 a
484 1043 629 1115 Socrate
651 1052 760 1137 atque
784 1042 1008 1116 Academicis
1033 1047 1182 1116 scientia
1208 1044 1346 1117 sublata

305 1167 369 1229 est.
430 1159 596 1252 Opinatio
621 1182 762 1253 quoque
789 1184 860 1230 non
886 1162 1049 1255 congruit
1077 1162 1243 1253 sapienti.
1304 1159 1345 1230 Id

305 1276 399 1347 enim
421 1277 567 1369 quisque
593 1278 765 1369 opinatur,
789 1278 882 1369 quod
907 1278 1056 1370 ignorat.
1107 1276 1259 1370 Opinari
1287 1298 1345 1346 au·

305 1400 377 1462 tem
395 1392 482 1463 scire
498 1401 545 1476 te,
563 1394 657 1485 quod
680 1394 829 1486 ignores,
846 1394 1027 1464 temeritas
1043 1416 1085 1463 ac
1107 1393 1267 1464 stultitia
1281 1400 1343 1463 eet

306 1508 418 1580 Recte
434 1510 544 1603 igitur
559 1511 714 1603 opinatio
732 1533 754 1580 a
770 1509 915 1580 Zenone
936 1509 1077 1580 sublata
1091 1518 1157 1581 est
1203 1510 1245 1581 Si
1262 1532 1343 1602 ergo

304 1626 450 1697 scientio
474 1627 510 1696 in
535 1626 685 1697 homine
704 1626 802 1696 nulla
824 1636 887 1709 est,
918 1636 955 1696 et
984 1628 1140 1720 opinatio
1166 1650 1246 1699 me
1275 1646 1343 1695 non

305 1738 422 1821 debet,
439 1738 658 1833 philosophie
674 1740 841 1811 radicitus
856 1750 1070 1833 amputatur.

672 1953 781 2027 cAP.
809 1954 977 2027 XXXII.

355 2089 438 2159 Huc
463 2090 608 2172 accedit,
626 2090 721 2182 quod
746 2112 818 2158 non
842 2097 895 2159 est
918 2088 1120 2172 uniformis;
1150 2088 1216 2160 sed
1232 2088 1341 2158 divisa

303 2207 341 2277 in
370 2216 491 2289 sectas,
521 2214 559 2277 et
587 2208 624 2276 in
652 2204 784 2276 multas
813 2204 1117 2298 discrepantesque
1145 2206 1341 2275 sententias

304 2324 469 2416 dissipata
501 2331 633 2393 statum
662 2344 735 2393 non
768 2322 885 2393 habet.
940 2322 1032 2393 Crem
1065 2323 1160 2392 enim
1194 2322 1340 2417 singule

303 2438 387 2511 alias
413 2462 533 2510 omnes
562 2439 772 2533 impugnent
797 2446 835 2509 et
861 2437 1027 2532 affligant,
1051 2461 1118 2509 nec
1146 2441 1194 2509 sit
1223 2438 1342 2532 aliqua

302 2579 347 2627 ex
377 2556 428 2638 iis,
457 2578 533 2647 quae
562 2577 643 2638 non,
666 2554 803 2649 judicio
828 2563 1044 2638 ceterarum,
1069 2554 1230 2625 stultitiae
1258 2577 1341 2625 con·

303 2672 497 2753 demnetur,
531 2672 654 2763 utiquo
692 2670 969 2742 discordantibus
1006 2670 1173 2741 membris
1211 2692 1340 2763 corpus

302 2810 407 2867 omne
439 2786 667 2881 philosophia
699 2788 745 2857 ed
773 2788 957 2857 interitum
994 2787 1189 2858 deducitur.
1241 2785 1340 2857 Hinc

302 2902 497 2975 Academia
521 2905 745 2997 postmodum
773 2915 857 2975 nato
885 2912 949 2975 est
1001 2904 1098 2975 Nam
1130 2926 1212 2973 cum
1243 2904 1341 2974 vide·

303 3030 382 3091 rent
421 3020 496 3112 ejus
533 3030 637 3091 secte
675 3022 849 3113 principes
887 3042 1029 3091 omnem
1070 3018 1339 3113 philosophiam,

302 3136 516 3230 philosophis
549 3138 700 3207 invicem
731 3134 822 3231 (sor.
857 3158 895 3207 se
928 3138 1079 3207 invicem
1108 3133 1247 3227 Boon.)
1277 3158 1341 3229 op-
1424 3219 1425 3244 χ

301 3254 548 3347 pugnantibus,
575 3275 650 3323 esse
679 3252 892 3335 subversam,
915 3260 1143 3346 susceperunt
1170 3253 1340 3324 adversus
1424 3259 1425 3262 ’

302 3392 424 3440 omnes
444 3368 589 3452 bellum,
605 3375 647 3438 ut
670 3373 787 3438 omnia
808 3369 965 3439 omnium
989 3368 1226 3451 dissolverent,
1248 3367 1339 3439 nihil

302 3486 367 3578 ipsi
396 3492 598 3566 asserentes,
626 3484 691 3555 nisi
719 3507 840 3566 unum,
869 3484 957 3554 nihil
991 3486 1071 3556 sciri
1103 3506 1215 3578 posse
1269 3484 1337 3567 Ita,

302 3605 440 3678 sublata
467 3604 622 3685 scientia,
648 3601 904 3696 philosophiam
931 3612 1087 3674 veterem
1114 3603 1337 3675 subruerunt

304 3722 375 3794 Sed
404 3746 449 3793 ne
474 3722 541 3814 ipsi
566 3720 707 3811 quidem
735 3719 1020 3813 philosophorum
1049 3742 1179 3790 nomen
1204 3722 1338 3791 retinu-
1424 3721 1425 3796 j

303 3846 415 3920 enmt‚
433 3837 493 3930 qui
515 3836 748 3930 ignorantiam
770 3834 989 3919 fatebantur3
1015 3836 1096 3928 quia
1112 3835 1248 3906 nescire
1264 3860 1338 3907 om·

302 3956 361 4023 nie
383 3976 454 4023 non
480 3954 585 4023 modo
611 3950 819 4044 philosophi,
844 3952 905 4024 sed
931 3976 976 4023 ne
1004 3951 1156 4022 hominia
1183 3952 1336 4043 quidem,

303 4071 358 4141 cit.
409 4067 467 4138 Ita
492 4065 698 4161 philosophi,
729 4067 811 4160 quia
838 4067 928 4138 nihil
955 4069 1166 4139 munimenti
1193 4068 1333 4150 habent,

302 4182 349 4273 (lc.
363 4206 390 4253 c.
414 4185 514 4266 souti,
538 4180 639 4254 Conf.
664 4182 745 4253 Div.
769 4182 855 4258 Inst.
877 4183 948 4254 III.
967 4186 1016 4279 3.)
1042 4185 1176 4255 mutuis
1198 4207 1239 4256 se
1264 4183 1334 4255 vul·
