2867 4817
462 312 610 379 LIBER
634 314 829 381 PRIMUS.
1102 320 1161 387 291

122 495 162 555 et
186 486 308 571 audiri,
333 494 372 557 et
401 486 520 559 credi?
559 497 622 559 aut
651 512 723 561 non
752 488 972 561 simillimum
1003 492 1076 564 veri
1101 501 1166 576 est,

123 601 231 673 fidem
266 602 387 675 vicinis
416 612 455 674 et
487 603 656 689 finitimis,
686 628 794 699 quam
827 607 1021 701 spatiorum
1052 607 1167 681 inesse

122 718 381 815 longinquitate
408 720 643 793 distantibus?
677 722 843 796 Testibus
871 722 967 797 enim
991 723 1077 809 hacc,
1105 724 1168 799 illa

122 837 345 930 opinionibus
362 846 573 923 asseruntur,
586 848 624 911 et
640 839 829 933 proclivius
845 840 960 911 multo
973 848 1038 924 est,
1050 842 1167 915 minus

121 977 200 1025 esse
221 954 259 1024 in
279 955 480 1027 recentibus
504 955 666 1041 fictionis,
690 980 797 1050 quam
818 957 856 1030 in
878 958 1024 1050 antique
1043 958 1168 1031 obscu-

122 1072 229 1142 ritate
245 1068 427 1143 submotis.

173 1185 316 1259 LVIII.
347 1186 421 1260 Sed
448 1189 495 1261 ab
523 1188 674 1260 indoctis
702 1188 915 1272 hominibus,
944 1199 982 1261 et
1011 1192 1166 1277 rudibus,

119 1305 251 1398 scripta
268 1314 360 1389 sunt,
377 1315 415 1377 et
438 1307 564 1379 iccirco
581 1329 653 1377 non
676 1314 760 1377 sunt
777 1305 871 1379 facili
894 1307 1076 1380 anditione
1092 1332 1167 1381 cre·

120 1421 247 1493 denda
299 1422 395 1495 Vide
419 1446 465 1493 ne
494 1424 606 1517 magis
634 1422 709 1497 haec
739 1424 862 1499 fortior
886 1447 992 1497 causa
1016 1424 1073 1509 sit,
1104 1450 1167 1497 eur

119 1536 183 1609 illa
211 1538 283 1610 sint
311 1538 417 1611 nullis
446 1540 672 1631 coinquinata
700 1539 902 1623 mendaciis,
931 1548 1053 1612 mente
1084 1542 1167 1613 sim-

119 1654 203 1747 plici
236 1656 386 1747 prodita,
424 1665 462 1727 et
495 1656 616 1750 ignara
649 1655 832 1730 lenociniis
860 1656 1040 1751 ampliare.
1091 1658 1167 1729 Tri·

119 1770 221 1843 violis
237 1779 275 1841 et
292 1772 450 1845 sordidus
467 1794 581 1843 sermo
598 1782 663 1844 est.
711 1772 907 1865 Nunquam
923 1772 1019 1844 enim
1036 1772 1166 1846 veritas

120 1896 256 1961 sectata
277 1898 332 1962 est
354 1888 485 1973 111111,
508 1912 575 1961 nec
600 1890 694 1981 quod
717 1888 941 1983 exploratum
966 1899 1004 1959 et
1026 1899 1165 1962 certum

119 2015 175 2076 est
204 2005 420 2079 circumduci
455 2029 493 2077 se
526 2006 662 2098 patitur
692 2006 859 2077 orationis
893 2029 956 2097 per
990 2006 1164 2080 ambitum

119 2122 326 2217 longiorem.
373 2121 619 2206 collectiones,
636 2121 912 2216 enthymemate,
933 2109 1165 2208 definitiones,

119 2241 308 2333 omnisque
333 2239 394 2311 ille
418 2249 633 2323 ornaments,
658 2240 787 2333 quibus
810 2239 898 2312 fides
923 2239 1091 2332 quaeritur
1111 2262 1166 2311 as-

120 2356 291 2441 sertionis,
309 2354 400 2453 (sor.
424 2357 617 2439 assertioni,
639 2353 743 2429 Folo.
765 2353 931 2447 Ursinus)
949 2355 1165 2449 suspicantes

119 2473 298 2566 adjuvant,
310 2496 382 2545 non
399 2473 557 2547 volitatio
573 2472 789 2545 lineamenta
800 2472 1054 2545 demonstrant.
1090 2471 1165 2545 (111-

119 2598 237 2663 terum
265 2591 326 2683 qui
360 2590 437 2675 scit,
470 2591 556 2683 quid
589 2590 635 2663 sit
671 2589 762 2661 illud
793 2590 888 2684 quod
921 2589 1061 2672 dicitur,
1097 2612 1164 2661 nec

120 2708 254 2792 definit,
288 2730 355 2779 nec
388 2706 535 2802 colligit,
568 2730 684 2800 neque
723 2707 793 2781 alia
825 2714 982 2780 sectetur
1016 2706 1165 2778 artificia

120 2824 319 2907 verborum,
336 2823 464 2917 quibus
481 2823 558 2917 capi
575 2824 736 2909 consueti
753 2830 836 2895 1111
853 2821 1047 2904 audientes,
1064 2822 1164 2893 etad

119 2963 329 3013 consensum
345 2940 397 3011 rei
413 2940 745 3033 circumscriptionis
760 2940 971 3013 necessitate
986 2938 1134 3009 traduci.

170 3054 274 3139 LIX.
304 3056 544 3139 Barbarismis,
578 3055 792 3138 soloecismis,
829 3054 952 3127 obsite
984 3062 1078 3136 sunt,
1111 3054 1165 3127 in·

119 3174 207 3266 quit,
233 3195 289 3245 res
318 3182 451 3255 vestrae,
481 3180 518 3243 et
548 3172 714 3243 vitiorum
744 3171 968 3243 deformitate
1008 3168 1163 3263 pollutae.

121 3289 271 3363 Puerilis
306 3312 401 3375 saue,
430 3299 537 3383 atque
566 3289 706 3383 angusti
736 3288 889 3381 pectoris
918 3286 1162 3381 reprehensio:

119 3409 281 3501 quamsi
310 3407 588 3490 admitteremus,
613 3416 655 3477 ut
684 3428 768 3477 vera
795 3405 852 3487 sit,
882 3404 1087 3497 abjiciamus
1116 3426 1163 3475 ex

119 3526 241 3599 usibus
275 3526 402 3598 nostris
431 3523 650 3617 quorundam
684 3523 866 3594 fructuum
898 3544 1038 3617 genera,
1067 3520 1163 3614 quod

119 3666 202 3715 cum
227 3643 335 3737 spinis
355 3650 556 3724 nascuntur,
574 3648 611 3711 et
631 3638 873 3735 purgamentis
894 3637 982 3721 aliis,
994 3661 1077 3730 -quae
1096 3660 1163 3708 nec

120 3758 214 3833 alere
239 3782 304 3831 nos
325 3766 481 3853 possunt,
499 3780 565 3829 nec
588 3766 708 3827 tamen
725 3756 924 3849 impediunt
945 3754 1079 3848 perfrui
1098 3775 1163 3824 nos

119 3898 174 3960 eo,
203 3875 298 3971 quod
330 3873 569 3968 principaliter
598 3874 786 3957 antecedit,
820 3882 859 3943 et
892 3870 1161 3943 saluberrimum

119 3991 221 4062 nobis
236 3990 350 4061 voluit
366 4012 441 4061 esse
457 3997 595 4061 natura.
630 3987 726 4073 Quid
743 3990 838 4060 enim
855 3986 965 4059 officit
981 3984 1004 4057 ὂ
1020 3985 1161 4078 quoesol

119 4116 182 4179 aut
210 4130 316 4202 quam
346 4115 488 4199 prestat
514 4104 712 4177 intellectui
737 4103 965 4177 tarditatem?
993 4109 1162 4174 utrumne

119 4225 204 4319 quid
228 4224 359 4319 glcbre,
385 4246 431 4295 an
459 4222 595 4295 hirsuto
623 4244 706 4295 cum
735 4220 925 4316 asperitate
955 4219 1162 4313 promatur?

163 4358 237 4403 vor..
255 4356 295 4402 11.
614 4356 669 4420 sp
