2867 4817
312 324 355 385 50
674 324 707 384 S.
730 320 1001 385 HIPPOLYTI

316 493 387 598 γὰρ
405 501 453 579 είς
471 504 610 595 πνεῦμα
634 493 738 596 ἅγιον
756 502 1005 601 βλασφημῶν,
1025 495 1200 596 έκβλητος
1223 496 1374 597 γένηται

319 631 390 720 (cm.
411 623 609 727 γεγένηται)
629 621 767 726 κλήρου
785 624 901 725 ἁγίου.
952 624 1071 707 Οῖπος
1096 623 1219 726 ἔλεγεν
1243 622 1373 703 ἑαυτὸν

318 750 406 832 εἶναι
422 755 599 851 Μωϋσῆν,
612 754 671 830 καὶ
684 748 749 830 τδν
763 748 924 859 οἱδελφδν
937 752 1046 830 αὐτοῦ
1058 751 1212 855 Ἀαριόν.
1243 756 1373 831 Ταῦτα

318 881 534 964 ἀκούσαντες
567 884 601 959 οἱ
634 876 802 982 μακάριοι
833 878 1074 984 πρεσβύτεροι
1110 880 1373 984 προσκαλεσά-

318 1044 417 1110 μενοι
434 1010 585 1089 ἐνώπιον
603 1013 667 1108 τῆς
681 1009 874 1109 ἐκκλησίας
888 1007 1069 1114 ἐξήταζον.
1108 1011 1157 1087 Ὁ
1168 1007 1207 1087 δέ
1220 1009 1398 1111 ἠρνεῖτο,5

319 1137 435 1240 λέγων
459 1134 525 1221 τὰς
547 1135 672 1242 ἀρχὰς,
696 1134 748 1236 μὴ
771 1142 926 1244 φρονεῖν.
969 1134 1151 1237 Ὕστερον
1179 1133 1216 1215 δέ
1241 1138 1369 1243 ἐμφω-

320 1264 455 1348 λειίσας
479 1264 517 1343 ἐν
542 1299 650 1362 τισιν,
676 1268 735 1343 καὶ
756 1261 989 1347 συσκευάσας
1013 1266 1126 1371 ἐαυτῷ
1146 1273 1369 1344 σννπλανω-

319 1394 453 1493 μένους,
479 1392 636 1495 καθαρὸν
663 1396 737 1501 (for.
755 1396 813 1471 καὶ
837 1389 996 1497 θαῤῥῶν)
1024 1393 1174 1494 ὕστερον
1197 1396 1305 1497 ἱστᾷν
1329 1391 1373 1471 τὸ

322 1521 440 1623 δόγμα
472 1519 653 1617 ἐβούλετο.
707 1519 784 1600 Ὃν
820 1518 933 1600 πόλιν
964 1516 1304 1623 προσκαλεσάμενοι
1339 1526 1373 1599 οῖ

322 1649 486 1752 μακάριοι
516 1647 757 1751 πρεσβύτεροι
788 1646 960 1754 ἤλεγξαν.
1017 1648 1066 1725 Ὁ
1096 1646 1134 1726 δέ
1164 1649 1373 1743 ἀντίστατο,
1388 1682 1421 1718 ιο

323 1777 453 1879 λέγων·
501 1776 553 1856 Τί
574 1776 637 1855 οὖν
660 1775 771 1855 κακὸν
794 1782 886 1854 ποιεῖ)
909 1772 1069 1881 δοξάζων
1088 1772 1152 1854 τὸν
1174 1772 1370 1876 Χριστόν;

322 1902 413 2007 πρὸς
431 1901 472 1982 ὃν
489 1902 805 2006 ἀνταποκρίνονται
828 1906 860 1980 οἱ
883 1900 1134 2004 πρεσβύτεροι·
1180 1902 1253 1979 Καὶ
1269 1900 1376 1999 ἡμεῖς

324 2030 386 2108 ἕνα
411 2028 506 2109 Θεὸν
531 2030 674 2127 οἴδαμεν
699 2031 857 2129 ἀληθῶς.
890 2028 1034 2125 οἴδαμεν
1056 2024 1233 2130 Χριστόν·
1266 2026 1372 2105 οἴδα·

323 2191 390 2257 μεν
419 2154 483 2236 τδν
513 2156 587 2236 υῖδν
618 2153 792 2254 παθόντα,
824 2153 942 2239 καθείς
971 2156 1111 2253 ἔπαθεν,
1143 2150 1377 2235 ἀποθανόντα

323 2283 441 2369 καθδς
476 2287 661 2382 ἀπέθανεν,
694 2288 752 2364 καὶ
790 2282 997 2364 ἀναστάντα
1031 2290 1077 2388 τῇ
1113 2286 1215 2389 τρίτη
1245 2283 1376 2391 ἡμέρη,
1391 2314 1421 2371 ¹5

325 2415 383 2492 καὶ
402 2413 487 2492 ὄντα
510 2416 548 2491 ἐν
572 2412 672 2521 δεξιᾷ
695 2423 760 2492 τοῦ
786 2411 941 2515 Πατρός,
963 2414 1022 2491 καὶ
1043 2408 1233 2516 ἐρχόμενον
1255 2416 1377 2513 κρῖναι

324 2538 457 2642 ζῶντας
479 2544 537 2620 καὶ
560 2540 712 2643 νεκρούς.
744 2544 803 2619 καὶ
826 2549 938 2620 ταῦτα
960 2536 1154 2642 λέγομενᾶ
1177 2536 1373 2638 ἐμάθομεν.

325 2667 420 2748 Τότε
446 2677 573 2749 τοῦτον
599 2668 810 2776 ἐλέγξοντες
838 2668 998 2775 ἐξέωσαν
1019 2670 1083 2765 τῆς
1108 2667 1314 2765 ἐκκλησίας,
1336 2666 1378 2752 δς

325 2802 372 2880 εῖς
402 2806 556 2878 τοσοῦτο
584 2798 757 2904 φυσίωμα
785 2795 929 2901 ἠνέχθη,
954 2798 1002 2878 ὡς
1029 2797 1279 2874 διδασκαλεῖον
1303 2832 1379 2877 συ-

325 2958 472 3025 στησαι.
1392 2954 1423 2991 20

327 3132 512 3211 blmphemus
526 3142 570 3189 est
584 3150 619 3189 ex
635 3130 735 3189 divina
748 3140 827 3189 sorte
868 3141 932 3188 tum
948 3129 1080 3187 honoro?
1111 3128 1193 3187 Huic
1209 3132 1380 3212 presbyteri

326 3212 437 3288 ejectus
448 3222 501 3271 est.
540 3211 648 3270 Aiebat
662 3212 709 3269 hic
723 3231 827 3270 secuse
868 3209 1098 3290 responderunt:
1134 3211 1177 3269 Et
1201 3231 1255 3269 noc
1278 3232 1379 3273 unum

329 3292 464 3371 Moysen,
485 3303 514 3351 et
528 3292 646 3350 fratrem
665 3312 749 3351 suum
764 3312 827 3351 esse
869 3291 966 3350 Deum
997 3310 1065 3349 vere
1095 3291 1220 3351 scimus:
1263 3294 1380 3355 scimus

327 3372 438 3431 Aaron.
461 3373 533 3432 Haec
544 3393 609 3432 cum
619 3374 695 3433 beati
707 3374 826 3453 presby·
868 3371 1028 3438 Chrictum,
1047 3372 1155 3431 scimus
1174 3372 1284 3432 Filium
1307 3396 1380 3455 pas.

327 3454 383 3512 teri
407 3454 552 3522 audirent,
578 3455 748 3513 accersitum
779 3475 828 3513 co-
868 3473 943 3521 sum,
968 3453 1044 3511 sicut
1068 3473 1170 3532 passus
1196 3465 1259 3525 θεῖς
1291 3476 1378 3514 mor-

329 3554 388 3592 ram
424 3533 544 3594 ecclesia
579 3536 826 3594 examinaverunt.
869 3546 963 3604 tuum,
986 3534 1063 3592 sicut
1086 3545 1219 3593 mortuus
1241 3545 1287 3594 eat
1299 3560 1311 3607 ς
1346 3550 1379 3598 et

330 3615 385 3675 Ille
400 3636 468 3675 vero
488 3618 610 3693 negabat
629 3616 774 3696 principio
787 3616 829 3675 sic
869 3616 1041 3674 suscitatum
1065 3615 1153 3674 tcrtia
1181 3615 1238 3685 dic,
1266 3627 1298 3675 ct
1329 3640 1379 3679 cc·

329 3718 359 3755 se
370 3697 487 3755 sentire.
515 3698 621 3756 Postea
634 3718 703 3756 vero
717 3698 748 3754 in
763 3698 827 3774 qui·
869 3696 987 3755 dentem
1018 3695 1056 3755 cd
1083 3695 1232 3756 dexteram
1261 3696 1377 3767 Putris,

327 3778 448 3837 busdam
460 3777 640 3847 delitescens,
655 3789 686 3836 et
699 3776 829 3837 collectis
869 3788 1085 3854 venturumque
1112 3776 1148 3835 ad
1178 3776 1378 3855 judicandum

328 3860 392 3918 aliis
403 3860 453 3937 qui
467 3859 497 3917 in
510 3859 610 3918 eodem
624 3878 720 3917 errore
734 3870 826 3924 crant,
869 3858 951 3915 vivos
964 3868 994 3916 et
1013 3869 1152 3916 mortuos.
1190 3858 1292 3936 Atque
1313 3862 1379 3921 haec

327 3940 444 3999 volebat
454 3950 553 4019 aperte
564 3940 667 4018 dogma
679 3959 763 3998 suum
779 3938 828 3997 de·
869 3938 1002 4008 dicimus,
1017 3958 1082 4016 quoe
1094 3938 1258 3999 didicimus.
1285 3942 1380 4003 Tunc

327 4020 455 4079 fundere.
492 4020 588 4091 Quem
610 4040 710 4079 rursus
734 4039 829 4078 uccer-
869 4020 958 4077 istum
978 4021 1143 4078 convictum
1164 4022 1317 4098 ejecerunt
1337 4044 1377 4083 ex

327 4102 415 4159 situm
430 4101 590 4181 presbyteri
605 4101 825 4179 redarguerunt.
867 4099 988 4159 ccclesia
995 4101 1046 4177 qui
1059 4120 1095 4159 eo
1109 4100 1269 4162 inflationis
1280 4106 1376 4176 veuit,

329 4180 384 4240 Ille
404 4202 471 4241 vero
490 4182 650 4249 resistebat,
672 4182 824 4259 inquiens:
869 4192 902 4239 ut
916 4180 1019 4240 doccrc
1032 4181 1210 4242 institueret.

329 4262 409 4333 Quid
426 4261 515 4339 igitur
526 4262 594 4320 mali
605 4262 677 4321 facio
688 4264 712 4321 si
728 4262 827 4321 Chris-
