2867 4817
281 292 345 358 166
587 292 836 357 ADVERSUS
859 290 1022 357 OMNES

280 488 434 549 oausam,
461 465 559 537 illam
585 468 754 538 virtutem
783 491 889 559 quam
917 466 1024 557 (siout
1054 464 1223 560 diximus)
1248 486 1330 557 pro-

281 585 447 654 nuntiant
471 592 633 667 matrem,
655 585 699 655 ad
722 584 915 655 vindictam
941 585 1049 655 etiam
1074 582 1328 677 cataclysmum

281 701 458 783 inducere,
475 710 518 771 ut
538 708 577 771 et
599 700 687 771 illud
709 701 956 795 permixtionis
981 723 1101 772 semen
1121 699 1330 782 tolleretur;

281 824 320 885 et
344 815 412 887 hoc
442 816 556 887 solum
583 838 714 899 semen,
740 816 834 909 quod
865 825 958 887 esset
984 839 1123 910 purum,
1150 817 1331 909 integrum

281 933 528 1002 custodiretur.
580 930 652 1001 Sed
678 932 774 1002 enim
800 931 888 1016 illos,
907 933 967 1025 qui
989 932 1132 1004 seminis
1157 930 1236 1001 illos
1258 932 1358 1023 pri-5

282 1048 351 1119 oris
376 1049 620 1130 instituissent,
647 1048 797 1131 occulte,
826 1058 864 1119 et
888 1048 1052 1132 latenter,
1083 1058 1121 1118 et
1144 1050 1332 1142 ignorante

281 1164 343 1235 illa
359 1174 473 1236 matre
490 1167 632 1248 virtuto,
650 1188 733 1234 cum
750 1163 819 1235 illis
836 1172 918 1235 octo
944 1166 1128 1236 animabus
1151 1165 1187 1234 in
1211 1186 1330 1235 arcam

281 1281 417 1352 misisse
442 1283 551 1352 ctiam
576 1304 699 1353 semen
725 1280 849 1363 Cham,
866 1304 937 1372 quo
954 1304 1076 1352 semen
1092 1279 1239 1351 malitiae
1257 1302 1333 1349 non

279 1399 420 1489 periret,
439 1398 500 1469 sed
522 1420 605 1469 cum
635 1397 762 1468 ceteris
788 1406 1044 1481 conservatum,
1066 1406 1103 1468 et
1128 1406 1209 1489 post
1234 1404 1334 1467 cata-

281 1512 455 1605 clysmum
484 1515 586 1587 terris
615 1513 805 1596 redditum,
836 1513 1001 1607 exemplo
1035 1522 1232 1584 ceterorum
1267 1536 1334 1583 ex·
1347 1548 1382 1587 ιο

282 1640 465 1713 cresceret,
492 1639 530 1701 et
559 1629 809 1713 effunderetur,
839 1641 877 1701 et
904 1637 1022 1702 totum
1049 1630 1171 1701 orbem
1199 1638 1237 1701 et
1264 1630 1334 1699 im-

282 1746 395 1840 pleret
408 1756 446 1817 et
462 1755 663 1841 occuparet.
715 1746 772 1818 De
791 1745 932 1817 Christo
954 1754 1074 1817 autem
1093 1746 1142 1817 sic
1160 1747 1333 1828 sentiunt,

281 1872 324 1932 ut
340 1864 460 1933 dicant
476 1862 577 1933 illum
596 1864 844 1933 tantummodo
868 1862 968 1945 Seth,
986 1870 1023 1933 et
1048 1885 1112 1955 pro
1137 1863 1213 1955 ipso
1239 1860 1334 1933 Seth

281 1981 398 2072 ipsum
414 1979 532 2050 fuisse
647 1982 651 1989 “

126 2107 212 2156 GAP·
223 2107 269 2157 1V·
333 2093 563 2187 Carpocrates
591 2105 765 2188 preterea
790 2094 881 2166 hanc
911 2095 996 2166 tulit
1025 2102 1186 2175 sectam;
1222 2116 1381 2199 unam15

283 2234 359 2283 esse
382 2214 468 2283 dicit
494 2214 663 2283 virtutem
684 2214 723 2283 in
746 2212 982 2305 superioribus
1007 2209 1257 2305 principalem:
1283 2232 1334 2281 ex

282 2329 349 2399 hac
374 2326 528 2420 prolatos
550 2328 704 2423 angelos,
722 2336 829 2420 atque
853 2330 1021 2400 virtutes:
1048 2348 1136 2420 quos
1160 2328 1334 2397 distantes

282 2446 389 2539 longe
415 2468 437 2514 a
462 2445 700 2537 superioribus
729 2446 930 2528 virtutibus,
960 2445 1134 2515 mundum
1159 2446 1268 2515 istum
1293 2446 1333 2514 in

282 2561 506 2632 inferioribus
530 2562 689 2654 partibus
718 2562 939 2646 condidisse;
976 2561 1158 2632 Christum
1185 2584 1256 2631 non
1283 2584 1332 2631 cx

283 2677 435 2772 Virgine
454 2677 571 2748 Maria
587 2686 721 2760 natum,
744 2678 806 2748 sed
834 2702 880 2749 ex
904 2679 1039 2749 semine
1055 2677 1200 2771 Joseph,
1216 2678 1334 2749 homi·
1344 2708 1382 2750 20

283 2818 366 2865 nem
383 2796 631 2865 tantummodo
647 2796 821 2888 genitum,
839 2817 923 2866 sane
939 2818 1010 2888 prae
1033 2795 1159 2866 ceteris
1178 2795 1333 2888 justitiae

283 2910 394 2994 cultu,
413 2912 497 2981 vitae
514 2913 720 3005 integritate
736 2910 941 2983 meliorem:
965 2911 1060 2982 hunc
1077 2912 1171 3004 apud
1188 2910 1212 2981 J
1214 2912 1333 2982 udaeos

284 3049 449 3120 passum:
488 3028 599 3098 solam
629 3028 784 3099 animam
812 3028 920 3120 ipsius
950 3027 1040 3098 coelo
1067 3034 1258 3121 receptam,
1289 3050 1333 3098 co

284 3142 379 3233 quod
405 3151 443 3211 et
463 3142 597 3213 firmior
621 3152 659 3213 et
680 3144 857 3215 robustior
882 3142 1334 3240 ex(sor.ea)ceterisfi1-

284 3258 372 3328 erit:
407 3280 453 3327 ex
477 3282 548 3349 quo
571 3258 765 3353 colligeret,
783 3268 922 3332 tentata
939 3259 1032 3356 (sor.
1050 3264 1241 3356 attentata)
1258 3263 1380 3355 ani-25

283 3396 422 3444 marum
456 3375 531 3445 sola
564 3375 688 3459 salute,
715 3375 831 3447 nullas
861 3378 1015 3471 corporis
1049 3380 1333 3450 resurrectiones.

285 3490 372 3560 Post
384 3490 480 3560 hunc
492 3490 683 3562 Corinthus
699 3491 885 3563 haereticus
902 3494 1028 3587 erupit,
1047 3492 1174 3564 similia
1191 3495 1333 3566 docens.

286 3606 383 3677 Nam
400 3614 438 3677 ct
455 3608 529 3699 ipse
554 3608 728 3677 mundum
754 3610 959 3680 institutum
982 3632 1058 3681 esse
1083 3611 1129 3681 ab
1151 3609 1222 3680 illis
1240 3610 1333 3706 (sor.

282 3724 432 3818 angelis)
461 3725 567 3794 dicit:
594 3724 777 3795 Christum
807 3748 853 3795 ex
881 3727 1015 3797 semine
1042 3726 1177 3819 Joseph
1207 3736 1334 3798 natum

283 3840 458 3933 proponit,
475 3839 657 3910 hominem
673 3840 775 3911 illum
793 3843 1041 3912 tantummodo
1054 3843 1129 3912 sine
1147 3841 1334 3915 divinitate
1344 3880 1381 3937 30

283 3958 521 4027 contendens:
547 3957 659 4050 ipsam
684 3982 825 4050 quoque
846 3957 963 4051 legem
984 3958 1030 4029 ab
1055 3957 1189 4053 angelis
1214 3958 1334 4029 datam

283 4071 492 4164 perhibens3
517 4071 727 4143 Judaeorum
756 4072 876 4144 Dcum
910 4097 982 4145 non
1014 4073 1209 4145 Dominum
1239 4073 1333 4170 (sor.

284 4186 429 4278 Deum),
464 4189 523 4258 scd
559 4189 725 4282 angelum
761 4212 934 4282 promens.
1002 4188 1120 4282 Hujus
1154 4212 1335 4263 successor
