2867 4817
298 316 341 385 76
658 314 691 377 S.
712 308 983 376 HIPPOLY'I'I

298 488 429 592 Λόγος,
450 489 492 568 δι’
516 486 559 567 οδ
583 483 630 588 ‘rei
654 482 775 567 πάντα
800 484 978 584 ἐποίησεν·
1018 478 1060 559 δν
1085 476 1247 582 ὑστέροις
1269 510 1346 557 και-

295 624 381 721 ροῖς,
406 614 524 698 καθὼς
555 613 703 712 εἴπαμεν
732 611 907 715 ἀνωτέρω,
934 606 1189 698 ἀπεσπειλενό
1215 603 1347 707 Πατὴρ

296 742 387 847 πρὸς
405 740 586 845 σωτηρίαν
602 738 814 843 ἀνθρώπων.
845 736 963 820 Οὗτος
983 732 1043 815 διὰ
1060 731 1244 833 νόμοσκαὶ
1256 766 1347 835 προ-

297 876 422 977 φητῶν
438 866 615 973 ἐκηρύχθη
633 865 879 970 παρεσόμενος
897 870 946 947 εὶς
963 862 1028 944 τὸν
1045 861 1199 961 κόσμον.
1226 952 1230 959 .
1250 859 1344 941 Kaff

297 996 338 1079 ὃν
370 1000 433 1079 οὖν
462 994 597 1102 τρόπον
627 994 815 1100 ἐκηρύχθη,
844 992 937 1075 κατὰ
972 1001 1101 1073 ποῖπον
1132 993 1192 1072 καὶ
1219 987 1373 1094 napitas

296 1127 523 1234 ἐφανέρωσεν
554 1119 678 1203 ἑαυτὸν
707 1126 746 1202 ἐκ
782 1120 961 1225 παρθένου
996 1122 1056 1200 καὶ
1088 1120 1192 1221 ἁγίου
1224 1118 1343 1199 Πνεύ·

296 1288 418 1353 ματος,
451 1249 569 1337 καινὸς
602 1251 789 1355 ἅνθροπνος
825 1248 1024 1352 γενόμενος,
1057 1243 1100 1327 πδ
1136 1245 1203 1345 μέν
1235 1244 1344 1350 οὐρά-

297 1416 372 1462 νιον
400 1380 492 1487 ἔχων
517 1378 560 1461 τὸ
588 1384 758 1485 πατρῷον
789 1380 838 1461 ὡς
874 1374 1006 1479 Λόγος,
1036 1373 1079 1455 τὸ
1117 1375 1156 1456 δέ
1193 1376 1350 1477 ἐπίγειον

297 1514 345 1594 ὡς
375 1512 415 1589 ἐκ
444 1516 602 1589 παλαιοῦ
629 1504 752 1606 Ἀδὰμ
781 1503 841 1583 διὰ
876 1503 1055 1607 παρθένου
1086 1501 1345 1607 σαρκούμενος.

297 1636 416 1721 Οὗτος
433 1634 622 1739 προελθὼν
640 1638 689 1718 εἰς
711 1630 852 1732 κόσμον
870 1630 964 1715 Θεὸς
991 1633 1029 1711 ἐν
1051 1629 1193 1729 σώματι
1218 1631 1346 1735 ἐφανε-
1363 1661 1398 1699 ιο

296 1765 405 1869 ρῶθη,
438 1763 626 1867 ἅνθρωπος
653 1763 788 1845 τέλειος
818 1758 1019 1863 προελθών·
1067 1760 1110 1838 ού
1146 1755 1219 1862 γὰρ
1255 1754 1352 1837 κατὰ

297 1894 503 2001 φαντασίαν
533 1890 557 1993 ἢ
588 1887 737 1994 τροπὴν,
766 1892 850 1968 ἀλλ’
883 1891 1029 1987 ἀληθῶς
1057 1884 1245 1988 γενόμενος
1278 1886 1348 1965 ἄν·

297 2028 450 2125 θρωπος.

353 2148 410 2250 ιη’.
434 2145 563 2233 Οὕτως
582 2149 644 2228 οὖν
663 2150 723 2228 καὶ
739 2144 787 2227 τὰ
804 2145 1011 2249 ἀνθρώπινα
1029 2144 1155 2225 ἑαυτοῦ
1168 2144 1233 2224 οὐκ
1247 2145 1349 2224 ἀπα-

298 2278 449 2357 ναίνεται
469 2275 726 2375 ἐνδεικνύμενος
744 2271 838 2357 Θεὸς
854 2270 915 2373 ὧν,
933 2273 992 2354 ἐπε
1018 2278 1124 2380 πεινᾷ
1148 2274 1207 2352 καὶ
1228 2279 1353 2379 κοπιᾷ,
1367 2308 1376 2345 ι
1384 2308 1401 2365 5

298 2408 356 2484 καὶ
374 2403 518 2505 κάμνων
536 2408 639 2510 διψᾷ,
658 2404 717 2484 καὶ
744 2403 883 2480 δειλιῶν
903 2401 1039 2509 φεύγει,
1057 2406 1116 2480 καὶ
1139 2398 1352 2506 προσευχό-

297 2566 402 2633 μενος
430 2537 607 2628 λυπεΐπαι,
634 2532 694 2609 καὶ
724 2531 782 2609 ἐπὶ
815 2529 1115 2639 προσκεφάλαιον
1139 2528 1302 2610 καθεύδει
1333 2532 1356 2609 ὁ

298 2661 435 2742 ἄϋπνον
453 2660 545 2765 ἔχων
562 2656 628 2757 τὴν
647 2657 762 2764 φύσιν
784 2658 833 2740 ὡς
857 2656 961 2757 Θεδς,
986 2661 1046 2738 καὶ
1072 2659 1244 2761 ποτηρίου
1272 2656 1351 2738 ποί·

299 2797 362 2875 θος
376 2794 597 2893 παραιτεῖται
620 2787 640 2865 ὁ
667 2784 728 2865 διὰ
755 2791 860 2863 τοῦτο
881 2784 1137 2890 παραγεγονὼς
1154 2789 1192 2867 ἐν
1210 2783 1356 2894 κόσμῳ,

300 3011 508 3093 posterioribus
522 3010 712 3090 temporibus,
728 3008 805 3067 sicut
845 3008 928 3068 Deus
949 3019 1121 3088 corporatus
1142 3008 1291 3088 apparuit,
1321 3030 1355 3069 e-

300 3092 434 3171 superius
455 3092 593 3158 diximus,
616 3091 695 3150 misit
714 3090 805 3147 Potor
843 3110 960 3168 gressus
973 3090 1123 3169 perfectus
1136 3090 1235 3148 homo.
1277 3090 1357 3149 Non

299 3172 470 3233 adsalutem
486 3172 647 3229 hominum.
671 3170 738 3229 Hoo
752 3190 804 3249 per
844 3170 922 3229 euim
943 3190 996 3249 par
1014 3170 1171 3240 fictionem,
1186 3179 1239 3228 out
1252 3182 1357 3230 muta·

301 3254 393 3331 legem
406 3250 803 3331 etprophetaspraediontum
844 3250 966 3321 tionem,
995 3250 1047 3310 sad
1074 3270 1142 3309 vere
1173 3250 1272 3311 factas
1307 3264 1358 3313 ost

300 3342 346 3393 est
356 3343 513 3391 venturum
528 3351 590 3391 esse
605 3333 634 3389 in
650 3330 804 3389 mundum.
845 3330 941 3389 homo.

302 3414 387 3472 Siout
400 3433 469 3491 ergo
484 3412 673 3491 proedicatum
695 3423 749 3480 est,
764 3412 806 3471 sio
887 3410 1011 3470 XVIII.
1036 3410 1087 3471 sie
1110 3412 1202 3491 igitur
1222 3412 1361 3473 humana

300 3512 428 3573 praesans
450 3512 480 3552 se
502 3492 597 3571 ipsum
616 3492 804 3551 manifestum
846 3510 898 3550 sua
925 3512 984 3549 non
1011 3504 1126 3552 recusat
1150 3493 1201 3571 qui
1229 3492 1361 3553 demon.

301 3575 372 3634 fecit
399 3594 436 3632 ax
466 3573 590 3652 VIrgine
623 3583 654 3633 et
690 3573 804 3649 Spiritu
845 3573 992 3632 strabntur
1010 3592 1073 3632 ease
1087 3572 1180 3640 Deus,
1195 3593 1261 3633 cum
1284 3596 1360 3635 esu·

302 3656 410 3715 Sancto
424 3675 518 3713 novus
532 3654 619 3713 homo
633 3655 739 3723 faetus,
753 3654 804 3711 ha·
846 3653 907 3710 rit⁸
919 3663 951 3712 st
971 3652 1083 3713 laborat
1089 3650 1114 3722 b.
1128 3664 1159 3713 et
1173 3653 1361 3734 defatigatus

301 3738 373 3795 bens
400 3735 516 3795 coeleste
544 3734 624 3811 quod
652 3745 804 3813 paternum
846 3733 942 3804 sitit03
964 3754 1029 3793 eum
1052 3734 1212 3793 formidans
1233 3734 1361 3814 fugitd3

302 3827 374 3883 erat,
389 3829 526 3893 tanquam
543 3814 694 3884 Verbum3
714 3825 805 3873 terre.
846 3823 876 3871 et
885 3834 973 3893 super
987 3815 1140 3894 pulvinum
1152 3816 1290 3885 domita
1302 3820 1362 3895 qui

303 3918 373 3957 num
396 3916 474 3965 varo,
495 3908 631 3974 tanquam
655 3915 691 3954 ex
712 3906 807 3954 vetare
847 3905 982 3954 naturam
1008 3895 1096 3955 habet
1123 3896 1287 3956 insomnem
1322 3912 1363 3958 ut

304 3978 400 4037 Adam
425 3998 476 4057 per
498 3976 653 4055 Virginem
675 3976 805 4034 incarna-
849 3976 950 4034 Deus:
977 3996 1044 4035 cum
1068 3976 1186 4035 aulicam
1210 3978 1365 4057 passionis

304 4071 362 4118 tus.
406 4057 455 4117 Sic
470 4058 500 4115 in
517 4056 659 4115 mundum
675 4076 807 4134 egressus
847 4056 957 4135 refugit
966 4054 984 4125 f,
1013 4057 1064 4134 qui
1092 4067 1212 4137 propter
1238 4058 1296 4117 hoc
1328 4060 1364 4119 in

337 4230 455 4279 *Mattn
467 4232 500 4278 iv.
514 4244 536 4291 3.
611 4229 831 4291 ''ibid-xxvi.37.
907 4228 1104 4278 etonxims.
1181 4230 1321 4280 attium.
1335 4248 1365 4294 3.

305 4296 422 4347 eiiutth·
433 4296 482 4345 viii.
497 4310 535 4355 οι.
603 4296 613 4335 t
625 4295 685 4343 ibid.
697 4294 764 4343 xxvi.
776 4308 817 4359 39.
834 4294 912 4343 Mart·
922 4294 973 4342 xiv.
985 4292 1025 4357 36.
1044 4294 1105 4345 Ικιο.
1115 4295 1177 4344 xxii
1187 4308 1229 4355 4ο.
