2867 4817
282 328 347 397 270
659 330 693 392 S.
718 330 957 395 CYPRIANI

284 504 429 575 Latium
447 504 492 574 de
509 502 646 575 latebre
662 505 738 597 ejus
761 527 893 577 nomen
910 506 1058 599 aceepit.
1106 503 1178 575 Hic
1195 504 1334 577 littores

282 620 494 713 imprimere,
511 620 570 693 bic
593 622 731 717 signare
753 644 918 693 nummos
934 622 973 692 in
996 620 1102 693 Itsliu
1123 623 1258 714 primus
1279 622 1334 691 in-

282 739 419 822 stituit;
443 739 527 811 inde
552 740 716 810 aerurium
742 739 887 811 Saturni
913 746 1068 810 vocetur.
1120 737 1170 810 Et
1193 739 1333 809 rusuoi-

281 854 365 924 tstis
394 853 453 923 bic
482 852 599 927 cultor
627 854 717 938 fuit;
750 856 834 927 inde
859 853 987 925 sulcem
1016 853 1133 925 ferens
1162 854 1330 947 pingitur.

282 966 391 1039 Hunc
411 968 574 1065 bigotum
597 971 752 1064 bospitio
773 969 888 1045 anus
914 978 1125 1063 exceperst3
1139 1014 1144 1022 ·
1159 970 1205 1040 de
1229 970 1358 1063 cujus5

280 1086 424 1157 nomine
446 1084 652 1159 Janiculum
675 1086 812 1159 dictum
835 1095 901 1170 est,
923 1095 962 1159 et
982 1087 1113 1157 mensis
1138 1085 1331 1159 Junuurius

280 1202 464 1273 institutus
498 1210 563 1275 est.
619 1201 701 1296 Ipse
741 1201 875 1273 bifrons
908 1202 1129 1295 exprimitur,
1162 1202 1258 1293 quod
1291 1203 1330 1272 in

280 1320 398 1391 medio
419 1321 634 1391 constitutus
657 1341 791 1395 annum
813 1319 1043 1413 incipientem
1065 1318 1197 1411 puriter
1217 1327 1258 1389 et
1274 1342 1330 1389 re-

279 1438 466 1509 cedentem
492 1444 650 1531 spectare
670 1437 842 1511 videntur.
894 1434 1015 1507 Mauri
1036 1457 1119 1505 vero
1139 1436 1330 1507 manifeste

277 1576 378 1649 reges
390 1552 523 1636 colunt,
535 1574 601 1624 nec
611 1551 685 1623 ullo
698 1552 901 1623 velamento
913 1551 983 1622 hoo
995 1572 1127 1621 nomen
1137 1549 1327 1622 obtexrmt.
1341 1577 1379 1617 ιο

329 1669 379 1741 ΙΙ.
408 1669 498 1741 Inde
525 1692 590 1763 per
612 1677 739 1764 gentes
763 1677 801 1739 et
827 1669 1024 1762 provincius
1049 1666 1204 1761 singulus
1231 1670 1329 1741 vario

277 1786 424 1857 deomm
446 1785 570 1880 religio
592 1785 865 1868 mutabundum
881 1807 954 1854 non
975 1806 1068 1854 unus
1090 1782 1136 1855 ab
1160 1784 1327 1858 omnibns

277 1900 376 1974 Deus
403 1901 541 1985 colitur,
567 1902 629 1973 sed
653 1901 794 1995 propris
819 1900 948 1993 cuique
976 1901 1150 1993 majorum
1179 1923 1327 1973 suorum

275 2017 416 2090 culture
439 2027 608 2090 servatur.
651 2016 735 2089 Hoc
759 2018 811 2087 ite
834 2038 911 2087 esse
940 2014 1148 2088 Alexander
1174 2040 1326 2112 magnus

275 2134 403 2228 insigni
420 2134 601 2205 volumine
622 2133 667 2206 ad
689 2142 841 2204 matrem
863 2154 964 2203 susm
985 2132 1117 2216 scribit,
1133 2141 1235 2204 metu
1252 2157 1324 2206 suae
1337 2169 1349 2209 ι
1354 2167 1372 2228 5

273 2252 460 2343 potestatis
486 2252 666 2344 proditum
693 2250 761 2321 sibi
783 2250 829 2321 de
852 2250 919 2319 diis
940 2248 1143 2321 bominibus
1164 2274 1188 2321 u
1209 2274 1325 2323 socer·

272 2366 357 2436 dote
387 2375 573 2450 secretum,
602 2368 696 2459 quod
724 2366 899 2459 majorum
926 2374 965 2436 et
993 2390 1118 2460 regum
1150 2370 1325 2440 memoris

273 2491 412 2554 servate
433 2484 502 2569 sit;
528 2485 610 2555 inde
636 2482 776 2555 colendi
799 2493 837 2555 et
859 2483 1077 2555 sacrificandi
1099 2484 1188 2555 ritus
1210 2482 1324 2555 inole-

271 2600 372 2669 verit.
429 2598 467 2671 Si
498 2609 620 2671 sutem
648 2600 837 2692 aliqnando
867 2601 915 2672 dii
940 2602 1015 2671 usti
1041 2608 1134 2683 sunt,
1159 2624 1224 2671 our
1248 2624 1322 2673 non

270 2715 446 2809 hodieque
463 2716 678 2789 naseuntur?
706 2716 788 2788 Nisi
805 2719 835 2788 si
851 2717 943 2788 forte
959 2716 1102 2810 Jupiter
1114 2718 1244 2800 senuit,
1256 2726 1322 2790 out
1332 2748 1370 2788 ιο

270 2844 392 2927 pertus
412 2836 450 2905 in
472 2834 615 2907 Junone
638 2834 779 2906 defecit.
821 2834 896 2905 Cur
918 2857 1001 2905 vero
1024 2835 1109 2905 deos
1130 2844 1236 2929 putus
1255 2860 1321 2929 pro

124 2972 130 2986 ·
270 2950 440 3023 Romanis
464 2974 576 3045 posse,
600 2974 688 3044 quos
711 2950 831 3021 videos
855 2950 944 3020 nihil
968 2974 1032 3044 pro
1057 2953 1129 3022 suis
1151 2950 1320 3025 adversus

268 3092 391 3140 eorum
408 3092 506 3141 unna
526 3068 700 3139 valuisset
731 3068 973 3139 Romanorum
994 3068 1090 3138 enim
1111 3070 1320 3142 vernaculos

269 3184 354 3256 deos
370 3186 543 3257 novimus.
594 3185 660 3256 Est
673 3183 849 3255 Remulus
866 3186 1047 3278 pejerante
1059 3184 1212 3256 Proculo
1228 3187 1318 3259 deus

267 3302 391 3385 fuctus,
409 3310 447 3371 et
465 3301 580 3385 Picus,
598 3310 636 3372 et
652 3302 847 3384 Tiberinus,
860 3311 899 3371 et
910 3300 1106 3384 Pilumnus,
1116 3311 1154 3373 et
1166 3302 1316 3389 Consus,
1327 3331 1363 3392 ²5

267 3440 372 3511 quem
403 3418 510 3488 deum
540 3418 680 3500 fraudis,
711 3417 812 3488 velut
841 3417 1067 3489 consiliorum
1097 3418 1214 3503 deum,
1244 3422 1317 3493 coli

267 3534 441 3606 Remulus
474 3533 598 3617 voluit,
631 3542 820 3628 postquam
852 3536 890 3605 in
923 3543 1065 3628 raptum
1102 3534 1316 3608 Sabinorum

265 3652 410 3747 perfidis
432 3652 605 3745 provenit.
657 3650 774 3721 Desm
799 3675 939 3744 quoque
964 3650 1170 3723 Cloacinam
1191 3654 1315 3727 Tutius

264 3780 301 3841 et
326 3770 463 3841 invenit
487 3776 525 3839 et
550 3766 671 3851 coluit,
699 3768 872 3839 Pavorem
899 3766 1076 3841 Hostilius
1100 3777 1209 3862 utque
1232 3770 1315 3842 Pal-

264 3886 385 3957 lorem.
433 3884 526 3955 Mox
547 3907 568 3956 a
589 3886 708 3955 neseio
729 3907 800 3976 quo
822 3883 945 3958 Febris
962 3884 1133 3969 dedicata,
1150 3896 1190 3957 et
1211 3886 1361 3973 Adesse

263 4012 301 4074 et
318 4002 423 4073 Flore
438 4002 652 4073 meretrices.
689 4000 740 4071 Hi
757 4001 806 4072 dii
825 4000 987 4071 Romani.
1018 4000 1196 4073 Oaeterum
1210 4003 1313 4078 Mars

261 4118 440 4198 Thracius,
465 4125 503 4187 et
528 4116 671 4210 Jupiter
699 4116 871 4201 Creticus,
898 4126 936 4189 et
961 4117 1060 4189 Juno
1087 4119 1143 4190 vel
1174 4118 1313 4215 Argivo

264 4238 319 4309 vel
346 4234 465 4307 Samia
491 4234 547 4304 vel
573 4234 691 4317 Poenn,
713 4244 751 4305 et
772 4232 889 4305 Diona
913 4234 1070 4318 Taurica,
1095 4244 1134 4307 et
1161 4239 1310 4310 deorum
1425 4243 1426 4250 ’
