2867 4817
347 872 691 976 ARNOBll
734 874 918 977 AFRl

157 1130 585 1207 DISPUTATIONUM
611 1132 885 1206 ADVERSUS
910 1130 1109 1205 GENTES

452 1346 599 1411 LIBER
621 1348 814 1411 PRIMUS.

526 1598 742 1629 ...4—

111 1776 145 1847 1.
237 1773 453 1847 UONIAM
478 1778 632 1869 comperi
661 1774 862 1858 nonnullos,
888 1776 948 1866 qui
977 1796 1015 1843 se
1044 1771 1151 1866 pluri-

251 1915 350 1961 mum
367 1914 486 1985 sapere
503 1894 574 1963 suis
590 1891 870 1986 persuasionibus
885 1888 1043 1972 credunt,
1059 1890 1150 1958 insa-

110 2010 197 2093 nire,
210 2008 383 2093 bacobsri,
396 2016 433 2079 et
446 2008 544 2080 velut
557 2010 725 2102 quiddam
736 2016 943 2102 promptum
952 2029 998 2077 ex
1009 2004 1150 2075 oraculo

111 2126 247 2197 dicere:
285 2134 472 2219 postquam
500 2149 577 2197 esse
605 2129 643 2197 in
671 2126 804 2197 mundo
834 2122 1032 2196 Christiana
1063 2118 1150 2214 gens

111 2243 229 2335 ooepit,
245 2250 417 2313 terrarum
440 2244 561 2315 orbem
583 2244 736 2337 periisse,
753 2239 1026 2318 multiformibus
1049 2237 1151 2308 malis

110 2356 278 2429 affectum
301 2362 376 2429 esse'
400 2362 512 2454 genus
534 2360 749 2431 humanum:
774 2361 867 2452 ipsos
886 2359 995 2428 etiam
1015 2354 1150 2427 omlites

111 2472 288 2546 derelictis
317 2477 408 2546 curis
437 2476 648 2559 solennibus,
684 2474 810 2569 quibus
847 2474 1025 2567 quondam
1061 2469 1151 2543 solo-

111 2590 199 2663 bant
226 2594 376 2664 inrisere
411 2595 466 2664 res
495 2603 642 2678 nostras,
671 2602 843 2665 terrarum
871 2592 916 2663 ab
949 2588 1150 2685 'regionibus

111 2712 383 2781 exterminatos:
409 2713 517 2783 statui
540 2708 736 2805 promptu,
756 2734 799 2781 ae
821 2709 1063 2781 mediocritate
1079 2729 1150 2778 ser-

110 2828 225 2897 monis
254 2829 426 2899 contraire
461 2827 609 2911 invidiae,
635 2834 673 2898 et
702 2825 933 2899 calumniosas
962 2822 1149 2896 dissolvere

110 2944 379 3028 criminationes,
408 2968 466 3029 ne,
490 2953 552 3017 aut
581 2944 633 3015 illi
658 2942 724 3013 sibi
748 2943 942 3026 rideantur,
969 2939 1151 3035 popularia

110 3060 197 3131 dum
219 3060 326 3130 verba
348 3061 567 3154 depromunt
585 3060 753 3153 magnum
776 3058 907 3150 aliquid
930 3058 1055 3139 dicere,
1076 3062 1149 3136 aut,

110 3178 140 3247 si
164 3199 228 3248 nos
252 3176 382 3249 talibus
404 3178 679 3249 continuerimus
702 3175 876 3259 alitibus,
897 3169 1089 3245 obtinuisse
1111 3194 1149 3243 se

109 3316 251 3365 causam
274 3303 411 3387 putent,
428 3297 558 3367 rictam
581 3296 635 3365 sui
659 3294 756 3375 vitio,
773 3315 844 3363 non
869 3299 1081 3363 assertorum
1103 3289 1150 3359 si-

108 3392 220 3480 lentio
243 3411 460 3483 destitutam.
512 3410 641 3503 Neque
666 3410 761 3481 enim
783 3408 984 3503 negaverim
1009 3405 1150 3477 validis·

109 3526 233 3597 simam
263 3550 339 3599 esse
363 3529 623 3599 accusationem
647 3528 762 3610 istam,
788 3524 1042 3616 hostilibusque
1066 3544 1149 3593 con-

109 3642 233 3737 dignos
262 3644 351 3715 odiis
379 3667 445 3716 nos
469 3667 554 3729 esse,
580 3645 609 3715 si
638 3644 732 3737 apud
760 3665 824 3713 nos
848 3664 925 3714 esse
951 3639 1148 3713 constiterit

108 3782 239 3844 causas,
261 3784 325 3854 per
351 3784 436 3854 quas
463 3763 533 3833 suis
558 3760 710 3832 mundus
734 3759 907 3831 aberravit
932 3759 976 3831 ab
1001 3757 1148 3851 legibus,

109 3880 335 3949 exterminati
357 3888 440 3950 sunt
457 3881 505 3950 dii
529 3878 645 3974 longe,
663 3878 826 3949 examina
840 3885 941 3948 tanta
956 3865 1146 3946 mterorum

107 3994 310 4067 mortalium
327 3996 515 4091 importata
531 4004 613 4068 sunt
629 3994 765 4067 seculis.

159 4112 209 4182 ΙΙ.
236 4112 467 4205 Inspiciamus
499 4114 608 4209 igitur
641 4111 813 4205 opinionis
844 4110 946 4181 istius
977 4117 1145 4191 mentem,

109 4235 147 4299 et
169 4228 236 4301 hoo
259 4232 353 4321 quod
375 4230 514 4315 dicitur,
536 4228 639 4323 quele
665 4230 732 4300 sit:
760 4224 1013 4318 summotisque
1035 4211 1155 4295 omni-⁴

152 4363 226 4409 vor.
244 4364 284 4407 11.
605 4342 663 4407 rrlr
