2867 4817
260 208 305 275 6⁸
676 208 895 272 CANONES

261 380 357 486 σόνῃ
371 381 670 485 προστρίβεσθαι·
699 386 729 459 εί
757 378 795 459 δὲ
821 378 879 479 μὴ
900 388 1005 461 τοῦτο
1032 376 1191 479 ποιήσοι,
1220 380 1314 459 ὑπο-

262 513 404 589 κεῖσθαι
421 506 529 587 αότδν
546 514 620 591 τοῖς
638 508 743 590 θείοις
762 504 920 587 κανόσιν.

632 757 836 834 ΚΑΝΩΝ
866 757 948 834 ΚΖ.

319 914 416 998 Τοὺς
432 913 654 1017 ἁρπόᾷυντας
669 920 837 1015 γυναῖκας
858 916 916 993 καὶ
940 915 994 993 ἐπ’
1014 910 1162 1013 ὀνόματι
1185 942 1314 991 συνοι-

266 1044 400 1140 κεσίου,
418 1039 441 1141 ἢ
460 1038 800 1147 σνμπριίττονταςῆ
822 1048 1079 1145 συναιροῦντας
1095 1046 1169 1124 τοῖς
1192 1037 1350 1143 &prro-5

264 1170 397 1275 ῷυσιν,
416 1167 547 1273 ὥρισεν
570 1168 594 1267 ἡ
618 1170 704 1271 ἅγια
727 1166 889 1264 σόνοδος,
908 1160 938 1246 εί
962 1165 1028 1266 μὲν
1049 1168 1214 1270 κληρικοὶ
1236 1163 1320 1265 εἶεν,

265 1298 446 1379 ἐκπίπτειν
463 1286 527 1376 τοῦ
546 1297 672 1377 οίκείου
689 1302 844 1396 βαθμοῦ·
876 1302 905 1376 εί
924 1293 962 1375 δὲ
986 1297 1115 1393 mot,
1132 1297 1317 1394 ἀναθεμα-

264 1422 422 1527 τίζεσθαι
440 1424 579 1508 αὐτούς.

321 1682 509 1759 ΨΗΦΟΣ
528 1684 592 1778 τῆς
617 1679 725 1777 αὐτῆς
750 1680 854 1781 ἁγίας
880 1676 1045 1775 συνόδου,
1068 1679 1324 1784 ἐκφωνηθεΐσα

266 1805 373 1911 χάριν
389 1812 462 1886 τῶν
485 1807 691 1910 πρεσβείων
714 1813 779 1885 τοῦ
801 1805 931 1909 θρόνου
949 1810 1012 1905 τῆς
1037 1802 1238 1907 ἁγιωτάτης
1256 1806 1318 1884 ε’κ-
1336 1838 1375 1877 ιο

268 1934 423 2033 κλησίας
443 1928 870 2016 Κωνσταντινονντόλεως.

629 2181 833 2257 ΚΑΝΩΝ
863 2182 952 2257 KH.

327 2342 522 2439 Πανταχοῦ
538 2340 613 2418 τοῖς
630 2341 703 2414 τῶν
722 2335 834 2437 ἁγίων
851 2336 1015 2439 πατέρων
1033 2334 1127 2439 ὅροις
1146 2332 1326 2437 ἑπόμενοι,

271 2467 329 2544 καὶ
361 2459 425 2541 τόν
456 2461 585 2563 ἀρτίιυς
617 2461 895 2565 ἀναγνωσθέντα
927 2459 1059 2543 κανόνα
1089 2470 1163 2543 τῶν
1193 2462 1326 2544 ἑκατὸν

270 2587 490 2690 πεντήκοντα
502 2587 795 2696 θεοφιλεστότων
807 2588 1024 2688 ἐπισκόπων,
1038 2596 1111 2671 τῶν
1123 2592 1326 2696 συναχθέν·
1339 2616 1375 2677 15

270 2750 343 2795 των
356 2717 413 2795 ἐπὶ
432 2722 496 2793 τοῦ
513 2720 578 2814 τῆς
595 2715 767 2811 εὐσεβοῦς
784 2713 925 2817 μνήμης
941 2716 1104 2819 μεγάλου
1121 2716 1327 2798 Θεοδοσίου

271 2849 336 2922 τοῦ
353 2841 544 2944 γενομένου
561 2842 744 2937 βασιλέως
762 2844 800 2922 ἐν
824 2849 869 2947 τῇ
893 2844 1059 2939 βασιλίδι
1083 2848 1322 2924 Κωνσταντι·

272 2968 439 3049 νουιτόλει
466 2968 528 3075 νέᾳ
543 2968 668 3075 Ῥιόρῃ
693 2968 932 3072 γνωρίζοντες,
956 2967 1004 3048 τὰ
1026 2968 1118 3050 αὐτὰ
1140 2973 1199 3051 καὶ
1224 2970 1326 3069 ἡμεῖς

273 3238 465 3309 procuretur:
487 3228 566 3307 quod
580 3230 605 3289 si
618 3230 674 3288 hoo
690 3229 777 3288 mini.
860 3229 1048 3288 Dnennuuu
1070 3230 1201 3309 ejusdem
1217 3241 1326 3290 sunotae

273 3331 321 3369 me
333 3311 447 3376 feeerit,
465 3310 572 3369 divinis
591 3310 778 3369 eonstitutio-
819 3310 933 3390 synodi,
948 3310 1165 3389 promulgatum
1179 3309 1218 3369 ob
1234 3311 1325 3391 privi-

274 3391 361 3450 nibus
374 3392 530 3469 subjooest.
819 3390 895 3469 logio
935 3389 1012 3449 sedis
1053 3400 1159 3449 sunotae
1197 3390 1326 3451 ecclesie

370 3520 523 3580 CANON
544 3520 684 3581 XXVII·
821 3471 1161 3551 Constantinopolitano.

304 3624 431 3703 Eos.qui
439 3625 558 3705 rapiunt
569 3624 715 3694 mulieres,
726 3624 780 3683 sub
909 3597 1062 3659 CANON
1083 3598 1241 3659 XXVIII·

277 3706 395 3764 nomine
403 3706 490 3764 simul
504 3705 665 3775 habitandi,
674 3724 780 3784 ooope·
863 3704 1037 3763 Sanctorum
1066 3714 1182 3784 potrum
1210 3706 1327 3765 decreto

277 3797 385 3852 rentes,
400 3796 452 3845 sut
472 3786 661 3844 conniventes
681 3795 781 3863 rupto.
822 3784 929 3863 ubique
943 3795 1108 3863 sequentes,
1126 3798 1156 3845 et
1176 3806 1326 3853 canonem,

278 3866 375 3925 ribus:
390 3866 519 3926 decrerit
529 3876 628 3926 sancto
641 3866 780 3946 synodus,
822 3864 872 3943 qui
884 3886 977 3944 nuper
988 3865 1082 3924 lectus
1097 3876 1150 3936 est,
1164 3876 1282 3924 eentum
1297 3877 1327 3926 et

278 3957 313 4005 nt
326 3947 351 4005 si
365 3946 483 4024 quidem
493 3945 590 4006 elerici
607 3958 685 4014 sunt,
702 3946 780 4005 deci·
822 3946 1032 4024 quinquaginta
1041 3945 1099 4005 Dei
1114 3946 1327 4005 amentissimo-

277 4026 349 4085 dnnt
376 4025 470 4105 gradu
500 4027 629 4106 proprio,
657 4026 682 4086 si
712 4046 782 4087 vero
822 4046 887 4085 rum
905 4026 1105 4105 episcoporum
1126 4038 1328 4105 egumenum,

277 4106 355 4177 laici,
367 4106 659 4167 anathematizentur.
823 4106 1330 4184 eodemquoqueetnosdeeernimus
