2867 4817
510 302 744 368 EPl'I'OMli.
1096 305 1161 367 383

105 502 253 553 somnus
269 479 315 550 ad
331 479 502 571 requiem.
550 477 638 550 Dies
654 477 804 562 cladem,
821 499 894 550 nox
913 484 1052 550 metum
1068 501 1161 551 sem-

106 620 174 692 per
206 595 363 690 augebit.
415 593 477 666 Sic
512 594 606 667 orbis
635 597 809 666 terrarum
839 617 931 688 pene
960 595 1005 668 ad
1038 595 1162 667 solitu-

108 715 242 796 dinem,
259 719 357 783 certe
374 711 419 781 ad
436 713 619 784 raritatem
635 711 821 783 hominum
834 711 1023 805 redigetur.
1061 713 1162 784 Tunc

108 837 150 901 et
180 830 312 922 impius
334 829 452 922 justos
484 827 657 912 homines,
686 851 729 900 ac
764 828 898 899 dicatos
933 827 1013 899 Deo
1045 851 1163 922 perse·

109 952 252 1038 quetur,
269 951 363 1016 etse
385 943 455 1017 coli
474 944 618 1037 jubebit
634 952 677 1015 ut
701 943 831 1015 Deum.
884 943 933 1016 Sc
950 944 1046 1016 enim
1066 946 1163 1018 dicet

110 1083 190 1134 esse
216 1061 409 1145 Christum,
432 1064 533 1155 cujus
558 1062 627 1133 erit
649 1062 877 1132 adversarius.
929 1059 984 1133 Ut
1007 1063 1102 1133 credi
1128 1063 1162 1133 ei

110 1178 234 1273 possit,
251 1177 402 1271 accipiet
418 1186 634 1272 potestatem
650 1178 826 1250 mirabilia
838 1179 1002 1264 faciendi,
1012 1187 1055 1250 ut
1070 1180 1162 1274 ignis

112 1294 306 1366 descendat
335 1316 358 1365 a
386 1293 487 1378 ooelo,
513 1302 555 1365 ut
580 1294 634 1366 sol
664 1294 806 1368 resistat
835 1317 857 1366 a
886 1318 991 1367 cursu
1021 1318 1094 1378 suo,
1120 1305 1164 1368 ut

113 1412 243 1505 imago,
269 1433 377 1502 quam
405 1411 573 1503 posuerit,
600 1410 776 1504 loquatur.
828 1410 967 1496 Quibus
996 1413 1165 1508 prodigiis

113 1528 241 1600 illiciet
265 1525 408 1612 multos,
425 1535 468 1598 ut
493 1529 642 1598 adorent
667 1551 760 1612 eum,
784 1528 995 1622 signumque
1022 1531 1099 1622 ejus
1126 1530 1165 1600 in

114 1669 227 1718 manu
242 1651 307 1717 aut
328 1643 445 1714 fronte
468 1645 672 1737 suscipiant.
724 1644 774 1715 Et
790 1645 851 1737 qui
869 1667 940 1715 non
957 1645 1166 1732 adoraverit,

115 1764 329 1857 signumque
345 1763 548 1855 susceperit,
562 1762 747 1854 exquisitis
760 1761 973 1833 cruciatibus
984 1763 1166 1834 morietur.

118 1879 180 1950 Ita
194 1880 268 1950 fere
291 1878 380 1949 duas
401 1886 520 1970 partes
543 1878 807 1963 exterminabit,
824 1879 931 1950 tertia
950 1881 988 1950 in
1011 1881 1167 1952 desertas

117 1996 327 2070 solitudines
356 1994 481 2089 fugiet
530 1995 602 2067 Sed
630 1995 691 2066 ille
718 2019 849 2078 vecors,
875 1995 927 2068 ira
952 1994 1167 2089 implacabili

118 2113 250 2196 firrens,
284 2111 439 2183 adducet
472 2112 681 2194 exercitum,
715 2121 754 2183 et
787 2111 964 2185 obsidebit
995 2119 1168 2196 montem,

119 2252 194 2322 quo
212 2228 302 2322 justi
327 2227 562 2321 confugerint.
614 2228 686 2313 Qui
713 2251 825 2323 quum
854 2251 893 2300 se
922 2229 1074 2300 viderint
1103 2228 1171 2299 cir·

120 2367 328 2427 cumsessos,
352 2343 593 2437 implorabunt
622 2344 796 2415 auxilium
823 2344 893 2416 Dei
918 2367 1006 2416 uoce
1030 2366 1169 2440 magna

120 2471 162 2534 et
178 2461 347 2534 exaudiet
363 2483 437 2545 eos,
453 2469 493 2532 et
508 2461 632 2533 mittet
644 2462 696 2533 eis
712 2461 950 2534 liberatorem.

498 2675 608 2748 cAP.
635 2676 800 2748 LXXII.

175 2811 276 2882 Tunc
309 2809 440 2882 coelum
473 2810 691 2904 intempesta
723 2820 829 2884 nocte
862 2813 1019 2906 patefiet,
1048 2821 1087 2885 et
1112 2814 1174 2885 de·

124 2931 273 3002 scendet
295 2926 457 2999 Christus
481 2928 519 2998 in
544 2930 675 2999 virtute
700 2951 841 3023 magna,
859 2938 898 3000 et
919 2931 1069 3001 anteibit
1090 2953 1174 3001 eum

126 3046 268 3118 claritas
301 3047 416 3140 ignea,
446 3053 484 3116 et
513 3045 566 3116 vis
594 3043 847 3118 inestimabilis
876 3044 1103 3140 angelorum
1137 3055 1176 3119 et

127 3162 361 3255 extinguetur
383 3162 498 3233 omnis
520 3160 584 3232 illa
603 3162 799 3234 multitudo
822 3163 1022 3256 impiorum,
1043 3170 1081 3233 et
1102 3171 1177 3234 tor-

126 3286 249 3350 rentes
276 3277 456 3374 sanguinis
485 3286 648 3363 current3
682 3287 720 3350 et
753 3281 829 3372 ipse
863 3282 991 3352 ductor
1019 3278 1176 3374 effugiet,

126 3403 239 3487 atque
265 3394 426 3465 exercitu
447 3415 540 3487 saepe
559 3403 731 3487 reparato,
754 3403 920 3487 quartum
940 3393 1100 3490 pralium
1127 3395 1179 3466 fa·

128 3514 215 3598 ciet,
232 3534 303 3605 quo
326 3519 451 3604 eaptus
473 3533 557 3582 cum
578 3512 714 3584 caeteris
737 3512 901 3585 omnibus
921 3513 1090 3607 tyrannis,
1106 3521 1178 3584 tra-

129 3631 237 3702 detur
266 3627 455 3700 exustioni.
506 3627 579 3700 Sed
605 3635 644 3700 et
668 3628 745 3723 ipse
772 3630 976 3702 daemonum
1004 3630 1177 3723 princeps,

130 3755 258 3819 auctor
289 3753 329 3816 et
360 3744 583 3818 machinator
614 3745 799 3831 malorum,
833 3747 967 3819 eatenis
1002 3745 1178 3841 alligatus,

129 3863 304 3936 custodiae
337 3862 500 3946 dabitur3
541 3869 585 3933 ut
612 3885 739 3956 pacem
766 3865 921 3935 mundus
948 3864 1110 3958 accipiat,
1139 3871 1179 3935 ct

131 3989 262 4053 vexata
278 3988 334 4051 tot
350 3979 486 4053 saeculis
497 3987 592 4051 terra
603 3981 810 4073 requiescat.
841 3980 935 4052 Pace
947 3981 1056 4076 igitur
1066 3989 1177 4074 parta,

131 4120 403 4192 compressoque
428 4097 526 4169 omni
547 4095 653 4181 malo,
671 4097 753 4168 Rex
779 4095 842 4168 ille
858 4098 978 4190 justus
998 4104 1037 4168 et
1055 4097 1178 4182 vietor,

124 4215 303 4308 judicium
328 4235 502 4310 magnum
522 4215 569 4286 de
592 4212 682 4285 viris
705 4221 745 4285 et
773 4214 922 4286 mortuis
946 4211 1054 4287 faciet
1075 4235 1181 4307 super
