2867 4817
530 322 764 387 EPITOME.
1099 326 1166 393 317

118 499 286 579 instituit,
313 497 432 591 Spem,
457 497 593 579 Fidem,
619 496 863 581 Concordiam,
886 497 1026 581 Pacem,
1057 498 1165 570 Pudi-

118 615 250 698 citiam,
278 613 464 699 Pietatem,
482 639 559 708 quae
585 616 712 697 omnia,
736 636 818 685 cum
843 617 881 685 in
903 617 1029 687 animis
1051 616 1164 687 homi-

118 754 205 803 num
231 754 307 802 esse
333 755 416 803 vera
441 732 621 814 deberent,
638 732 732 801 intra
753 734 905 824 parietes
928 732 1015 804 falsa
1039 756 1164 825 posue-

117 858 213 919 runt.
259 836 336 919 Hos
354 860 483 931 tamen,
502 849 661 940 quamvis
683 856 787 918 extra
809 848 989 919 hominem
1011 851 1049 920 in
1065 851 1164 921 nulla

117 968 190 1037 sint
225 968 367 1037 omnino
397 966 601 1049 substantia,
627 964 772 1035 mallem
801 967 918 1057 potius
948 965 1026 1048 coli,
1057 989 1163 1059 quarn

119 1084 346 1178 Rubiginern,
373 1106 479 1175 quam
506 1083 667 1165 Febrem,
692 1106 770 1174 quae
793 1105 864 1153 non
889 1083 1056 1154 sacranda
1081 1093 1163 1155 sunt

118 1202 182 1271 sed
207 1202 414 1282 execranda,
440 1222 546 1291 quam
571 1198 766 1270 Fomacem
792 1221 874 1269 cum
899 1200 970 1269 suis
992 1198 1164 1270 Fomaoa·

118 1316 212 1387 libus
229 1319 344 1399 sacris,
362 1338 468 1409 quam
492 1314 708 1398 Stercutum,
727 1316 788 1408 qui
810 1315 894 1385 fimo
917 1315 1164 1409 pinguefacere

119 1445 249 1504 terram
276 1435 409 1527 primus
435 1433 599 1516 ostendit,
623 1455 729 1524 quam
761 1430 877 1502 Deam
904 1429 1058 1514 Mutam,
1086 1455 1163 1524 quae

120 1549 230 1619 Lares
254 1550 387 1643 genuit,
406 1570 511 1641 quam
538 1548 723 1632 Ouninam,
748 1552 825 1641 quai
848 1548 948 1618 cunis
974 1529 1183 1619 infantium¹
1213 1551 1217 1559 ’

119 1674 256 1758 praeest,
287 1688 393 1756 quam
423 1664 563 1747 Caeam,
590 1687 667 1756 quae
695 1666 741 1735 ad
769 1663 963 1734 Herculem
993 1664 1038 1734 de
1067 1664 1163 1735 furto

119 1779 228 1850 boum
247 1780 385 1862 detulit,
398 1789 440 1850 ut
457 1780 633 1850 occideret
650 1780 816 1864 iratrem3
838 1802 943 1871 quam
955 1780 1070 1850 multa
1082 1789 1165 1851 sunt

122 1903 221 1989 (sunt
244 1895 339 1968 delet.
362 1895 499 1988 Deoia.)
517 1896 586 1966 alia
612 1905 777 1987 portenta
801 1904 909 1990 atquc
933 1895 1093 1979 ludibria,
1120 1896 1165 1967 de

120 2014 248 2109 quibus
277 2014 376 2107 piget
407 2013 533 2083 dicere.
594 2012 799 2083 Terminum
829 2024 950 2084 tamen
979 2035 1050 2082 non
1077 2012 1165 2083 libet

118 2130 308 2225 praeterirc,
335 2130 418 2221 quia
440 2152 485 2198 ne
511 2126 593 2199 Jovi
621 2128 764 2219 quidem
795 2129 995 2223 Capitolino
1022 2128 1165 2198 cessisse

120 2248 282 2329 traditur,
313 2270 394 2316 cum
425 2245 513 2337 lapis
542 2253 635 2315 esset
668 2243 838 2313 informis.
904 2242 1012 2313 Hunc
1041 2242 1165 2313 linium

119 2372 249 2458 putant
273 2364 402 2433 habere
424 2363 630 2443 custodiam,
649 2362 752 2451 eique
777 2360 919 2452 publice
939 2359 1165 2451 supplicatur,

120 2489 164 2551 nt
181 2478 334 2574 Capitoli
357 2476 526 2549 immobile
548 2500 672 2548 cocum
696 2476 848 2547 Romani
868 2477 1007 2569 imperii
1023 2476 1111 2547 lines
1127 2488 1165 2547 et

121 2606 306 2669 conservet
323 2604 361 2666 et
377 2603 554 2690 proroget.

509 2750 619 2822 cAP.
647 2748 778 2821 XXII.

174 2869 250 2941 Has
276 2892 398 2940 omncs
423 2870 573 2963 ineptias
598 2869 731 2961 primus
754 2869 790 2936 in
817 2867 921 2939 Latio
947 2867 1090 2939 Formas
1111 2871 1165 2939 in-

123 2987 236 3069 duxit,
260 2987 319 3077 qui
347 2993 384 3056 et
410 2984 562 3057 Saturno
588 3009 654 3057 avo
679 2992 826 3054 cruenta
847 3008 944 3056 sacra
970 2989 1164 3073 constituit,

123 3112 162 3173 et
196 3102 322 3173 Picum
356 3102 499 3173 fratrem
534 3111 703 3195 tanquam
737 3102 843 3171 deum
878 3100 946 3172 coli
976 3103 1097 3187 voluit,
1127 3113 1166 3176 et

124 3218 275 3289 Fatuam
300 3218 457 3289 Faunum
484 3221 669 3312 conjugem
697 3240 920 3308 sororemque
948 3210 1041 3289 inter
1068 3220 1165 3292 Deos

123 3335 329 3418 conlocavit,
367 3360 408 3406 ac
446 3336 583 3407 Bonam
618 3334 734 3405 Deam
766 3336 971 3405 nominavit.
1025 3336 1165 3410 Deinde

124 3454 247 3523 Romae
274 3450 405 3536 Numa,
430 3456 490 3546 qui
515 3461 669 3547 agrestes
694 3450 774 3522 illos
799 3474 840 3522 ae
863 3452 966 3522 rudes
992 3454 1083 3525 viros
1108 3478 1165 3525 su-

122 3569 388 3661 perstitionibus
426 3571 525 3640 novis
563 3569 730 3649 oneravit,
769 3568 963 3638 sacerdotia
1000 3569 1165 3656 instituit,

123 3686 209 3755 deos
235 3685 375 3756 familiis
404 3686 638 3780 gentibusque
666 3684 854 3767 distribuit,
883 3692 926 3754 ut
955 3687 1090 3757 animos
1115 3687 1165 3758 fe-

123 3804 213 3872 rocis
248 3803 369 3896 populi
399 3805 444 3873 ab
473 3825 651 3873 armorum
688 3802 814 3872 studiis
843 3812 1016 3873 avocaret.
1077 3804 1164 3874 Ideo

125 3918 282 3990 Lucilius
309 3922 470 3991 deridens
492 3920 641 4013 ineptias
664 3919 822 4000 istorum,
840 3919 900 4010 qui
925 3920 1023 3989 vanis
1046 3942 1166 4013 strper-

124 4037 325 4107 stitionibus
342 4039 508 4119 serviunt,
525 4036 589 4107 hos
606 4057 726 4105 versus
743 4036 879 4127 posuit:

211 4164 388 4232 Terrioulas
403 4167 514 4232 lamias
531 4166 633 4231 Fauni
649 4186 729 4251 quas
743 4164 953 4251 Pompiliique

213 4268 387 4335 instituere
402 4270 524 4348 Numae,
540 4269 650 4333 tremit
664 4268 733 4347 hac,
748 4268 800 4332 hic
816 4268 922 4333 omnia
935 4268 1036 4353 ponit.

609 4398 624 4439 s
639 4398 655 4439 s
672 4395 690 4441 2
