2867 4817
285 314 350 383 316
543 317 777 382 FIRMIANI
801 315 1075 382 LACTANTII

386 489 548 576 arbitror,
563 490 671 589 solio.
713 490 786 563 Nea
806 515 873 564 ooo·
897 493 1033 585 paravit
1056 499 1126 562 toto
1148 499 1257 572 catat,
1274 489 1333 561 aed

387 606 497 679 solam
529 632 613 702 para
641 607 702 680 aab
726 608 836 703 finam
863 609 1023 707 popinar
1071 607 1233 694 (Pfaffius
1264 609 1335 701 pri-

388 744 467 793 mus
484 723 599 794 editor
614 723 689 795 haeo
705 724 848 816 posuit.)
881 722 1070 818 Sequitur.-

289 840 472 909 bominum
490 839 635 912 stultam
652 840 934 912 benevolentiam
951 849 989 911 et
1002 863 1157 911 errorem
1169 841 1182 927 (
1188 838 1270 936 sor.
1284 838 1337 911 acl

289 956 400 1026 stulta
421 956 667 1027 benevolentia
692 970 730 1026 et
752 980 878 1039 errore,
901 955 962 1039 ool,
985 980 1049 1049 per
1074 956 1223 1027 stultam
1251 955 1333 1050 dre.)

291 1073 454 1143 divinitas
471 1073 643 1144 attributa
659 1074 714 1144 sit.

698 1289 807 1361 CAP.
834 1288 923 1360 XX.

342 1420 427 1492 Dixi
456 1423 501 1493 de
534 1421 770 1517 religionibus,
800 1447 877 1516 quae
905 1431 989 1493 sunt
1018 1446 1226 1496 communes
1259 1447 1336 1494 om-

291 1539 391 1608 nium
413 1540 585 1632 gentium.
638 1539 765 1611 Dicam
788 1564 882 1612 uuna
905 1541 950 1611 de
975 1542 1050 1624 diis,
1069 1565 1156 1633 quos
1179 1540 1335 1611 Romani

292 1655 448 1747 proprios
481 1655 622 1727 babent.
674 1657 834 1727 Faustuli
863 1658 1048 1751 conjugem
1083 1657 1228 1729 Remuli
1264 1657 1337 1727 Re-

292 1772 411 1864 mique
433 1774 616 1857 nutricem,
638 1775 739 1865 eujus
761 1774 883 1845 honori
911 1774 1149 1845 Larentinalia
1171 1783 1258 1844 sunt
1284 1775 1335 1844 di-

292 1897 381 1972 cata,
399 1889 531 1984 vulgati
550 1890 657 1960 fluisse
673 1892 827 1983 corpon's
845 1893 922 1983 quis
940 1892 1104 1985 ignorati
1135 1892 1184 1963 Et
1201 1892 1335 1962 idcireo

294 2006 396 2099 Lupa
425 2017 626 2099 nuncupata
653 2016 716 2090 est,
744 2019 782 2077 et
810 2010 848 2077 in
878 2008 959 2079 ferm
989 2011 1141 2101 speeiem
1171 2009 1335 2103 figurata

293 2122 404 2195 Faula
432 2147 571 2216 quoque
600 2132 638 2194 et
674 2122 779 2194 Flora
811 2126 1011 2195 meretrices
1045 2134 1154 2207 erant,
1185 2146 1336 2217 quarum

291 2238 403 2309 altera
430 2238 594 2311 Herculis
624 2240 694 2311 fuit
723 2249 888 2324 scortum,
918 2243 1009 2311 siout
1037 2241 1185 2313 Verrius
1215 2242 1336 2322 tradit,

292 2355 403 2426 altera
419 2379 500 2426 curn
526 2380 670 2451 magnas
696 2380 780 2449 opes
804 2380 949 2450 corpore
974 2359 1200 2449 quaesivisset,
1223 2380 1338 2450 popu-

292 2472 368 2543 lum
393 2473 530 2565 scripsit
552 2473 738 2555 haeredem,
756 2480 792 2544 et
815 2474 896 2544 ideo
918 2476 955 2543 in
979 2473 1149 2544 honorem
1166 2475 1245 2566 ejus
1261 2473 1337 2544 ludi

295 2588 446 2659 Floralia
468 2589 699 2661 celebrantur.
759 2590 882 2660 Tatius
908 2590 1081 2661 muliebre
1107 2590 1338 2661 simulacrum

294 2709 330 2777 in
355 2706 474 2777 cloaca
501 2708 658 2778 maxima
684 2717 864 2801 repertum
895 2709 1120 2789 consecravit,
1150 2716 1188 2777 et
1218 2706 1339 2779 Deam

293 2824 496 2895 Cloacinam
525 2824 751 2917 nuncupavit.
812 2822 955 2912 Obsessi
984 2845 1007 2893 a
1035 2822 1148 2895 Gallis
1181 2822 1339 2893 Romani

293 2963 339 3010 ex
368 2939 557 3011 mulierum
586 2939 722 3033 capillis
751 2949 930 3011 tormenta
957 2941 1127 3021 fecerunt,
1155 2948 1193 3008 et
1222 2939 1271 3009 ob
1301 2939 1339 3009 id

295 3055 429 3127 Veneri
456 3056 572 3127 Calvae
601 3080 697 3127 aram
726 3056 970 3149 templumque
1000 3063 1214 3149 posuerunt3
1248 3058 1339 3127 item

295 3172 424 3245 Pistori
449 3173 543 3261 Jovi,
569 3176 662 3267 quod
688 3197 749 3245 eos
777 3182 962 3244 monuerat
991 3174 1027 3243 in
1058 3173 1188 3265 quiete,
1218 3182 1262 3241 ut
1290 3195 1339 3243 ex

295 3292 390 3360 omni
416 3290 517 3385 fruge
546 3312 674 3384 panem
703 3290 870 3372 facerent,
898 3298 936 3359 et
964 3312 1068 3382 supra
1096 3288 1217 3359 hostes
1239 3289 1341 3380 jaoe-

294 3414 393 3477 rent:
420 3430 489 3499 quo
514 3407 609 3479 facto
635 3408 860 3503 desperantes
881 3404 976 3476 Galli
1000 3428 1103 3498 posse
1125 3406 1245 3497 inopia
1264 3404 1341 3475 Ro-

294 3545 417 3621 manos
443 3524 567 3617 subigi,
591 3523 635 3593 ab
663 3522 845 3601 obsidione
871 3522 1110 3593 discesserant.
1164 3520 1339 3593 Pavorem

294 3662 336 3710 aa
354 3638 530 3711 Pallorem
552 3639 676 3711 Tullus
696 3638 873 3710 Hostilius
897 3639 981 3710 deos
1003 3638 1099 3709 feeit.
1139 3637 1280 3709 Colitur
1300 3648 1341 3709 et

297 3754 413 3839 Mens,
428 3780 543 3849 quam,
557 3758 671 3839 credo,
685 3758 714 3827 si
731 3756 944 3838 habuissent,
958 3778 1139 3847 nunquam
1150 3753 1341 3826 colendam

295 3882 488 3965 putassent.
553 3872 737 3943 Honorem
775 3881 883 3965 atque
920 3871 1105 3943 Virtutem
1144 3870 1341 3943 Marcellus

296 3991 441 4061 invenit.

694 4105 802 4176 cAP.
831 4104 939 4175 XXI.

347 4220 480 4290 Sedet
505 4220 591 4291 alios
617 4221 788 4312 ejusmodi
815 4224 1064 4293 commentitos
1091 4222 1176 4292 deos
1197 4231 1343 4295 senatus
