2867 4817
446 345 595 411 LIBER
617 346 811 411 PRIMUS.
1085 344 1151 414 tab

104 512 169 589 illa
199 518 419 611 depromens,
453 518 625 590 fundebat
658 519 693 589 ri
725 518 782 607 (ut
814 517 947 611 dicitis)
973 515 1152 610 Apollinis

105 634 222 731 plena,
238 634 284 709 ab
307 634 425 729 impiis
446 644 540 708 esset
564 659 653 708 oaeea
675 644 785 729 atque
805 636 1019 727 interempta
1045 634 1153 705 latro
1256 615 1263 623 ¹

106 754 234 827 nibus:
260 754 418 847 nunquid
442 738 575 846 Apollo
592 754 769 825 diceretur
787 753 825 823 in
841 775 885 832 ea
900 774 977 823 esse
993 749 1152 823 occisus?
1254 784 1257 789 ·

107 868 138 943 si
175 880 274 943 rates
300 868 393 968 (sor.
423 872 453 943 si
483 870 596 955 Bacis,
626 871 666 955 si,
686 862 890 962 Memento)
921 865 1093 951 Helenus,
1123 866 1153 939 si

111 986 275 1073 Martius,
309 986 438 1080 aliique
471 988 634 1059 similiter
663 994 762 1058 vates
794 985 1008 1058 hariolantes
1036 993 1154 1057 essent

109 1104 185 1176 rita
208 1113 246 1177 et
271 1103 352 1177 luce
375 1106 525 1198 privati:
559 1104 717 1196 nunquid
747 1102 873 1198 aliquis
902 1104 1044 1188 diceret,
1073 1102 1155 1197 lege

65 1284 69 1291 .
110 1242 171 1291 cos
196 1219 427 1293 humanitatis
453 1223 641 1304 extinctos,
667 1221 728 1313 qui
757 1220 899 1291 illorum
926 1242 1075 1313 perora
1103 1218 1156 1289 lo-

110 1345 271 1431 quentes,
310 1337 384 1409 vias
421 1340 545 1409 reru'm
587 1337 849 1431 postulantibus
900 1336 1156 1431 explicabant?

114 1451 216 1524 Mors
240 1452 434 1547 illaquam
460 1455 586 1538 dicitis,
607 1456 779 1549 assumpti
802 1454 955 1525 hominis
979 1453 1058 1537 luit,
1083 1476 1156 1525 uon

112 1570 242 1663 ipsius:
270 1570 485 1664 gestaminis,
508 1594 579 1642 non
600 1572 791 1665 gestantist
819 1594 924 1664 quarn
950 1593 1017 1641 nec
1043 1572 1155 1664 ipsam

113 1688 251 1781 perpeti
277 1687 529 1773 succubuisset,
546 1696 647 1759 tanta
669 1688 710 1759 ei'
723 1711 796 1758 non
820 1688 956 1782 agenda
976 1708 1032 1757 res
1054 1695 1156 1770 esset,

115 1812 153 1876 et
180 1802 437 1897 inexplicabilis
469 1804 569 1890 ratio,
603 1807 687 1877 satis
713 1802 809 1900 (sor.
834 1805 919 1877 satis
947 1804 1005 1894 iis)
1030 1802 1158 1876 clausis

115 1921 359 2016 patefacienda
374 1922 559 2017 mysteriis.

166 2036 311 2109 LXIII.
338 2038 429 2124 Quae
454 2048 538 2110 sunt
562 2038 630 2111 ista
653 2039 801 2133 inquies,
823 2038 943 2109 clausa
965 2045 1073 2129 atque
1097 2036 1159 2108 ob-

117 2176 220 2227 scura
246 2154 422 2250 mysteria,
448 2178 525 2249 quae
554 2152 644 2227 nulli
672 2178 740 2228 nec
774 2156 935 2227 homines
964 2155 1063 2238 scire,
1092 2178 1159 2225 nec

117 2274 194 2367 lpsi,
212 2273 272 2366 qui
292 2273 514 2368 appellantur
530 2273 579 2343 dii
602 2272 737 2356 mundi
759 2280 858 2365 parte
883 2280 1018 2365 queunt
1042 2272 1162 2365 aliqua

119 2390 325 2485 suspicionis
341 2399 448 2483 atquc
466 2390 677 2484 opinationis
693 2390 878 2484 attingere,
895 2390 962 2461 nisi
982 2413 1070 2484 quos
1084 2392 1160 2483 ipse

119 2508 285 2603 dignatus
307 2516 363 2577 est
385 2506 595 2601 cognitionis
616 2515 724 2579 tantae
745 2505 927 2600 impertire
946 2506 1161 2590 muneribus,

121 2625 222 2696 etin
249 2622 387 2695 abditos
408 2646 565 2695 recessus
595 2624 750 2697 thesauri
777 2624 953 2696 interioris
981 2622 1160 2695 inducere.

122 2740 236 2813 Vides
249 2740 260 2825 (
260 2738 564 2837 firaVideienim,
578 2742 607 2812 ei
619 2741 732 2813 nollet
743 2734 863 2814 inferri
873 2742 1163 2835 sibiaquoquam
1262 2766 1266 2773 ·

121 2880 268 2941 manum
293 2876 431 2929 summa
454 2856 508 2927 illi
532 2856 639 2929 fuisse
657 2855 749 2955 (sor.
772 2858 912 2952 luisset)
935 2861 1165 2931 contentione

122 2972 319 3053 nitendum,
343 2980 386 3044 ut
414 2972 533 3045 hostes
561 2974 607 3047 ab
636 2996 674 3045 ee
703 2998 795 3058 suos,
819 2974 877 3046 rel
905 2982 1083 3068 potestate
1111 2975 1165 3045 in·

123 3112 224 3163 versa
247 3088 473 3183 prohiberet?
506 3090 579 3176 Qui
607 3093 712 3163 caecis
735 3094 938 3163 restituerat
963 3091 1108 3174 lumina,
1133 3090 1165 3162 is

124 3206 274 3291 efficere,
300 3208 330 3279 si
357 3207 512 3291 deberet,
535 3232 606 3279 non
628 3217 769 3304 poterat
792 3209 924 3281 caecos?
954 3209 1015 3302 qui
1042 3206 1166 3279 debili·

125 3324 192 3395 bus
217 3321 468 3418 integritatem,
493 3326 524 3395 is
549 3324 683 3397 debiles
711 3327 859 3397 reddere
881 3323 1080 3397 difficultati
1104 3324 1168 3394 ha-

126 3442 215 3525 buit,
240 3450 304 3512 aut
332 3438 467 3513 labori?
500 3444 561 3535 qui
591 3442 735 3514 claudos
759 3442 910 3514 iaciebat
938 3440 1111 3524 incedere,
1136 3442 1167 3512 is

127 3566 246 3629 motus
270 3554 415 3653 alligare
436 3558 676 3631 membrorum
697 3582 885 3633 nervorum
905 3558 1035 3630 duritia
1056 3560 1169 3630 nesci·

128 3674 235 3747 ebat?
264 3676 325 3768 qui
348 3674 557 3749 extrahebat
583 3700 605 3747 a
633 3677 781 3749 tumulis
808 3685 975 3761 mortuos,
999 3677 1084 3748 huic
1112 3698 1168 3747 ar·
1277 3693 1279 3696 ·

128 3792 240 3863 duum
269 3792 385 3865 iuerat
409 3792 523 3865 letum
550 3796 607 3865 cui
636 3794 746 3865 vellet
774 3793 951 3865 indicere?
984 3792 1056 3866 Sed
1084 3793 1168 3887 quia

128 3906 204 3979 fieri
220 3908 311 3981 ratio
327 3932 379 3993 ea,
396 3932 477 4003 quae
494 3910 634 3982 ilrerant
650 3911 837 3993 destinata,
852 3911 1038 4003 poscebat:
1056 3919 1094 3982 et
1109 3910 1168 3982 hic

129 4026 259 4121 inipso
275 4028 418 4110 mundo,
435 4050 502 4099 nec
521 4028 628 4099 modo
648 4050 754 4121 quam
774 4035 916 4122 gestum
933 4036 987 4097 est
1003 4026 1094 4098 alio:
1116 4029 1170 4099 irr-

130 4142 349 4215 aestimabilis
371 4142 432 4217 illa
456 4152 563 4237 atque
585 4143 798 4216 incredibilis
820 4134 946 4215 lenitas
970 4144 1112 4238 injurias
1128 4133 1168 4215 ¹in

131 4280 170 4333 ee
193 4258 378 4331 hominum
402 4258 595 4352 puerilibus
618 4283 682 4353 pro
708 4261 850 4353 ineptiis
878 4261 1019 4344 duoerrs,
1043 4281 1169 4333 marrus
