2867 4817
276 333 342 395 144
612 332 989 397 TERRTULLIANI

161 534 201 565 ·v·
277 516 325 591 et,
347 505 434 578 Tora
451 504 544 603 (for.
570 509 668 591 item,
693 531 768 602 pro,
796 518 844 591 et,
870 504 967 591 Tum,
985 505 1130 580 Juniis.
1148 506 1216 580 oid.
1239 512 1324 602 not.)

180 636 196 683 'u
276 623 357 697 benc
372 621 570 708 currebatis,
592 624 670 718 quis
694 648 752 696 vos
778 623 953 720 impedit?
978 624 1173 717 Ipsumque
1196 626 1327 718 princi-

275 742 386 835 pium,
403 738 526 812 Miror
542 740 635 836 qaod
655 742 707 811 sic
732 749 801 811 tom
831 740 898 811 cito
928 737 1185 836 transferimini
1209 739 1251 811 ab
1277 764 1325 825 co,

276 858 338 954 qui
370 881 428 930 vos
462 858 592 929 wcooit
626 858 665 928 ia
696 858 859 955 prolium,
895 857 942 928 ud
972 854 1072 927 aliud
1104 855 1325 954 mespelium.

115 996 125 1030 ¹
189 980 250 1066 aa.
278 976 372 1045 Item
405 977 451 1045 ad
485 974 687 1046 Corinthios
721 976 902 1067 scriptum,
932 974 1027 1065 quod
1061 983 1178 1045 essent
1207 975 1353 1060 adhucs

117 1070 125 1103 ¹
189 1069 259 1102 '⁹¹¹¹'
277 1091 434 1163 carnales
461 1094 521 1184 qui
551 1092 645 1163 lacte
675 1093 920 1171 educarentur,
947 1090 1106 1161 nondum
1136 1092 1253 1161 idonei
1280 1094 1326 1163 ad

276 1210 457 1304 pabulum,
492 1210 553 1301 qui
589 1216 758 1301 putarent
793 1230 831 1277 se
873 1208 962 1277 scire
1004 1206 1148 1299 aliquid,
1183 1210 1325 1299 quando

275 1329 433 1399 nondum
451 1328 581 1398 scirent
600 1325 899 1417 quemadmodum
918 1325 997 1395 sciri
1015 1332 1204 1418 oporteret.
1231 1326 1325 1397 Cum

276 1454 454 1538 correptas
487 1442 653 1514 ecclesias
695 1450 890 1535 opponunt,
925 1440 1071 1511 credant
1108 1442 1325 1512 emendatas.

115 1572 187 1655 bom·
200 1587 241 1648 xy-
278 1563 350 1634 Sed
367 1571 406 1632 et
423 1561 500 1631 illas
518 1567 780 1653 recognoscant,
798 1559 843 1629 de
860 1580 1008 1650 quarum
1025 1559 1096 1629 fide
1122 1567 1160 1629 et
1177 1560 1327 1629 scientia
1341 1588 1375 1627 ιο

115 1637 248 1765 ilidii.
278 1689 315 1750 et
343 1678 609 1750 conversatione
635 1675 816 1768 apostolus
849 1677 991 1770 gaudet,
1020 1685 1058 1745 et
1085 1675 1165 1746 Deo
1193 1677 1326 1771 gratias

277 1796 371 1889 agit:
406 1817 483 1886 quse
512 1801 634 1863 tomen
662 1792 769 1863 hodie
797 1816 879 1862 cum
914 1792 982 1863 illis
1017 1794 1186 1885 correptis
1220 1794 1326 1863 unius

278 1911 511 1982 institutionis
530 1912 613 2003 jura
637 1912 799 1980 miscent.

151 2045 235 2095 car.
328 2026 411 2122 Age
440 2050 554 2098 nunc:
586 2026 722 2098 Omnes
756 2028 972 2110 erraverint;
1003 2027 1173 2118 deceptus
1207 2028 1253 2097 sit
1288 2036 1326 2098 et

114 2112 257 2228 affl?
278 2144 458 2239 apostolus
485 2145 531 2215 de
555 2144 760 2214 testimonio
787 2142 965 2213 reddendo
991 2144 1222 2235 quibusdam3
1247 2144 1327 2215 nul-
1341 2171 1373 2230 ¹5

114 2254 191 2293 exv.
278 2259 350 2331 lam
383 2261 578 2355 respexerit
613 2259 766 2353 Spiritus
796 2257 949 2329 Sanetus
975 2260 1029 2329 uti
1064 2282 1144 2330 eam
1172 2260 1208 2329 in
1236 2261 1327 2331 veri-

277 2386 390 2449 tatem
416 2379 618 2459 deduceret,
640 2376 684 2446 ad
711 2376 781 2445 hoc
808 2376 934 2447 missus
961 2398 983 2445 a
1008 2375 1160 2459 Christo,
1187 2377 1326 2449 adhoc

277 2494 475 2588 postulatus
503 2495 548 2565 de
574 2493 691 2575 Patre,
714 2502 757 2563 ut
781 2501 875 2563 esset
896 2492 1020 2563 doctor
1036 2494 1214 2577 veritatis;
1240 2518 1327 2588 neg-

276 2612 405 2684 lexerit
435 2612 590 2684 officinm
617 2609 686 2680 Dei
712 2608 860 2693 villicus,
879 2609 1012 2681 Christi
1031 2612 1189 2694 vicarius,
1207 2612 1326 2683 sinens

275 2728 442 2801 ecclesias
475 2728 580 2799 aliter
612 2728 755 2797 interim
790 2726 998 2821 intelligere,
1032 2727 1136 2799 aliter
1171 2730 1326 2811 credere,
1338 2762 1376 2801 20

275 2848 370 2939 quod
400 2848 476 2941 ipse
504 2869 568 2939 per
597 2844 775 2939 apostolos
803 2844 1042 2937 praedicabat:
1078 2845 1206 2938 ecquid
1236 2847 1328 2916 veri-

274 2962 391 3035 simile
408 2971 472 3047 est‚
490 2971 531 3033 ut
545 2971 655 3033 totae
672 2970 785 3032 tantae
802 2963 839 3031 in
856 2984 965 3031 unam
982 2961 1090 3032 fidem
1107 2963 1326 3033 erraverint?

277 3078 411 3151 Nullus
435 3080 529 3149 inter
557 3078 690 3149 multos
720 3086 869 3148 eventus
894 3102 1005 3149 unus:
1032 3080 1150 3149 exitus
1174 3081 1326 3151 variasse

276 3196 448 3267 debuerat
464 3196 623 3265 ordinem
642 3192 735 3289 (sor.
756 3194 888 3264 Nullus
913 3196 1007 3265 inter
1024 3194 1156 3266 multos
1173 3206 1325 3267 eventus

275 3335 367 3384 unus
386 3313 524 3382 exitus:
550 3313 701 3382 variasse
725 3311 922 3382 debuerant
939 3314 1071 3395 ordine,
1090 3312 1167 3384 cide
1190 3317 1324 3407 aotam)
1338 3348 1371 3408 ²5

275 3428 447 3499 doctrinae
473 3427 711 3499 ecclesiamm.
764 3427 933 3499 Ceterum
954 3432 1048 3522 quod
1075 3430 1167 3523 apud
1191 3431 1328 3503 multos

274 3569 387 3615 unum
421 3547 608 3627 invenitur,
642 3568 714 3615 non
754 3554 808 3615 est
843 3555 1009 3631 erratum,
1044 3549 1106 3618 sed
1141 3550 1326 3620 traditum.

275 3660 422 3734 Audeat
450 3686 535 3758 ergo
564 3662 691 3755 aliquis
726 3664 852 3745 dicere,
880 3663 959 3734 illos
993 3688 1135 3749 errasse,
1166 3668 1226 3758 qui
1256 3676 1329 3737 tra-

274 3782 451 3853 diderunt.

327 3898 480 3989 Quoquo
496 3896 604 3966 modo
621 3896 667 3965 sit
681 3904 848 3979 erratum,
867 3899 1003 3968 tamdiu
1021 3900 1145 3991 utique
1162 3902 1327 3993 regnavit
1337 3936 1375 3993 ³0

276 4034 381 4093 error,
399 4012 568 4103 quamdin
580 4012 733 4081 haereses
751 4034 822 4082 non
840 4022 964 4097 erant3
990 4014 1125 4107 aliquos
1144 4014 1327 4086 Marcion-

276 4132 344 4198 itas
369 4138 407 4198 et
429 4129 700 4200 Valentinianos
727 4128 908 4199 liberanda
931 4132 1060 4201 veritas
1090 4131 1325 4223 expectabat:

276 4246 412 4315 interea
440 4267 623 4338 perperam
650 4245 969 4340 evangelizabatur,
995 4270 1178 4341 perperam
1204 4250 1329 4319 crede-
