2867 4817
282 249 348 312 384
536 247 770 312 FIRMIANI
796 249 1070 316 LACTANTII

282 435 434 510 terram3
467 433 507 496 et
523 425 725 497 virentibus
742 426 886 519 quidem
906 425 1014 519 justis
1029 426 1150 497 tradet
1173 427 1217 496 in
1235 429 1340 498 sern'-

281 543 374 613 tium
399 551 525 636 gentes
547 544 738 626 universas,
764 549 922 614 mortuos
948 551 1068 614 autem
1091 543 1137 613 ad
1166 552 1340 613 aeternam

282 661 393 732 vitam
416 661 611 745 suscitabit,
634 669 672 732 et
696 661 734 730 in
760 669 854 731 term
880 683 961 730 curn
988 661 1031 730 iis
1057 661 1132 752 ipse
1160 661 1340 754 regnabit,

283 787 322 850 et
350 779 481 850 condet
509 788 668 848 sanctam
698 778 891 859 civitatem,
918 785 956 846 et
983 777 1051 847 erit
1083 776 1155 846 hoc
1185 801 1340 872 regumn

276 893 458 985 justorum
474 893 572 964 mille
589 894 700 964 annis.
752 892 821 963 Per
843 891 939 962 idem
956 901 1099 985 tempus
1121 891 1242 964 stellae
1261 917 1342 964 ean-
1423 913 1424 980 ἢ

284 1010 437 1081 didiores
465 1018 580 1094 erunt,
605 1017 644 1081 et
672 1009 813 1080 claritas
842 1007 925 1079 solis
952 1009 1151 1102 augebitur,
1185 1019 1226 1079 et
1257 1009 1343 1080 luna

284 1150 356 1197 non
372 1128 528 1220 patietur
545 1126 833 1197 diminutionem.
875 1125 976 1196 Tunc
996 1126 1193 1196 descendet
1212 1149 1237 1198 a
1262 1125 1341 1196 Deo

282 1243 404 1336 pluvia
419 1242 677 1314 benedictionis
698 1242 877 1312 matutina
893 1252 931 1313 et
953 1243 1176 1335 vespertina:
1204 1251 1245 1312 et
1267 1265 1341 1313 om-

283 1363 373 1431 nem'
389 1360 528 1454 frugem
551 1369 646 1430 terra
668 1360 744 1431 sinc
767 1358 886 1430 labore
911 1358 1097 1430 hominum
1123 1359 1340 1450 procreabit.

285 1475 482 1548 Stillabunt
506 1473 615 1546 mella
640 1476 685 1545 de
712 1473 878 1566 rupibua3
911 1471 1014 1544 lactis
1045 1480 1083 1542 et
1112 1473 1189 1540 vini
1221 1473 1341 1542 fontes

285 1592 553 1675 exuberabunt3
578 1591 703 1662 bestiae
721 1590 883 1683 deposita
898 1590 1040 1660 feritate
1062 1599 1340 1672 mansuaecent3

284 1712 390 1803 lupus
414 1710 508 1779 inter
531 1707 686 1800 pecudes
715 1708 846 1778 errabit
876 1708 1062 1790 innoxins3
1093 1707 1233 1778 vitulus
1256 1731 1340 1778 oum

284 1827 388 1898 leone
414 1834 599 1920 pascetur3
614 1835 618 1842 '
636 1822 803 1895 columba
831 1847 914 1896 cum
944 1825 1111 1917 accipitre
1142 1849 1340 1920 congrega-

285 1942 401 2026 bitur3
435 1963 577 2034 serpens
604 1941 700 2011 virus
730 1963 802 2011 non
832 1940 1001 2024 habebit3
1032 1939 1175 2010 nullum
1191 1941 1338 2012 ¹animal

285 2061 383 2131 rivet
411 2083 458 2131 ex
486 2059 674 2152 sanguine:
712 2059 876 2130 omuibus
905 2059 1001 2130 enim
1028 2058 1128 2130 Deus
1152 2061 1338 2152 copiosum

285 2185 394 2268 atquc
409 2177 635 2246 innocentem
652 2176 789 2247 rictum
806 2175 1030 2246 ministrabit.
1074 2175 1237 2248 Peractis
1255 2199 1338 2248 vero

284 2291 384 2363 mille
406 2292 518 2377 annis,
534 2314 576 2362 ac
597 2290 754 2362 resoluto
774 2291 974 2363 daemonnm
996 2293 1165 2385 principe,
1187 2292 1339 2364 rebella-

286 2409 377 2479 bunt
392 2417 518 2502 gentes
540 2408 707 2479 adversus
726 2408 852 2500 justos,
870 2416 908 2479 et
925 2409 1045 2480 veniet
1067 2409 1338 2481 innumerabilis

284 2523 479 2596 multitudo
518 2525 565 2594 ad
598 2525 870 2618 expugnandam
903 2533 1105 2595 sanctorum
1139 2527 1338 2598 civitatem.

285 2641 386 2713 Tunc
413 2640 478 2711 fiet
506 2640 676 2711 ultimum
699 2640 875 2732 judicium
907 2641 976 2712 Dei
1001 2642 1169 2712 adversus
1198 2654 1338 2738 gentes

286 2755 477 2829 Concutiat
499 2757 596 2827 enim
620 2780 643 2826 a
668 2756 909 2829 fundamentis
931 2759 1002 2830 suis
1028 2767 1169 2840 terram,
1196 2769 1237 2830 et
1262 2783 1340 2831 cor-

285 2881 391 2944 ruent
420 2874 594 2971 ciuitates,
622 2881 660 2944 et
688 2872 790 2965 pluet
814 2896 920 2967 super
945 2875 1073 2967 impios
1100 2875 1222 2968 ignem
1255 2901 1338 2948 cum

286 2989 455 3084 sulphure
472 2998 510 3061 et
525 2990 705 3084 grandine,
723 2999 762 3060 et
778 2990 963 3073 ardebunt,
981 2999 1018 3061 et
1035 3013 1073 3061 se
1090 2993 1246 3062 invicem
1264 3003 1340 3064 tru-

286 3109 466 3179 cidabunt.
516 3106 612 3178 Justi
638 3129 722 3177 vero
749 3108 815 3178 sub
842 3115 936 3179 terra
960 3107 1137 3201 paulisper
1159 3107 1339 3195 latebunt,

287 3227 400 3296 donec
425 3224 577 3316 perditio
601 3225 764 3318 gentium
788 3223 861 3307 fiat,
888 3232 926 3295 et
954 3225 1105 3296 exibunt
1131 3237 1214 3320 post
1241 3229 1339 3299 diem

285 3342 444 3424 tertium,
473 3349 513 3410 et
545 3341 719 3414 ridebunt
748 3363 891 3434 campos
924 3343 1152 3415 cadaveribus
1181 3355 1338 3438 opertos

286 3457 387 3528 'lunc
403 3457 467 3528 liet
483 3465 585 3528 terrae
601 3466 731 3542 motus,
749 3466 787 3529 et
804 3458 1009 3529 scindentur
1030 3469 1179 3543 montes,
1198 3469 1237 3532 et
1254 3463 1339 3532 snb-

285 3574 404 3646 sident
432 3571 541 3644 valles
567 3575 606 3643 in
632 3572 859 3645 altitudinem
887 3573 1109 3666 profundam,
1139 3583 1177 3646 et
1206 3599 1339 3672 conge·

284 3695 411 3759 rentur
446 3687 600 3757 ineam
635 3710 782 3779 corpora
815 3695 1046 3770 mortuorum,
1076 3699 1115 3759 et
1150 3691 1338 3761 vocabitur

286 3826 418 3875 nomen
434 3803 510 3895 ejus
527 3801 790 3898 Polyandrium.
842 3804 930 3876 Post
945 3803 1021 3876 haec
1037 3807 1222 3877 renovabit
1237 3806 1337 3879 Dens

285 3921 470 4003 mundum,
494 3929 538 3991 'et
566 3919 831 3992 transformabit
854 3922 971 4013 justos
1000 3921 1036 3990 in
1066 3921 1196 4016 figuras
1229 3947 1338 4018 ange-

284 4037 424 4121 lorum;
453 4043 496 4107 ut
517 4036 795 4109 immortalitatis
816 4045 914 4109 veste
930 4037 1063 4122 donati,
1081 4039 1237 4110 serviant
1254 4039 1335 4111 Deo

282 4153 319 4224 in
333 4151 602 4242 sempiternum.
632 4152 682 4225 Et
692 4135 764 4226 hoo
775 4153 844 4226 erit
857 4175 1005 4247 regnum
1023 4153 1102 4238 Dei,
1115 4155 1212 4247 quod
1225 4155 1334 4228 finem
