<?xml version="1.0" encoding="UTF-8"?>
<!DOCTYPE html PUBLIC "-//W3C//DTD XHTML 1.0 Transitional//EN"
    "http://www.w3.org/TR/xhtml1/DTD/xhtml1-transitional.dtd">
<html xmlns="http://www.w3.org/1999/xhtml" xml:lang="en" lang="en">
 <head>
  <title>
</title>
<meta http-equiv="Content-Type" content="text/html;charset=utf-8" />
  <meta name='ocr-system' content='tesseract 3.04.00' />
  <meta name='ocr-capabilities' content='ocr_page ocr_carea ocr_par ocr_line ocrx_word'/>
</head>
<body>
  <div class='ocr_page' id='page_1' title='image "./scriptorumeccle03routgoog_0829.png"; bbox 0 0 2867 4817; ppageno 0'>
   <div class='ocr_carea' id='block_1_1' title="bbox 518 315 1214 384">
    <p class='ocr_par' dir='ltr' id='par_1_1' title="bbox 518 315 1214 384">
     <span class='ocr_line' id='line_1_1' title="bbox 518 315 1214 384; baseline -0.006 -4"><span class='ocrx_word' id='word_1_1' title='bbox 518 315 751 382; x_wconf 85' lang='lat' dir='ltr'><strong>EPITOME.</strong></span> <span class='ocrx_word' id='word_1_2' title='bbox 1097 315 1174 384; x_wconf 73' lang='lat'><strong>3772·</strong></span> <span class='ocrx_word' id='word_1_3' title='bbox 1212 329 1214 333; x_wconf 80' lang='grc'>’</span> 
     </span>
    </p>
   </div>
   <div class='ocr_carea' id='block_1_2' title="bbox 110 493 1250 4295">
    <p class='ocr_par' dir='ltr' id='par_1_2' title="bbox 110 493 1250 4295">
     <span class='ocr_line' id='line_1_2' title="bbox 111 493 1174 584; baseline -0.004 -18"><span class='ocrx_word' id='word_1_4' title='bbox 111 503 208 566; x_wconf 76' lang='lat' dir='ltr'><strong>sunt.</strong></span> <span class='ocrx_word' id='word_1_5' title='bbox 259 493 443 564; x_wconf 80' lang='lat' dir='ltr'><strong>Stantem</strong></span> <span class='ocrx_word' id='word_1_6' title='bbox 466 494 605 584; x_wconf 86' lang='lat' dir='ltr'><strong>potiora</strong></span> <span class='ocrx_word' id='word_1_7' title='bbox 626 515 704 564; x_wconf 91' lang='lat' dir='ltr'><strong>esse</strong></span> <span class='ocrx_word' id='word_1_8' title='bbox 727 515 798 562; x_wconf 91' lang='lat' dir='ltr'><strong>non</strong></span> <span class='ocrx_word' id='word_1_9' title='bbox 820 500 979 584; x_wconf 78' lang='lat' dir='ltr'>possunt,</span> <span class='ocrx_word' id='word_1_10' title='bbox 998 515 1043 562; x_wconf 90' lang='lat' dir='ltr'><strong>ne</strong></span> <span class='ocrx_word' id='word_1_11' title='bbox 1060 501 1174 563; x_wconf 76' lang='lat' dir='ltr'><strong>ater--</strong></span> 
     </span>
     <span class='ocr_line' id='line_1_3' title="bbox 110 608 1173 703; baseline -0.002 -21"><span class='ocrx_word' id='word_1_12' title='bbox 110 613 213 682; x_wconf 89' lang='lat' dir='ltr'><strong>niora</strong></span> <span class='ocrx_word' id='word_1_13' title='bbox 238 611 383 703; x_wconf 86' lang='lat' dir='ltr'><strong>quidem</strong></span> <span class='ocrx_word' id='word_1_14' title='bbox 410 618 569 702; x_wconf 81' lang='lat' dir='ltr'><strong>possunt.</strong></span> <span class='ocrx_word' id='word_1_15' title='bbox 621 608 726 703; x_wconf 82' lang='lat' dir='ltr'><strong>Ergo·</strong></span> <span class='ocrx_word' id='word_1_16' title='bbox 748 618 811 679; x_wconf 87' lang='lat' dir='ltr'><strong>aut</strong></span> <span class='ocrx_word' id='word_1_17' title='bbox 844 617 994 700; x_wconf 84' lang='lat' dir='ltr'><strong>utraque</strong></span> <span class='ocrx_word' id='word_1_18' title='bbox 1024 633 1173 702; x_wconf 83' lang='lat' dir='ltr'><strong>semper·</strong></span> 
     </span>
     <span class='ocr_line' id='line_1_4' title="bbox 111 725 1163 817; baseline 0 -20"><span class='ocrx_word' id='word_1_19' title='bbox 111 729 268 809; x_wconf 70' lang='lat' dir='ltr'><strong>fuerumt,</strong></span> <span class='ocrx_word' id='word_1_20' title='bbox 285 733 324 797; x_wconf 90' lang='lat' dir='ltr'><strong>et</strong></span> <span class='ocrx_word' id='word_1_21' title='bbox 342 725 441 796; x_wconf 91' lang='lat' dir='ltr'><strong>Deus</strong></span> <span class='ocrx_word' id='word_1_22' title='bbox 462 727 595 796; x_wconf 89' lang='lat' dir='ltr'><strong>otiosus</strong></span> <span class='ocrx_word' id='word_1_23' title='bbox 607 749 623 796; x_wconf 88' lang='lat'><strong>:¹</strong></span> <span class='ocrx_word' id='word_1_24' title='bbox 641 734 878 817; x_wconf 82' lang='lat' dir='ltr'><strong>aututraque</strong></span> <span class='ocrx_word' id='word_1_25' title='bbox 901 749 954 796; x_wconf 90' lang='lat' dir='ltr'><strong>ex·</strong></span> <span class='ocrx_word' id='word_1_26' title='bbox 970 750 1041 797; x_wconf 90' lang='lat' dir='ltr'><strong>uno</strong></span> <span class='ocrx_word' id='word_1_27' title='bbox 1061 728 1163 798; x_wconf 88' lang='lat' dir='ltr'><strong>fonte</strong></span> 
     </span>
     <span class='ocr_line' id='line_1_5' title="bbox 112 841 1168 923; baseline 0 -10"><span class='ocrx_word' id='word_1_28' title='bbox 112 842 305 914; x_wconf 83' lang='lat' dir='ltr'><strong>fluxerunt.</strong></span> <span class='ocrx_word' id='word_1_29' title='bbox 357 842 423 912; x_wconf 83' lang='lat' dir='ltr'><strong>Est</strong></span> <span class='ocrx_word' id='word_1_30' title='bbox 443 843 540 911; x_wconf 91' lang='lat' dir='ltr'><strong>enim</strong></span> <span class='ocrx_word' id='word_1_31' title='bbox 561 844 839 923; x_wconf 88' lang='lat' dir='ltr'><strong>convenientius,</strong></span> <span class='ocrx_word' id='word_1_32' title='bbox 857 849 897 911; x_wconf 92' lang='lat' dir='ltr'><strong>ut</strong></span> <span class='ocrx_word' id='word_1_33' title='bbox 922 841 1021 913; x_wconf 89' lang='lat' dir='ltr'><strong>Deus</strong></span> <span class='ocrx_word' id='word_1_34' title='bbox 1044 845 1168 914; x_wconf 84' lang='lat' dir='ltr'><strong>omnia·</strong></span> 
     </span>
     <span class='ocr_line' id='line_1_6' title="bbox 113 957 1163 1051; baseline 0.001 -22"><span class='ocrx_word' id='word_1_35' title='bbox 113 959 241 1029; x_wconf 86' lang='lat' dir='ltr'><strong>lecerit</strong></span> <span class='ocrx_word' id='word_1_36' title='bbox 263 959 382 1051; x_wconf 92' lang='lat' dir='ltr'><strong>potius</strong></span> <span class='ocrx_word' id='word_1_37' title='bbox 406 981 513 1050; x_wconf 88' lang='lat' dir='ltr'><strong>quam</strong></span> <span class='ocrx_word' id='word_1_38' title='bbox 536 957 645 1027; x_wconf 85' lang='lat' dir='ltr'><strong>nibil.¹</strong></span> <span class='ocrx_word' id='word_1_39' title='bbox 688 957 784 1051; x_wconf 80' lang='lat' dir='ltr'><strong>Ergo</strong></span> <span class='ocrx_word' id='word_1_40' title='bbox 802 958 996 1028; x_wconf 89' lang='lat' dir='ltr'><strong>secundum</strong></span> <span class='ocrx_word' id='word_1_41' title='bbox 1022 969 1163 1030; x_wconf 90' lang='lat' dir='ltr'><strong>senten-</strong></span> 
     </span>
     <span class='ocr_line' id='line_1_7' title="bbox 113 1072 1172 1166; baseline 0 -22"><span class='ocrx_word' id='word_1_42' title='bbox 113 1077 203 1144; x_wconf 86' lang='lat' dir='ltr'><strong>tiam</strong></span> <span class='ocrx_word' id='word_1_43' title='bbox 230 1073 388 1144; x_wconf 78' lang='lat' dir='ltr'><strong>Platonis</strong></span> <span class='ocrx_word' id='word_1_44' title='bbox 413 1074 509 1143; x_wconf 87' lang='lat' dir='ltr'><strong>idern</strong></span> <span class='ocrx_word' id='word_1_45' title='bbox 534 1072 635 1144; x_wconf 90' lang='lat' dir='ltr'><strong>Dens</strong></span> <span class='ocrx_word' id='word_1_46' title='bbox 659 1083 697 1143; x_wconf 90' lang='lat' dir='ltr'><strong>et</strong></span> <span class='ocrx_word' id='word_1_47' title='bbox 725 1075 928 1154; x_wconf 84' lang='lat' dir='ltr'><strong>bonusest,</strong></span> <span class='ocrx_word' id='word_1_48' title='bbox 960 1075 1042 1166; x_wconf 86' lang='lat' dir='ltr'><strong>quia</strong></span> <span class='ocrx_word' id='word_1_49' title='bbox 1071 1075 1172 1144; x_wconf 90' lang='lat' dir='ltr'><strong>bona.</strong></span> 
     </span>
     <span class='ocr_line' id='line_1_8' title="bbox 114 1187 1163 1282; baseline 0 -24"><span class='ocrx_word' id='word_1_50' title='bbox 114 1189 225 1271; x_wconf 80' lang='lat' dir='ltr'><strong>fecit3</strong></span> <span class='ocrx_word' id='word_1_51' title='bbox 250 1197 288 1259; x_wconf 90' lang='lat' dir='ltr'><strong>et</strong></span> <span class='ocrx_word' id='word_1_52' title='bbox 304 1189 430 1272; x_wconf 84' lang='lat' dir='ltr'><strong>malus,</strong></span> <span class='ocrx_word' id='word_1_53' title='bbox 447 1190 531 1280; x_wconf 86' lang='lat' dir='ltr'><strong>quia</strong></span> <span class='ocrx_word' id='word_1_54' title='bbox 546 1187 650 1258; x_wconf 89' lang='lat' dir='ltr'><strong>mala.</strong></span> <span class='ocrx_word' id='word_1_55' title='bbox 685 1187 792 1271; x_wconf 88' lang='lat' dir='ltr'><strong>Quod</strong></span> <span class='ocrx_word' id='word_1_56' title='bbox 809 1189 837 1257; x_wconf 90' lang='lat' dir='ltr'><strong>si</strong></span> <span class='ocrx_word' id='word_1_57' title='bbox 855 1188 930 1258; x_wconf 88' lang='lat' dir='ltr'><strong>fieri</strong></span> <span class='ocrx_word' id='word_1_58' title='bbox 945 1212 1016 1259; x_wconf 91' lang='lat' dir='ltr'><strong>non</strong></span> <span class='ocrx_word' id='word_1_59' title='bbox 1034 1197 1163 1282; x_wconf 86' lang='lat' dir='ltr'><strong>potest,</strong></span> 
     </span>
     <span class='ocr_line' id='line_1_9' title="bbox 115 1302 1164 1398; baseline 0.001 -24"><span class='ocrx_word' id='word_1_60' title='bbox 115 1312 263 1398; x_wconf 87' lang='lat' dir='ltr'><strong>apparet</strong></span> <span class='ocrx_word' id='word_1_61' title='bbox 296 1327 368 1373; x_wconf 90' lang='lat' dir='ltr'><strong>non</strong></span> <span class='ocrx_word' id='word_1_62' title='bbox 402 1304 484 1374; x_wconf 90' lang='lat' dir='ltr'><strong>ideo</strong></span> <span class='ocrx_word' id='word_1_63' title='bbox 519 1303 654 1373; x_wconf 85' lang='lat' dir='ltr'><strong>factum</strong></span> <span class='ocrx_word' id='word_1_64' title='bbox 690 1325 767 1372; x_wconf 89' lang='lat' dir='ltr'><strong>esse</strong></span> <span class='ocrx_word' id='word_1_65' title='bbox 800 1326 822 1372; x_wconf 89' lang='lat' dir='ltr'><strong>a</strong></span> <span class='ocrx_word' id='word_1_66' title='bbox 856 1302 935 1374; x_wconf 94' lang='lat' dir='ltr'><strong>Deo</strong></span> <span class='ocrx_word' id='word_1_67' title='bbox 978 1306 1164 1387; x_wconf 88' lang='lat' dir='ltr'><strong>mundum,</strong></span> 
     </span>
     <span class='ocr_line' id='line_1_10' title="bbox 115 1419 1165 1513; baseline 0.001 -23"><span class='ocrx_word' id='word_1_68' title='bbox 115 1422 201 1513; x_wconf 89' lang='lat' dir='ltr'><strong>quia</strong></span> <span class='ocrx_word' id='word_1_69' title='bbox 225 1421 360 1489; x_wconf 92' lang='lat' dir='ltr'><strong>bonum</strong></span> <span class='ocrx_word' id='word_1_70' title='bbox 389 1428 443 1489; x_wconf 91' lang='lat' dir='ltr'><strong>est</strong></span> <span class='ocrx_word' id='word_1_71' title='bbox 472 1419 647 1502; x_wconf 90' lang='lat' dir='ltr'><strong>mundus;</strong></span> <span class='ocrx_word' id='word_1_72' title='bbox 682 1419 801 1488; x_wconf 89' lang='lat' dir='ltr'><strong>omnia</strong></span> <span class='ocrx_word' id='word_1_73' title='bbox 830 1422 926 1489; x_wconf 87' lang='lat' dir='ltr'><strong>enim</strong></span> <span class='ocrx_word' id='word_1_74' title='bbox 957 1421 1165 1512; x_wconf 84' lang='lat' dir='ltr'><strong>complexus</strong></span> 
     </span>
     <span class='ocr_line' id='line_1_11' title="bbox 116 1533 1164 1632; baseline 0 -25"><span class='ocrx_word' id='word_1_75' title='bbox 116 1548 173 1608; x_wconf 90' lang='lat' dir='ltr'><strong>est</strong></span> <span class='ocrx_word' id='word_1_76' title='bbox 201 1537 296 1607; x_wconf 86' lang='lat' dir='ltr'><strong>bona</strong></span> <span class='ocrx_word' id='word_1_77' title='bbox 324 1545 362 1605; x_wconf 86' lang='lat' dir='ltr'><strong>et</strong></span> <span class='ocrx_word' id='word_1_78' title='bbox 396 1533 509 1605; x_wconf 86' lang='lat' dir='ltr'><strong>mala:</strong></span> <span class='ocrx_word' id='word_1_79' title='bbox 552 1557 619 1604; x_wconf 93' lang='lat' dir='ltr'><strong>nec</strong></span> <span class='ocrx_word' id='word_1_80' title='bbox 649 1535 690 1604; x_wconf 90' lang='lat' dir='ltr'><strong>fit</strong></span> <span class='ocrx_word' id='word_1_81' title='bbox 725 1543 870 1626; x_wconf 87' lang='lat' dir='ltr'><strong>propter</strong></span> <span class='ocrx_word' id='word_1_82' title='bbox 898 1555 947 1606; x_wconf 90' lang='lat' dir='ltr'><strong>se·</strong></span> <span class='ocrx_word' id='word_1_83' title='bbox 965 1538 1164 1632; x_wconf 86' lang='lat' dir='ltr'><strong>quicquam,</strong></span> 
     </span>
     <span class='ocr_line' id='line_1_12' title="bbox 116 1648 1165 1745; baseline -0.002 -20"><span class='ocrx_word' id='word_1_84' title='bbox 116 1653 181 1725; x_wconf 85' lang='lat' dir='ltr'><strong>sed</strong></span> <span class='ocrx_word' id='word_1_85' title='bbox 202 1660 347 1745; x_wconf 87' lang='lat' dir='ltr'><strong>propter</strong></span> <span class='ocrx_word' id='word_1_86' title='bbox 369 1650 487 1721; x_wconf 86' lang='lat' dir='ltr'><strong>aliud..</strong></span> <span class='ocrx_word' id='word_1_87' title='bbox 529 1648 668 1720; x_wconf 90' lang='lat' dir='ltr'><strong>Domus</strong></span> <span class='ocrx_word' id='word_1_88' title='bbox 690 1651 786 1718; x_wconf 93' lang='lat' dir='ltr'><strong>enim</strong></span> <span class='ocrx_word' id='word_1_89' title='bbox 810 1650 1001 1720; x_wconf 84' lang='lat' dir='ltr'><strong>aedilicatur</strong></span> <span class='ocrx_word' id='word_1_90' title='bbox 1026 1676 1097 1722; x_wconf 89' lang='lat' dir='ltr'><strong>non</strong></span> <span class='ocrx_word' id='word_1_91' title='bbox 1119 1655 1165 1723; x_wconf 85' lang='lat' dir='ltr'><strong>ad</strong></span> 
     </span>
     <span class='ocr_line' id='line_1_13' title="bbox 115 1766 1166 1858; baseline -0.001 -18"><span class='ocrx_word' id='word_1_92' title='bbox 115 1770 187 1840; x_wconf 90' lang='lat' dir='ltr'><strong>hoc</strong></span> <span class='ocrx_word' id='word_1_93' title='bbox 211 1769 338 1849; x_wconf 88' lang='lat' dir='ltr'><strong>solum,</strong></span> <span class='ocrx_word' id='word_1_94' title='bbox 363 1775 405 1835; x_wconf 91' lang='lat' dir='ltr'><strong>ut</strong></span> <span class='ocrx_word' id='word_1_95' title='bbox 430 1767 477 1837; x_wconf 90' lang='lat' dir='ltr'><strong>sit</strong></span> <span class='ocrx_word' id='word_1_96' title='bbox 503 1766 639 1849; x_wconf 88' lang='lat' dir='ltr'><strong>domus,</strong></span> <span class='ocrx_word' id='word_1_97' title='bbox 665 1766 728 1836; x_wconf 90' lang='lat' dir='ltr'><strong>sed</strong></span> <span class='ocrx_word' id='word_1_98' title='bbox 758 1773 799 1834; x_wconf 93' lang='lat' dir='ltr'><strong>ut</strong></span> <span class='ocrx_word' id='word_1_99' title='bbox 829 1767 996 1858; x_wconf 86' lang='lat' dir='ltr'><strong>suscipiat</strong></span> <span class='ocrx_word' id='word_1_100' title='bbox 1022 1777 1060 1837; x_wconf 92' lang='lat' dir='ltr'><strong>et</strong></span> <span class='ocrx_word' id='word_1_101' title='bbox 1089 1777 1166 1839; x_wconf 51' lang='lat' dir='ltr'><strong>tue-¹</strong></span> 
     </span>
     <span class='ocr_line' id='line_1_14' title="bbox 116 1882 1250 1966; baseline -0.002 -9"><span class='ocrx_word' id='word_1_102' title='bbox 116 1895 211 1958; x_wconf 86' lang='lat' dir='ltr'><strong>atur·</strong></span> <span class='ocrx_word' id='word_1_103' title='bbox 231 1884 465 1954; x_wconf 82' lang='lat' dir='ltr'><strong>habitantem.</strong></span> <span class='ocrx_word' id='word_1_104' title='bbox 522 1882 617 1952; x_wconf 87' lang='lat' dir='ltr'><strong>Item</strong></span> <span class='ocrx_word' id='word_1_105' title='bbox 652 1884 762 1953; x_wconf 86' lang='lat' dir='ltr'><strong>navis·</strong></span> <span class='ocrx_word' id='word_1_106' title='bbox 785 1883 984 1966; x_wconf 85' lang='lat' dir='ltr'><strong>fabricatur,</strong></span> <span class='ocrx_word' id='word_1_107' title='bbox 1019 1908 1090 1954; x_wconf 92' lang='lat' dir='ltr'><strong>non</strong></span> <span class='ocrx_word' id='word_1_108' title='bbox 1125 1894 1166 1955; x_wconf 90' lang='lat' dir='ltr'><strong>ut</strong></span> <span class='ocrx_word' id='word_1_109' title='bbox 1247 1911 1250 1918; x_wconf 89' lang='lat'><em>·</em></span> 
     </span>
     <span class='ocr_line' id='line_1_15' title="bbox 116 1999 1167 2091; baseline -0.003 -17"><span class='ocrx_word' id='word_1_110' title='bbox 116 2003 217 2074; x_wconf 80' lang='lat' dir='ltr'><strong>navis</strong></span> <span class='ocrx_word' id='word_1_111' title='bbox 234 2002 397 2070; x_wconf 84' lang='lat' dir='ltr'><strong>videatur</strong></span> <span class='ocrx_word' id='word_1_112' title='bbox 419 2006 572 2079; x_wconf 89' lang='lat' dir='ltr'><strong>tantum,</strong></span> <span class='ocrx_word' id='word_1_113' title='bbox 589 1999 651 2067; x_wconf 89' lang='lat' dir='ltr'><strong>sed</strong></span> <span class='ocrx_word' id='word_1_114' title='bbox 674 2000 766 2068; x_wconf 91' lang='lat' dir='ltr'><strong>utin</strong></span> <span class='ocrx_word' id='word_1_115' title='bbox 789 2021 832 2068; x_wconf 82' lang='lat' dir='ltr'><strong>ea</strong></span> <span class='ocrx_word' id='word_1_116' title='bbox 851 2001 986 2091; x_wconf 82' lang='lat' dir='ltr'>possint</span> <span class='ocrx_word' id='word_1_117' title='bbox 1005 1999 1167 2072; x_wconf 89' lang='lat' dir='ltr'><strong>homines</strong></span> 
     </span>
     <span class='ocr_line' id='line_1_16' title="bbox 118 2113 1167 2212; baseline -0.003 -23"><span class='ocrx_word' id='word_1_118' title='bbox 118 2119 295 2212; x_wconf 80' lang='lat' dir='ltr'><strong>navigare.</strong></span> <span class='ocrx_word' id='word_1_119' title='bbox 345 2115 446 2186; x_wconf 86' lang='lat' dir='ltr'><strong>Vasa</strong></span> <span class='ocrx_word' id='word_1_120' title='bbox 460 2114 549 2183; x_wconf 90' lang='lat' dir='ltr'><strong>item</strong></span> <span class='ocrx_word' id='word_1_121' title='bbox 572 2113 674 2196; x_wconf 80' lang='lat' dir='ltr'><strong>fiunt,</strong></span> <span class='ocrx_word' id='word_1_122' title='bbox 692 2137 764 2183; x_wconf 93' lang='lat' dir='ltr'><strong>non</strong></span> <span class='ocrx_word' id='word_1_123' title='bbox 781 2124 822 2184; x_wconf 90' lang='lat' dir='ltr'><strong>ut</strong></span> <span class='ocrx_word' id='word_1_124' title='bbox 843 2137 926 2185; x_wconf 86' lang='lat' dir='ltr'><strong>vasa</strong></span> <span class='ocrx_word' id='word_1_125' title='bbox 948 2117 1018 2186; x_wconf 88' lang='lat' dir='ltr'><strong>sint</strong></span> <span class='ocrx_word' id='word_1_126' title='bbox 1041 2116 1167 2200; x_wconf 90' lang='lat' dir='ltr'><strong>solum,</strong></span> 
     </span>
     <span class='ocr_line' id='line_1_17' title="bbox 119 2231 1168 2324; baseline -0.002 -18"><span class='ocrx_word' id='word_1_127' title='bbox 119 2235 184 2306; x_wconf 89' lang='lat' dir='ltr'><strong>sed</strong></span> <span class='ocrx_word' id='word_1_128' title='bbox 205 2241 246 2304; x_wconf 92' lang='lat' dir='ltr'><strong>ut</strong></span> <span class='ocrx_word' id='word_1_129' title='bbox 271 2234 423 2324; x_wconf 80' lang='lat' dir='ltr'>capiant,</span> <span class='ocrx_word' id='word_1_130' title='bbox 449 2253 527 2322; x_wconf 83' lang='lat' dir='ltr'><strong>quae</strong></span> <span class='ocrx_word' id='word_1_131' title='bbox 556 2237 639 2299; x_wconf 88' lang='lat' dir='ltr'><strong>sunt</strong></span> <span class='ocrx_word' id='word_1_132' title='bbox 668 2231 748 2300; x_wconf 90' lang='lat' dir='ltr'><strong>usui</strong></span> <span class='ocrx_word' id='word_1_133' title='bbox 778 2233 983 2303; x_wconf 83' lang='lat' dir='ltr'><strong>necessaria.</strong></span> <span class='ocrx_word' id='word_1_134' title='bbox 1045 2233 1105 2304; x_wconf 87' lang='lat' dir='ltr'><strong>Sic</strong></span> <span class='ocrx_word' id='word_1_135' title='bbox 1130 2243 1168 2305; x_wconf 87' lang='lat' dir='ltr'><strong>ct</strong></span> 
     </span>
     <span class='ocr_line' id='line_1_18' title="bbox 119 2345 1168 2437; baseline -0.004 -15"><span class='ocrx_word' id='word_1_136' title='bbox 119 2351 295 2422; x_wconf 88' lang='lat' dir='ltr'><strong>mundum</strong></span> <span class='ocrx_word' id='word_1_137' title='bbox 313 2347 413 2418; x_wconf 88' lang='lat' dir='ltr'><strong>Deus</strong></span> <span class='ocrx_word' id='word_1_138' title='bbox 432 2348 478 2417; x_wconf 90' lang='lat' dir='ltr'><strong>ad</strong></span> <span class='ocrx_word' id='word_1_139' title='bbox 494 2369 600 2416; x_wconf 89' lang='lat' dir='ltr'><strong>usum</strong></span> <span class='ocrx_word' id='word_1_140' title='bbox 621 2345 775 2437; x_wconf 76' lang='lat' dir='ltr'>aliquem</span> <span class='ocrx_word' id='word_1_141' title='bbox 797 2347 921 2416; x_wconf 78' lang='lat' dir='ltr'><strong>lecerit</strong></span> <span class='ocrx_word' id='word_1_142' title='bbox 937 2371 1080 2418; x_wconf 87' lang='lat' dir='ltr'><strong>necesse</strong></span> <span class='ocrx_word' id='word_1_143' title='bbox 1103 2358 1168 2420; x_wconf 91' lang='lat' dir='ltr'><strong>est.</strong></span> 
     </span>
     <span class='ocr_line' id='line_1_19' title="bbox 122 2461 1169 2538; baseline -0.002 0"><span class='ocrx_word' id='word_1_144' title='bbox 122 2467 235 2538; x_wconf 82' lang='lat' dir='ltr'>Stoici</span> <span class='ocrx_word' id='word_1_145' title='bbox 272 2464 372 2534; x_wconf 86' lang='lat' dir='ltr'><strong>aiunt</strong></span> <span class='ocrx_word' id='word_1_146' title='bbox 412 2461 597 2532; x_wconf 89' lang='lat' dir='ltr'><strong>hominum</strong></span> <span class='ocrx_word' id='word_1_147' title='bbox 635 2485 743 2533; x_wconf 85' lang='lat' dir='ltr'><strong>causa</strong></span> <span class='ocrx_word' id='word_1_148' title='bbox 781 2463 938 2534; x_wconf 83' lang='lat' dir='ltr'><strong>factum:</strong></span> <span class='ocrx_word' id='word_1_149' title='bbox 990 2474 1028 2534; x_wconf 90' lang='lat' dir='ltr'><strong>et</strong></span> <span class='ocrx_word' id='word_1_150' title='bbox 1061 2475 1169 2536; x_wconf 88' lang='lat' dir='ltr'><strong>recte.</strong></span> 
     </span>
     <span class='ocr_line' id='line_1_20' title="bbox 121 2577 1169 2675; baseline -0.001 -21"><span class='ocrx_word' id='word_1_151' title='bbox 121 2583 299 2654; x_wconf 82' lang='lat' dir='ltr'><strong>Homines</strong></span> <span class='ocrx_word' id='word_1_152' title='bbox 334 2579 430 2649; x_wconf 85' lang='lat' dir='ltr'><strong>enim</strong></span> <span class='ocrx_word' id='word_1_153' title='bbox 462 2579 630 2648; x_wconf 80' lang='lat' dir='ltr'><strong>fruuntur</strong></span> <span class='ocrx_word' id='word_1_154' title='bbox 658 2577 714 2648; x_wconf 91' lang='lat' dir='ltr'><strong>bis</strong></span> <span class='ocrx_word' id='word_1_155' title='bbox 751 2581 915 2651; x_wconf 91' lang='lat' dir='ltr'><strong>omnibus</strong></span> <span class='ocrx_word' id='word_1_156' title='bbox 949 2582 1062 2667; x_wconf 90' lang='lat' dir='ltr'><strong>bonis,</strong></span> <span class='ocrx_word' id='word_1_157' title='bbox 1092 2605 1169 2675; x_wconf 83' lang='lat' dir='ltr'><strong>quse</strong></span> 
     </span>
     <span class='ocr_line' id='line_1_21' title="bbox 120 2693 1170 2786; baseline 0 -17"><span class='ocrx_word' id='word_1_158' title='bbox 120 2698 277 2770; x_wconf 84' lang='lat' dir='ltr'><strong>mundus</strong></span> <span class='ocrx_word' id='word_1_159' title='bbox 300 2698 338 2766; x_wconf 92' lang='lat' dir='ltr'><strong>in</strong></span> <span class='ocrx_word' id='word_1_160' title='bbox 361 2717 399 2764; x_wconf 90' lang='lat' dir='ltr'><strong>se</strong></span> <span class='ocrx_word' id='word_1_161' title='bbox 416 2694 586 2764; x_wconf 88' lang='lat' dir='ltr'><strong>continet.</strong></span> <span class='ocrx_word' id='word_1_162' title='bbox 638 2693 710 2764; x_wconf 91' lang='lat' dir='ltr'><strong>Sed</strong></span> <span class='ocrx_word' id='word_1_163' title='bbox 733 2696 797 2786; x_wconf 88' lang='lat' dir='ltr'><strong>ipsi</strong></span> <span class='ocrx_word' id='word_1_164' title='bbox 821 2695 983 2768; x_wconf 88' lang='lat' dir='ltr'><strong>homines</strong></span> <span class='ocrx_word' id='word_1_165' title='bbox 1005 2723 1070 2769; x_wconf 90' lang='lat' dir='ltr'><strong>cur</strong></span> <span class='ocrx_word' id='word_1_166' title='bbox 1084 2699 1170 2769; x_wconf 89' lang='lat' dir='ltr'><strong>facti</strong></span> 
     </span>
     <span class='ocr_line' id='line_1_22' title="bbox 122 2809 1171 2904; baseline -0.002 -17"><span class='ocrx_word' id='word_1_167' title='bbox 122 2818 206 2900; x_wconf 90' lang='lat' dir='ltr'><strong>sint,</strong></span> <span class='ocrx_word' id='word_1_168' title='bbox 235 2821 298 2883; x_wconf 88' lang='lat' dir='ltr'><strong>aut</strong></span> <span class='ocrx_word' id='word_1_169' title='bbox 327 2812 413 2904; x_wconf 90' lang='lat' dir='ltr'><strong>quid</strong></span> <span class='ocrx_word' id='word_1_170' title='bbox 441 2811 479 2879; x_wconf 91' lang='lat' dir='ltr'><strong>in</strong></span> <span class='ocrx_word' id='word_1_171' title='bbox 510 2809 581 2880; x_wconf 91' lang='lat' dir='ltr'><strong>illis</strong></span> <span class='ocrx_word' id='word_1_172' title='bbox 610 2809 777 2882; x_wconf 79' lang='lat' dir='ltr'><strong>utilitatis</strong></span> <span class='ocrx_word' id='word_1_173' title='bbox 807 2812 937 2885; x_wconf 82' lang='lat' dir='ltr'><strong>habeat</strong></span> <span class='ocrx_word' id='word_1_174' title='bbox 966 2814 1171 2885; x_wconf 80' lang='lat' dir='ltr'><strong>fabricatrix</strong></span> 
     </span>
     <span class='ocr_line' id='line_1_23' title="bbox 121 2926 1171 3020; baseline -0.004 -18"><span class='ocrx_word' id='word_1_175' title='bbox 121 2931 185 3002; x_wconf 87' lang='lat' dir='ltr'><strong>illa</strong></span> <span class='ocrx_word' id='word_1_176' title='bbox 209 2951 327 2999; x_wconf 89' lang='lat' dir='ltr'><strong>rerum</strong></span> <span class='ocrx_word' id='word_1_177' title='bbox 352 2927 583 3020; x_wconf 82' lang='lat' dir='ltr'><strong>providentia,</strong></span> <span class='ocrx_word' id='word_1_178' title='bbox 608 2949 680 2996; x_wconf 91' lang='lat' dir='ltr'><strong>nou</strong></span> <span class='ocrx_word' id='word_1_179' title='bbox 703 2926 894 3019; x_wconf 87' lang='lat' dir='ltr'><strong>explicant.</strong></span> <span class='ocrx_word' id='word_1_180' title='bbox 946 2928 1171 2999; x_wconf 85' lang='lat' dir='ltr'><strong>Immortales</strong></span> 
     </span>
     <span class='ocr_line' id='line_1_24' title="bbox 123 3042 1172 3136; baseline -0.005 -18"><span class='ocrx_word' id='word_1_181' title='bbox 123 3069 202 3118; x_wconf 84' lang='lat' dir='ltr'><strong>esse</strong></span> <span class='ocrx_word' id='word_1_182' title='bbox 223 3046 359 3116; x_wconf 85' lang='lat' dir='ltr'><strong>animas</strong></span> <span class='ocrx_word' id='word_1_183' title='bbox 378 3045 474 3114; x_wconf 91' lang='lat' dir='ltr'><strong>idem</strong></span> <span class='ocrx_word' id='word_1_184' title='bbox 498 3042 603 3113; x_wconf 88' lang='lat' dir='ltr'><strong>Plato</strong></span> <span class='ocrx_word' id='word_1_185' title='bbox 628 3042 802 3114; x_wconf 85' lang='lat' dir='ltr'><strong>affirmat:</strong></span> <span class='ocrx_word' id='word_1_186' title='bbox 829 3047 974 3116; x_wconf 86' lang='lat' dir='ltr'><strong>sedeur</strong></span> <span class='ocrx_word' id='word_1_187' title='bbox 997 3054 1059 3114; x_wconf 90' lang='lat' dir='ltr'><strong>aut</strong></span> <span class='ocrx_word' id='word_1_188' title='bbox 1085 3067 1172 3136; x_wconf 91' lang='lat' dir='ltr'><strong>quo·</strong></span> 
     </span>
     <span class='ocr_line' id='line_1_25' title="bbox 122 3159 1171 3251; baseline -0.003 -18"><span class='ocrx_word' id='word_1_189' title='bbox 122 3161 243 3244; x_wconf 90' lang='lat' dir='ltr'><strong>modo,</strong></span> <span class='ocrx_word' id='word_1_190' title='bbox 269 3168 332 3230; x_wconf 90' lang='lat' dir='ltr'><strong>aut</strong></span> <span class='ocrx_word' id='word_1_191' title='bbox 361 3162 513 3251; x_wconf 90' lang='lat' dir='ltr'><strong>quando,</strong></span> <span class='ocrx_word' id='word_1_192' title='bbox 541 3168 605 3229; x_wconf 89' lang='lat' dir='ltr'><strong>aut</strong></span> <span class='ocrx_word' id='word_1_193' title='bbox 637 3181 702 3251; x_wconf 83' lang='lat' dir='ltr'><strong>per</strong></span> <span class='ocrx_word' id='word_1_194' title='bbox 730 3183 837 3251; x_wconf 90' lang='lat' dir='ltr'><strong>quem</strong></span> <span class='ocrx_word' id='word_1_195' title='bbox 866 3159 1171 3232; x_wconf 85' lang='lat' dir='ltr'><strong>immortalitatem</strong></span> 
     </span>
     <span class='ocr_line' id='line_1_26' title="bbox 123 3273 1172 3369; baseline -0.002 -22"><span class='ocrx_word' id='word_1_196' title='bbox 123 3285 364 3369; x_wconf 70' lang='lat' dir='ltr'><strong>oesequantun</strong></span> <span class='ocrx_word' id='word_1_197' title='bbox 402 3285 464 3346; x_wconf 89' lang='lat' dir='ltr'><strong>aut</strong></span> <span class='ocrx_word' id='word_1_198' title='bbox 502 3276 597 3368; x_wconf 91' lang='lat' dir='ltr'><strong>quod</strong></span> <span class='ocrx_word' id='word_1_199' title='bbox 633 3277 680 3345; x_wconf 91' lang='lat' dir='ltr'><strong>sit</strong></span> <span class='ocrx_word' id='word_1_200' title='bbox 718 3277 862 3348; x_wconf 92' lang='lat' dir='ltr'><strong>omnino</strong></span> <span class='ocrx_word' id='word_1_201' title='bbox 902 3285 1043 3348; x_wconf 87' lang='lat' dir='ltr'><strong>tantum</strong></span> <span class='ocrx_word' id='word_1_202' title='bbox 1083 3273 1172 3346; x_wconf 89' lang='lat' dir='ltr'><strong>illud</strong></span> 
     </span>
     <span class='ocr_line' id='line_1_27' title="bbox 123 3391 1174 3488; baseline -0.001 -23"><span class='ocrx_word' id='word_1_203' title='bbox 123 3395 343 3488; x_wconf 79' lang='lat' dir='ltr'><strong>mysterium,</strong></span> <span class='ocrx_word' id='word_1_204' title='bbox 367 3416 431 3464; x_wconf 91' lang='lat' dir='ltr'><strong>cur</strong></span> <span class='ocrx_word' id='word_1_205' title='bbox 450 3394 487 3475; x_wconf 87' lang='lat' dir='ltr'><strong>ii,</strong></span> <span class='ocrx_word' id='word_1_206' title='bbox 504 3394 563 3485; x_wconf 92' lang='lat' dir='ltr'><strong>qui</strong></span> <span class='ocrx_word' id='word_1_207' title='bbox 586 3399 670 3462; x_wconf 91' lang='lat' dir='ltr'><strong>sunt</strong></span> <span class='ocrx_word' id='word_1_208' title='bbox 690 3391 909 3463; x_wconf 86' lang='lat' dir='ltr'><strong>immortales</strong></span> <span class='ocrx_word' id='word_1_209' title='bbox 936 3394 1056 3476; x_wconf 82' lang='lat' dir='ltr'><strong>futuri,</strong></span> <span class='ocrx_word' id='word_1_210' title='bbox 1076 3394 1174 3486; x_wconf 89' lang='lat' dir='ltr'><strong>prius</strong></span> 
     </span>
     <span class='ocr_line' id='line_1_28' title="bbox 124 3508 1174 3602; baseline -0.002 -20"><span class='ocrx_word' id='word_1_211' title='bbox 124 3510 293 3582; x_wconf 83' lang='lat' dir='ltr'><strong>mortales</strong></span> <span class='ocrx_word' id='word_1_212' title='bbox 319 3518 516 3592; x_wconf 85' lang='lat' dir='ltr'><strong>nascantm,</strong></span> <span class='ocrx_word' id='word_1_213' title='bbox 540 3509 668 3579; x_wconf 89' lang='lat' dir='ltr'><strong>deinde</strong></span> <span class='ocrx_word' id='word_1_214' title='bbox 695 3508 843 3579; x_wconf 85' lang='lat' dir='ltr'><strong>decurso</strong></span> <span class='ocrx_word' id='word_1_215' title='bbox 866 3509 1069 3602; x_wconf 88' lang='lat' dir='ltr'><strong>temporalis</strong></span> <span class='ocrx_word' id='word_1_216' title='bbox 1091 3511 1174 3580; x_wconf 81' lang='lat' dir='ltr'><strong>vitae</strong></span> 
     </span>
     <span class='ocr_line' id='line_1_29' title="bbox 125 3623 1173 3721; baseline 0 -25"><span class='ocrx_word' id='word_1_217' title='bbox 125 3627 251 3721; x_wconf 88' lang='lat' dir='ltr'><strong>spatio,</strong></span> <span class='ocrx_word' id='word_1_218' title='bbox 285 3635 394 3718; x_wconf 87' lang='lat' dir='ltr'><strong>atque</strong></span> <span class='ocrx_word' id='word_1_219' title='bbox 424 3625 570 3715; x_wconf 88' lang='lat' dir='ltr'><strong>abjectis</strong></span> <span class='ocrx_word' id='word_1_220' title='bbox 599 3623 777 3717; x_wconf 81' lang='lat' dir='ltr'><strong>fragilium</strong></span> <span class='ocrx_word' id='word_1_221' title='bbox 811 3647 996 3717; x_wconf 87' lang='lat' dir='ltr'><strong>corporum</strong></span> <span class='ocrx_word' id='word_1_222' title='bbox 1026 3627 1173 3708; x_wconf 85' lang='lat' dir='ltr'><strong>exuviis,</strong></span> 
     </span>
     <span class='ocr_line' id='line_1_30' title="bbox 126 3740 1174 3822; baseline -0.004 -7"><span class='ocrx_word' id='word_1_223' title='bbox 126 3745 172 3815; x_wconf 83' lang='lat' dir='ltr'><strong>ad</strong></span> <span class='ocrx_word' id='word_1_224' title='bbox 197 3752 365 3813; x_wconf 77' lang='lat' dir='ltr'><strong>aternam</strong></span> <span class='ocrx_word' id='word_1_225' title='bbox 391 3741 491 3811; x_wconf 88' lang='lat' dir='ltr'><strong>illam</strong></span> <span class='ocrx_word' id='word_1_226' title='bbox 519 3740 778 3811; x_wconf 86' lang='lat' dir='ltr'><strong>beatitudinem</strong></span> <span class='ocrx_word' id='word_1_227' title='bbox 807 3740 1072 3822; x_wconf 85' lang='lat' dir='ltr'><strong>transferantur,</strong></span> <span class='ocrx_word' id='word_1_228' title='bbox 1102 3763 1174 3812; x_wconf 94' lang='lat' dir='ltr'><strong>non</strong></span> 
     </span>
     <span class='ocr_line' id='line_1_31' title="bbox 126 3855 1175 3952; baseline -0.004 -20"><span class='ocrx_word' id='word_1_229' title='bbox 126 3858 406 3952; x_wconf 87' lang='lat' dir='ltr'><strong>comprehendit.</strong></span> <span class='ocrx_word' id='word_1_230' title='bbox 457 3855 623 3948; x_wconf 90' lang='lat' dir='ltr'><strong>Denique</strong></span> <span class='ocrx_word' id='word_1_231' title='bbox 639 3877 706 3925; x_wconf 89' lang='lat' dir='ltr'><strong>nec</strong></span> <span class='ocrx_word' id='word_1_232' title='bbox 723 3855 898 3946; x_wconf 90' lang='lat' dir='ltr'><strong>judicium</strong></span> <span class='ocrx_word' id='word_1_233' title='bbox 918 3855 998 3938; x_wconf 90' lang='lat' dir='ltr'><strong>Dei,</strong></span> <span class='ocrx_word' id='word_1_234' title='bbox 1016 3879 1082 3927; x_wconf 87' lang='lat' dir='ltr'><strong>nec</strong></span> <span class='ocrx_word' id='word_1_235' title='bbox 1106 3857 1175 3929; x_wconf 90' lang='lat' dir='ltr'><strong>dis·</strong></span> 
     </span>
     <span class='ocr_line' id='line_1_32' title="bbox 128 3969 1174 4066; baseline -0.005 -18"><span class='ocrx_word' id='word_1_236' title='bbox 128 3978 262 4048; x_wconf 88' lang='lat' dir='ltr'><strong>crimen</strong></span> <span class='ocrx_word' id='word_1_237' title='bbox 273 3975 363 4066; x_wconf 87' lang='lat' dir='ltr'><strong>justi</strong></span> <span class='ocrx_word' id='word_1_238' title='bbox 380 3981 419 4044; x_wconf 93' lang='lat' dir='ltr'><strong>et</strong></span> <span class='ocrx_word' id='word_1_239' title='bbox 435 3973 557 4065; x_wconf 87' lang='lat' dir='ltr'><strong>injusti</strong></span> <span class='ocrx_word' id='word_1_240' title='bbox 574 3970 784 4063; x_wconf 82' lang='lat' dir='ltr'><strong>explicavit:</strong></span> <span class='ocrx_word' id='word_1_241' title='bbox 803 3971 864 4042; x_wconf 88' lang='lat' dir='ltr'><strong>sed</strong></span> <span class='ocrx_word' id='word_1_242' title='bbox 883 3969 1050 4065; x_wconf 21' lang='lat' dir='ltr'><strong>(sonrsed</strong></span> <span class='ocrx_word' id='word_1_243' title='bbox 1064 3995 1174 4064; x_wconf 90' lang='lat' dir='ltr'><strong>quum</strong></span> 
     </span>
     <span class='ocr_line' id='line_1_33' title="bbox 129 4087 1177 4186; baseline -0.002 -23"><span class='ocrx_word' id='word_1_244' title='bbox 129 4091 214 4184; x_wconf 76' lang='lat' dir='ltr'><strong>conj.</strong></span> <span class='ocrx_word' id='word_1_245' title='bbox 241 4089 406 4186; x_wconf 74' lang='lat' dir='ltr'><strong>Pscffius)</strong></span> <span class='ocrx_word' id='word_1_246' title='bbox 431 4090 575 4170; x_wconf 81' lang='lat' dir='ltr'><strong>animas,</strong></span> <span class='ocrx_word' id='word_1_247' title='bbox 601 4110 682 4179; x_wconf 85' lang='lat' dir='ltr'><strong>quae</strong></span> <span class='ocrx_word' id='word_1_248' title='bbox 712 4109 750 4156; x_wconf 90' lang='lat' dir='ltr'><strong>se</strong></span> <span class='ocrx_word' id='word_1_249' title='bbox 780 4087 970 4158; x_wconf 80' lang='lat' dir='ltr'><strong>sceleribus</strong></span> <span class='ocrx_word' id='word_1_250' title='bbox 996 4089 1177 4161; x_wconf 80' lang='lat' dir='ltr'><strong>immense·</strong></span> 
     </span>
     <span class='ocr_line' id='line_1_34' title="bbox 129 4202 1176 4295; baseline -0.002 -18"><span class='ocrx_word' id='word_1_251' title='bbox 129 4209 211 4287; x_wconf 88' lang='lat' dir='ltr'><strong>rint,</strong></span> <span class='ocrx_word' id='word_1_252' title='bbox 236 4206 408 4277; x_wconf 84' lang='lat' dir='ltr'><strong>hactenus</strong></span> <span class='ocrx_word' id='word_1_253' title='bbox 434 4202 658 4276; x_wconf 88' lang='lat' dir='ltr'><strong>condemnari</strong></span> <span class='ocrx_word' id='word_1_254' title='bbox 684 4203 834 4294; x_wconf 84' lang='lat' dir='ltr'><strong>putavit,</strong></span> <span class='ocrx_word' id='word_1_255' title='bbox 852 4211 893 4272; x_wconf 92' lang='lat' dir='ltr'><strong>ut</strong></span> <span class='ocrx_word' id='word_1_256' title='bbox 918 4204 955 4275; x_wconf 89' lang='lat' dir='ltr'><strong>in</strong></span> <span class='ocrx_word' id='word_1_257' title='bbox 981 4205 1176 4295; x_wconf 81' lang='lat' dir='ltr'><strong>pecudibus</strong></span> 
     </span>
    </p>
   </div>
   <div class='ocr_carea' id='block_1_3' title="bbox 0 0 1460 4817">
    <p class='ocr_par' dir='ltr' id='par_1_3' title="bbox 0 0 1460 4817">
     <span class='ocr_line' id='line_1_35' title="bbox 0 0 1460 4817; baseline 0 0"><span class='ocrx_word' id='word_1_258' title='bbox 0 0 1460 4817; x_wconf 95' lang='lat' dir='ltr'><strong> </strong></span> 
     </span>
    </p>
   </div>
  </div>
 </body>
</html>
