2867 4817
287 290 354 354 238
669 290 958 361 FIRMILIANI

288 464 434 535 nonem.
486 462 578 535 Cum
595 462 670 537 haec
686 472 773 537 tunc
789 466 914 558 utique
930 464 1125 557 proficiam,
1138 466 1281 557 quando
1297 475 1338 538 et

289 580 349 672 qui
375 580 533 673 baptizat
557 579 667 655 habet
692 580 866 674 Spiritum
888 580 1072 664 Sanctum,
1098 587 1136 652 et
1159 581 1340 674 baptisma

288 718 429 787 quoque
446 697 562 789 ipsum
578 719 647 767 non
666 698 712 767 sit
729 698 805 769 sine
823 696 959 789 Spiritu
976 699 1221 769 constitutum.
1260 697 1337 769 Sed

288 812 412 883 dicunt
443 835 526 882 eum
561 814 620 905 qui
655 814 973 905 quomodocunque
1006 814 1091 885 foris
1124 806 1336 908 baptizatur,

287 935 410 998 mente
427 936 465 999 et
482 928 641 1011 fidesua,
659 929 826 1021 baptismi
842 930 993 1023 gratiam
1019 930 1187 1022 consequi
1211 937 1366 1022 possets

288 1046 383 1137 quod
400 1052 438 1115 et
450 1045 567 1137 ipsum
584 1044 660 1117 sine
673 1044 783 1116 dubio
794 1044 983 1118 ridiculum
996 1056 1063 1129 est,
1073 1047 1172 1138 quasi
1185 1047 1231 1117 de
1243 1046 1337 1119 coeio

287 1161 462 1233 adducere
496 1160 541 1231 ed
575 1183 612 1233 se
646 1161 756 1253 possit
789 1170 853 1236 aut
885 1184 986 1233 mens
1018 1184 1127 1255 prava
1153 1164 1337 1255 justorum

287 1277 611 1359 sanctificationem,
624 1276 1122 1353 autfidesfalsocredentium
1135 1281 1336 1354 veritatem.

288 1393 374 1465 Non
392 1416 514 1463 omnes
539 1402 660 1463 autem
686 1394 747 1485 qui
772 1416 904 1465 nomen
924 1394 1055 1467 Christi
1078 1396 1255 1480 invocant,
1272 1419 1338 1467 au-

285 1511 363 1594 diri,
392 1500 429 1581 et
459 1510 719 1583 invocationem
745 1532 845 1586 suam
874 1508 967 1605 (fer.
997 1511 1220 1583 invocatione
1253 1516 1336 1606 sna)
1352 1534 1388 1573 ¹0

286 1626 453 1719 consequi
478 1626 611 1718 aliquid
640 1627 762 1719 gratiae
784 1649 896 1720 posse,
921 1625 1097 1698 Dominus
1121 1628 1196 1719 ipse
1221 1630 1338 1699 mani-

215 1760 266 1809 an.
286 1744 394 1815 festat
411 1743 531 1814 dicens
542 1766 550 1814 ε
563 1738 687 1815 ¹Multi
712 1742 845 1813 venient
862 1742 901 1813 in
918 1742 1055 1815 nomine
1072 1766 1144 1813 meo
1160 1742 1335 1823 cimus,-

142 1860 149 1875 ’
286 1882 346 1957 cpe
362 1882 438 1929 sum
457 1854 627 1941 Okrinon,
645 1866 676 1929 et
693 1856 816 1931 temtos
825 1855 978 1953 sallent:
1005 1858 1104 1930 nulla
1120 1861 1249 1952 quippo
1266 1860 1337 1931 dif-

285 1977 435 2047 ferentia
464 1983 519 2047 est
544 1976 638 2046 inter
671 1973 1015 2069 pseudoprophetam
1040 1983 1079 2045 et
1111 1974 1335 2055 haereticum.

287 2092 384 2163 Nam
413 2100 454 2162 nt
479 2090 541 2163 ille
569 2094 605 2162 in
627 2092 770 2165 nomine
787 2090 858 2161 Dei
880 2100 944 2165 aut
966 2089 1108 2173 Christi,
1126 2093 1179 2162 ita
1203 2094 1270 2163 iste
1294 2094 1336 2163 in
1350 2114 1386 2171 15

285 2217 504 2281 sacramento
547 2209 713 2300 baptismi
763 2207 866 2281 fodiit.
949 2206 1141 2279 Mendacio
1182 2217 1337 2303 uterque

285 2326 412 2398 nititur
436 2325 481 2395 ad
507 2324 731 2415 decipiendas
755 2323 941 2397 homiuum
963 2324 1175 2397 voluntates.

209 2456 214 2471 '
335 2442 446 2515 VIII.
457 2440 554 2513 Volo
567 2449 688 2512 autem
701 2440 802 2512 vobis
814 2448 852 2513 et
865 2440 910 2511 de
923 2440 1070 2515 historia
1079 2441 1091 2530 i
1093 2440 1172 2536 for.
1184 2440 1333 2523 adderzd.

119 2522 179 2571 ¹⁰¹¹·
209 2522 270 2635 'aa
284 2560 350 2651 rei)
368 2582 449 2650 qnae
466 2558 560 2651 apud
577 2580 641 2627 nos
660 2557 756 2628 facta
772 2563 837 2639 est,
855 2579 1034 2649 exponere
1055 2559 1101 2628 ad
1123 2557 1191 2628 hec
1213 2560 1333 2651 ipsum

119 2686 175 2767 mg,
244 2681 255 2759 ζ
284 2674 493 2767 pertinente.
541 2671 645 2743 ¹Ante
662 2673 788 2765 viginti
813 2673 908 2745 enim
932 2681 970 2743 et
996 2674 1085 2745 duos
1110 2674 1184 2746 fere
1208 2696 1333 2757 annos,
1346 2701 1385 2739 20

119 2782 204 2861 mm..
284 2788 502 2881 temporibus
529 2796 609 2881 post
640 2786 887 2859 Alexandrum
914 2787 1180 2880 Imperatorem,
1205 2789 1333 2861 mult&

284 2907 363 2975 istic
396 2902 674 2976 conflictationes
708 2912 747 2973 et
773 2926 941 2996 pressura
965 2906 1180 2988 aeciderunt,
1205 2904 1262 2975 vel
1292 2906 1333 2975 in

281 3043 471 3094 commune
490 3020 656 3091 omnibns
679 3019 892 3103 hominibus,
910 3020 966 3093 rel
991 3022 1157 3113 privatim
1182 3020 1334 3093 Christi-

282 3138 378 3220 anis;
404 3145 505 3207 terra
526 3137 635 3207 etiam
660 3144 780 3206 motus
799 3136 943 3230 plurimi
960 3144 998 3207 et
1015 3137 1219 3228 frequentes
1235 3139 1332 3207 exti-

283 3262 415 3334 tenmt,
432 3260 527 3321 utet
544 3274 608 3343 per
628 3251 888 3343 Cappadociam
905 3262 943 3323 et
959 3275 1024 3345 per
1041 3252 1198 3324 Pontum
1214 3252 1378 3340 multans

283 3370 503 3449 subruerent,
528 3368 693 3460 quaedam
718 3370 828 3443 etiam
857 3369 1019 3449 civitates
1047 3370 1084 3438 in
1113 3368 1330 3461 protundum

282 3493 443 3577 reoeptae,
461 3484 593 3576 dirupti
618 3482 683 3554 soli
708 3482 810 3557 hiatu
836 3486 1098 3567 devorarentur,
1119 3493 1160 3554 ut
1187 3506 1234 3554 ex
1259 3483 1330 3557 hoc

281 3600 480 3695 persecutio
508 3621 648 3691 quoque
680 3599 799 3692 gravis
831 3600 1018 3678 advenum
1047 3622 1111 3680 nes
1136 3598 1330 3678 Christiani

281 3717 433 3788 nominis
449 3716 561 3787 fieret.
592 3716 682 3801 Quae
697 3723 779 3807 post
796 3714 939 3811 longam
954 3725 1049 3789 retro
1067 3716 1185 3796 aetatis
1201 3738 1329 3808 pmern

281 3842 428 3925 repente
445 3832 579 3915 oberte,
597 3832 642 3903 de
660 3832 841 3923 inopinate
867 3839 905 3907 et
922 3832 1061 3907 moneto
1079 3829 1173 3901 malo
1188 3832 1235 3903 ad
1253 3841 1378 3911 tur-30

280 3950 437 4020 bandum
470 3946 642 4041 populum
676 3955 836 4020 nostrum
871 3947 1061 4023 terribilior
1097 3946 1227 4027 effecta
1260 3959 1327 4021 est.

282 4066 494 4137 Serenianus
510 4073 596 4135 tuno
612 4064 682 4135 suit
695 4064 733 4135 in
749 4072 871 4137 nostra
885 4064 1066 4155 provincia
1074 4086 1218 4155 praeses,
1230 4086 1329 4145 aner·

281 4180 347 4250 bus
363 4190 402 4250 et
418 4180 519 4250 dnus.
531 4188 744 4271 persecutor.
779 4180 824 4251 In
839 4179 907 4253 hac
923 4189 1045 4251 autern
1061 4180 1328 4270 perturbatione
