2867 4817
500 350 733 413 EPITOME.
1084 355 1144 416 331

83 520 243 591 neribus
269 524 480 616 extinguant
511 522 602 618 (sor.
634 526 849 619 extinguunt
877 523 1076 616 Haemoni,
1111 536 1149 595 et

86 639 177 728 ipsa
210 647 287 709 tota
321 638 541 732 philosophia
573 642 643 710 suis
679 663 717 710 se
751 643 856 711 armis
890 651 1076 712 consumat
1106 664 1148 711 ao

87 754 200 825 finiat
228 752 319 849 (sor.
345 757 521 825 consumit
546 778 588 826 ac
612 756 690 826 iinit
716 755 919 849 Haemon).
973 757 1025 828 At
1052 760 1148 827 enim

88 868 175 940 sola
191 869 334 963 physice
352 870 457 942 labat.
511 870 607 955 Quid
629 872 691 942 illa
712 872 876 943 moralis?
913 872 1014 941 Num
1032 872 1149 963 ulique

88 986 269 1056 firmitate
294 988 445 1058 subnixa
470 988 549 1057 esti
580 987 787 1070 Videamus,
815 1012 860 1059 sn
885 988 1084 1081 philosophi
1111 991 1148 1058 in

90 1100 165 1173 hac
192 1102 319 1173 saltem
345 1112 444 1197 parte
470 1104 703 1187 consentiant,
727 1130 806 1197 quae
833 1107 878 1175 sd
909 1108 990 1176 vitae
1016 1114 1148 1175 statum

91 1221 267 1310 pertinet.

459 1334 568 1405 CAP.
595 1334 788 1405 XXXIII.

150 1451 254 1535 Quod
282 1454 327 1521 sit
353 1454 388 1520 in
416 1453 488 1522 vite
513 1474 691 1522 summurn
715 1453 849 1522 bonum
876 1454 983 1544 quaeri
1006 1474 1149 1523 necesse

93 1576 175 1652 est3
200 1575 242 1637 ut
267 1568 311 1637 nd
336 1566 422 1637 illud
448 1569 520 1637 vite
542 1568 656 1637 omnis
679 1576 717 1636 et
740 1569 898 1637 actiones
915 1577 1042 1637 nostrae
1066 1569 1149 1638 diri-

94 1689 237 1776 gantur.
289 1682 381 1752 Cum
412 1683 457 1752 de
486 1682 637 1753 hominis
666 1706 806 1752 summo
841 1683 935 1751 bono
971 1684 1146 1773 (quaritur,

96 1798 171 1868 tale
201 1799 367 1869 constitui
403 1798 521 1882 debet,
552 1801 714 1891 primum,
743 1808 784 1868 ut
818 1798 853 1868 id
887 1800 931 1869 ad
965 1798 1145 1870 hominem

96 1914 214 1987 solum
254 1916 439 2007 pertineat,
481 1916 618 1997 deinde,
653 1924 694 1984 ut
728 1917 836 1985 animi
871 1916 917 1986 sit
956 1918 1145 2009 proprium,

96 2041 287 2124 postremo,
305 2040 346 2103 ut
369 2034 501 2102 virtute
525 2042 712 2124 quaeratur.
767 2031 963 2105 Videamus
986 2056 1080 2126 ergo,
1101 2058 1145 2103 sn

96 2172 277 2219 summum
293 2150 443 2231 honum,
462 2150 555 2241 quod
582 2145 779 2242 philosophi
804 2148 1052 2230 determinant,
1074 2149 1145 2219 tale

97 2266 156 2346 sit,
173 2276 214 2336 ut
233 2288 300 2335 nee
325 2272 466 2335 mutum
491 2265 631 2346 animal,
655 2289 722 2335 nec
743 2288 870 2357 corpus
892 2268 1055 2359 attingat
1079 2288 1145 2335 neo

98 2379 208 2470 possit
235 2379 311 2449 sine
332 2379 463 2447 virtute
486 2380 656 2469 conquiri.
707 2379 922 2470 Aristippus,
945 2378 1145 2471 Cyrenaicae

97 2504 203 2565 sectae
232 2494 402 2575 eonditor,
432 2496 492 2584 qui
523 2516 701 2564 summum
732 2495 864 2563 bonum
901 2518 978 2563 esse
1007 2497 1145 2566 censuit

98 2612 251 2702 corporis
275 2610 504 2703 voluptatem,
522 2611 567 2679 de
591 2632 738 2680 numero
762 2610 1060 2702 philosophorum,
1085 2614 1145 2681 ‹le-

96 2750 168 2819 qne
185 2736 279 2796 coetu
303 2726 485 2795 hominum
508 2725 756 2818 propellendus
778 2736 843 2808 est,
861 2728 944 2817 quia
961 2748 999 2795 se
1017 2728 1142 2817 pecudi

98 2844 322 2936 comparavit.
376 2840 584 2934 HIeronymi
610 2864 788 2913 summum
816 2843 950 2912 bonum
976 2844 1142 2913 estnihil

99 2961 226 3043 dolere,
258 2958 415 3039 Diodori,
442 2957 562 3028 dolere
587 2959 757 3029 desinere.
809 2958 881 3029 Sed
908 2968 1045 3029 oaeterae
1070 2964 1143 3030 sni-

99 3086 235 3146 mnntes
260 3073 417 3145 dolorem
444 3074 594 3167 fugiunt,
626 3086 672 3155 et,
703 3096 785 3143 cnm
815 3098 886 3144 non
918 3074 1051 3157 dolent,
1080 3086 1142 3145 aut

100 3192 217 3264 dolere
234 3191 409 3272 desinunt,
427 3192 594 3283 gaudent.
646 3190 741 3274 Quid
765 3192 875 3284 igitur
893 3192 1026 3262 homini
1046 3193 1143 3262 dabi-

99 3322 157 3381 tur
191 3308 371 3389 eximium,
402 3308 431 3377 si
468 3308 599 3376 bonum
630 3307 705 3398 ejus
735 3330 923 3389 summum,
955 3331 1142 3378 commune

100 3449 179 3497 cum
204 3424 331 3495 belluis
355 3423 559 3514 judicatur?
585 3422 685 3492 Zeno
711 3445 890 3493 summum
916 3425 1048 3494 bonum
1078 3449 1143 3516 pu-

101 3545 196 3626 tavit,
223 3564 304 3612 cum
329 3548 455 3610 natura
478 3547 712 3631 congruenter
735 3540 862 3609 vivere.
906 3539 959 3609 At
981 3540 1056 3611 haec
1082 3541 1142 3610 de-

102 3664 209 3733 finitio
234 3658 408 3754 generalis
434 3666 497 3729 est.
551 3656 685 3727 Omnes
710 3657 806 3724 enim
836 3658 1033 3727 animantes
1060 3682 1141 3725 oum

101 3789 222 3850 natura
238 3782 474 3869 congruenter
490 3774 623 3854 vivunt,
642 3780 679 3841 et
696 3781 751 3842 est
774 3794 836 3842 sue
859 3773 988 3864 cuique
1006 3780 1141 3843 nature.

104 3894 271 3985 Epicurus
296 3892 404 3961 enimi
429 3891 576 3961 asseruit
603 3888 834 3980 voluptatem.
878 3888 973 3972 Quid
1001 3899 1056 3959 est
1083 3914 1142 3959 vo-

103 4009 214 4101 luptas
236 4008 353 4089 animi,
369 4006 437 4076 nisi
460 4006 731 4100 gaudiumque
756 4005 963 4097 plerumque
986 4004 1142 4075 luxuriat

102 4127 243 4206 enimus,
274 4146 314 4193 no
341 4122 518 4194 relaxetur
546 4122 601 4191 vei
629 4123 672 4191 ed
705 4121 821 4191 lusum
848 4122 904 4192 vei
934 4124 978 4193 ad
1009 4124 1141 4192 risum?

104 4242 168 4311 Sed
198 4242 266 4312 hoc
301 4242 433 4311 honum
461 4242 568 4309 etiam
596 4247 698 4308 muta
728 4240 912 4332 contingit,
943 4263 1029 4331 quae,
1060 4262 1142 4307 oum

148 4376 210 4417 VOL.
223 4377 257 4419 11.
596 4374 615 4413 U
633 4372 653 4413 u
