2867 4817
278 307 321 369 10
504 302 832 369 S.POLYcARP1
857 299 1097 367 EPISTOLA

276 479 354 582 ρίου
391 478 492 577 ἡμῶν
529 474 808 579 ἐκλελεγμένον·
850 476 910 555 καὶ
946 472 1001 555 ότι
1036 474 1059 573 ἦ
1096 472 1228 569 βεβαία
1263 473 1334 569 τῆς

277 605 434 690 πίστεως
453 607 551 705 ύμῶν
568 605 656 709 ῥίζα,
670 604 715 711 ἐξ
730 604 889 709 ἀρχαίων
907 597 1225 703 καταγγελλομένη
1243 596 1334 703 χρό-

281 769 362 831 νων,
380 732 485 838 μέχρι
510 740 573 814 νῦν
598 734 760 833 διαμένει,
779 734 839 813 καὶ
859 734 1084 835 καρποφορεῖ
1097 734 1146 812 εἰς
1163 726 1227 805 τὸν
1248 722 1332 805 Κύ-

279 897 357 967 ριον
384 864 485 963 ἡμῶν
500 864 645 962 Ἰησοῦν
663 858 839 965 Χριστόν,
867 856 906 943 ῦς
934 856 1115 955 ὑπέμεινεν
1143 852 1231 958 ὑπὲρ
1257 860 1336 933 τῶν

119 1004 209 1055 Act-ii·
225 1016 264 1065 ²4·
281 992 464 1095 ἁμαρτιῶν
487 989 588 1089 ἡμῶν
611 988 676 1073 ἕως
700 987 856 1069 θανάτου
878 990 1111 1085 καταντῆσαι·
1134 980 1176 1063 δν
1191 982 1369 1085 ἤγειρενὸ

121 1150 198 1200 ινα
211 1120 302 1199 tui
331 1114 425 1202 Θεδς
455 1116 574 1201 λύσας
606 1114 670 1199 τάς
698 1120 825 1199 ὠδῖνας
854 1122 918 1195 τοῦ
945 1112 1045 1221 ᾆδον.
1105 1117 1170 1195 Eis
1199 1108 1241 1190 δν
1267 1111 1338 1189 οῦκ

282 1245 414 1329 ἰδόντες
440 1243 635 1342 πιστεύετε,
659 1244 887 1328 πιστεύοντες
913 1241 953 1323 δὲ
979 1242 1210 1342 ἀγαλλιᾶσθε
1236 1243 1339 1344 χαρᾷ

282 1372 516 1481 ἀνεκλαλήτῳ
544 1378 602 1453 καὶ
627 1372 884 1481 δεδοξασμένῃ·
914 1377 963 1455 είς
988 1368 1033 1469 ἣν
1052 1368 1189 1449 πολλοὶ
1205 1368 1332 1445 ε’πιθυ-

119 1524 207 1589 uptm
218 1525 274 1575 its.
282 1508 415 1601 μοῦσιν
432 1506 617 1599 εἰσελθεῖν,
637 1499 766 1585 εἰδότες
784 1501 839 1581 ότι
855 1498 978 1605 χάριτί
992 1500 1077 1577 ε’στε
1094 1494 1337 1593 σεσωσμένοι,

120 1604 144 1655 9’
284 1632 347 1711 ούκ
389 1628 434 1735 ἐξ
468 1629 595 1733 ἔργων,
628 1628 729 1708 ἀλλά
765 1627 941 1729 θελήματι
977 1634 1085 1725 Θεοῦ,
1121 1624 1180 1705 διά
1210 1626 1339 1724 Ἰησοῦ
1355 1656 1393 1696 ιο

284 1763 459 1860 Χριστοῦ.

123 1902 276 1963 resuta.
340 1882 391 1978 β.
414 1881 484 1963 Διὸ
509 1880 775 1986 ἀναζωσάμενοι
796 1884 860 1970 τάκ·
886 1884 1030 1991 ὀσφύας
1058 1885 1157 1982 ὑμῶν
1183 1881 1335 1962 δουλεύ-

121 2042 196 2093 rsit
208 2056 246 2091 11·
286 2046 377 2092 σατε
399 2018 450 2119 τῷ
468 2018 552 2121 Θεῷ
576 2015 614 2093 ἐν
632 2009 740 2121 φόβῳ
758 2015 816 2092 καὶ
833 2014 995 2120 ἀληθείη,
1013 2008 1251 2095 ἀπολιπόντες
1267 2008 1341 2111 τὴν

124 2123 390 2240 ιςιιι.ιι.κενὴν
417 2141 688 2242 ματαιολογίαν,
716 2146 775 2221 καὶ
802 2138 870 2241 τὴν
897 2147 970 2221 τῶν
1000 2146 1151 2220 πολλῶν
1179 2134 1341 2237 πλάνην,

285 2266 543 2353 πιστεύσαντες
561 2274 611 2354 είς
628 2268 692 2349 τὸν
709 2270 894 2373 ἐγείραντα
911 2266 975 2348 τὸν
995 2267 1129 2371 Κύρων
1146 2265 1248 2366 ἡμων
1264 2268 1392 2367 'Iu-15

286 2404 379 2475 σοῦν
396 2395 560 2500 Χριστὸν
585 2398 623 2477 ἐκ
649 2404 795 2500 νεκρῶν,
817 2400 876 2477 καὶ
900 2394 1009 2476 δόντα
1033 2396 1129 2502 αύτῷ
1148 2392 1260 2500 δόξαν
1277 2397 1341 2474 καὶ

125 2538 266 2655 {fluuii
288 2522 417 2627 θρόνον
442 2525 481 2604 ἐκ
507 2525 633 2629 δεξιῶν
657 2526 777 2604 αὐτοῦ·
800 2520 831 2633 ᾧ
849 2522 1007 2627 ὑπετάγη
1026 2522 1072 2604 τά
1088 2521 1208 2604 πάντα
1226 2525 1338 2603 ε’που-

160 2642 167 2657 ’
286 2652 392 2757 ράνια
405 2654 463 2733 καὶ
475 2654 623 2755 ἐπίγεια·
644 2649 674 2761 ᾦ
685 2659 792 2733 πᾶσα
807 2648 900 2751 πνοὴ
919 2649 1114 2755 ’λατρεύει
1136 2648 1175 2733 ῦς
1198 2650 1343 2755 ἔρχεται

289 2812 350 2872 veri
372 2813 462 2891 regni.
484 2832 536 2891 per
556 2813 715 2871 Dominum
739 2834 792 2871 no.
834 2816 906 2880 estis,
929 2831 983 2869 aaa
1015 2832 1049 2869 es
1070 2813 1204 2887 operibus,
1234 2811 1342 2871 sedin

290 2892 792 2972 strumJesumChristum.thuis
834 2893 986 2952 voluntate
1032 2893 1099 2961 Dei,
1140 2912 1191 2972 per
1233 2892 1341 2952 quum

291 2974 412 3033 firmitas
427 2974 495 3032 fidei
505 2986 634 3033 vestr-sea
649 2976 793 3055 principio
836 2974 995 3032 Christum.

292 3074 384 3131 usque
398 3075 476 3113 nunc
496 3067 655 3133 permanet.
671 3067 701 3113 et
715 3056 795 3114 sruc-
878 3055 921 3113 11.
943 3052 1089 3129 ‘Propter
1112 3058 1184 3131 quad
1207 3058 1343 3114 succincti

292 3136 384 3194 tifiaat
394 3136 425 3193 in
435 3136 563 3193 Domino
577 3136 650 3195 Jeuu
665 3135 793 3206 Christo,
838 3138 942 3195 tumbas
955 3144 1057 3194 vestros
1064 3141 1163 3195 servite
1176 3138 1266 3195 tDea
1276 3157 1342 3195 cum

292 3216 342 3293 qui
365 3216 505 3274 sustinuit
524 3236 577 3294 pro
596 3216 722 3295 pcccatis
743 3237 795 3273 no.
838 3222 934 3276 timore
953 3229 984 3277 et
1005 3218 1195 3276 inveritate:
1218 3218 1342 3278 dimisso

292 3296 360 3354 stris
375 3315 467 3373 usque
482 3296 519 3353 sd
533 3297 688 3356 mortemt:
704 3308 794 3373 ‘quem
837 3299 915 3357 inani
936 3297 1104 3375 vaniloquio
1124 3310 1155 3357 et
1176 3298 1270 3357 multo
1292 3319 1342 3357 er.

293 3379 463 3435 resuscitavit
480 3378 567 3445 Deus,
582 3381 728 3437 dissolvens
742 3382 790 3435 da·
838 3400 912 3438 rore.
928 3377 943 3424 ¹¹
953 3382 1061 3437 Credite
1074 3400 1144 3457 ergo
1158 3384 1187 3437 ia
1201 3381 1278 3437 lituus
1291 3385 1344 3457 qui

295 3461 365 3517 iores
379 3458 488 3533 inserui.
517 3456 625 3525 donem
641 3480 723 3536 quum
738 3480 792 3518 noa
836 3464 1005 3519 resuscitavit
1035 3462 1187 3519 Dominum
1214 3470 1343 3519 nastrum

293 3542 425 3606 videritis,
437 3559 509 3597 nuuc
522 3543 654 3615 diligitis3
670 3546 697 3599 iu
714 3561 792 3617 quem
835 3543 931 3600 desum
954 3544 1090 3599 Christum
1113 3562 1146 3599 ec
1166 3546 1289 3611 rrsartuis,
1314 3551 1343 3600 et

293 3640 365 3679 nuuc
393 3640 447 3678 nou
471 3624 639 3697 aspicientes,
661 3626 791 3680 creditis:
837 3626 912 3681 dedit
939 3627 965 3681 ei
991 3626 1110 3699 gloriam
1134 3635 1165 3682 et
1187 3622 1286 3682 sedem
1308 3624 1342 3682 ia

293 3706 432 3761 credentes
445 3712 535 3760 autem
550 3706 705 3778 gaudebitis
721 3723 793 3778 gau·
837 3704 959 3763 dexteru
972 3724 1043 3774 sus3
1063 3704 1110 3763 cui
1125 3704 1255 3782 subjecta
1269 3716 1343 3763 eunt

292 3788 338 3841 dio
353 3786 751 3863 iueuanabitietglarificato:
767 3787 795 3842 ia
838 3786 936 3844 omniu
963 3784 1100 3855 eoelestia,
1121 3796 1153 3843 et
1180 3786 1342 3856 terrestria,

294 3868 366 3942 quod
393 3868 475 3923 uuiti
495 3869 650 3924 desiderant
671 3870 794 3931 introire,
836 3878 867 3926 et
885 3866 1073 3926 subterranea
1083 3888 1092 3935 ;
1109 3867 1155 3924 cui
1171 3866 1266 3925 omnis
1279 3867 1345 3945 spi.

293 3947 419 4007 scientes
434 3947 504 4024 quis
515 3952 609 4023 gratia
621 3948 795 4025 esaluisacti
836 3948 911 4006 ritus
931 3948 1021 4006 servit
1030 3968 1040 4017 ;
1061 3947 1112 4025 qui
1132 3958 1275 4007 venturus
1295 3960 1345 4008 est

718 4068 922 4117 Estiuitbieds't.

326 4148 537 4213 thimasius.
603 4150 854 4214 badaupemntre.
932 4150 1099 4212 eumden.
1167 4150 1345 4203 creatu.

292 4215 478 4280 QEphmitAE.
545 4216 675 4266 street.
690 4232 726 4277 13.
793 4216 970 4265 ‘Pusiiitn
1039 4215 1218 4265 ιῐΡος.ἰ.τι.
