2867 4817
277 372 343 439 DE
365 372 525 439 OPERE
548 372 614 437 ΕΤ
636 370 987 438 ELEEMOSYNIS.
1092 372 1159 441 809

100 570 185 619 vere
202 548 299 619 filios
323 556 406 619 tuos
427 548 553 643 diligis,
576 548 606 620 si
627 548 678 619 eis
698 546 848 619 exhibes
868 546 1012 641 plenam
1033 555 1073 618 et
1097 568 1158 640 pa-

98 674 246 737 ternum
267 665 493 737 dulcedinem
516 666 683 749 dentatis,
701 666 837 759 operari
858 666 972 759 magis
989 663 1096 734 debes
1115 668 1159 732 ut

96 780 194 853 filios
222 791 305 853 tuos
331 782 410 853 Deo
429 784 530 875 justa
554 783 759 877 operatione
788 781 1025 853 commendes.
1077 777 1159 849 Neo

96 920 187 969 eum
214 898 336 969 liberis
361 900 432 970 tuis
456 900 590 993 cogites
612 908 751 994 patrem
774 900 835 992 qui
862 905 900 969 et
926 896 1160 991 temporarius

71 1023 136 1097 set
153 1016 322 1086 infirmus
340 1024 403 1099 est,
422 1016 484 1086 sed
500 1015 603 1087 illum
619 1039 721 1110 pares
738 1017 799 1109 qui
816 1024 971 1087 aeternus
983 1023 1021 1085 et
1036 1014 1160 1083 firmus

95 1132 261 1203 liliorum
291 1131 502 1226 spiritalium
533 1132 641 1204 Pater
669 1142 735 1205 est.
785 1132 846 1204 Illi
879 1133 1018 1227 assigna
1048 1128 1161 1201 facul-

95 1258 201 1320 tates
231 1256 312 1320 tuas
342 1271 428 1340 quas
461 1249 658 1321 heredibus
688 1272 815 1321 servas.
866 1248 935 1320 Ille
964 1250 1011 1319 sit
1040 1246 1160 1318 liberis

98 1367 177 1437 tuis
195 1374 307 1450 tutor,
325 1366 386 1437 ille
403 1374 553 1451 eurator,
569 1366 632 1437 ille
649 1375 773 1438 eontra
789 1388 912 1437 omnes
933 1366 1079 1458 injurias
1095 1386 1161 1435 sae-

98 1482 246 1554 eulares
282 1484 400 1553 divina
433 1484 620 1576 majestate
659 1490 849 1577 protector.
901 1480 1160 1551 Patrimonium

56 1598 189 1672 ¹0Deo
220 1601 397 1671 creditum
423 1622 490 1671 nee
517 1600 715 1694 respublica
740 1602 855 1693 eripit,
880 1620 948 1670 nee
976 1599 1082 1669 lisous
1108 1598 1162 1667 in·

101 1718 218 1800 vadit,
241 1739 308 1787 neo
331 1716 508 1788 oalumnia
530 1716 648 1811 aliqua
670 1718 817 1789 forensia
834 1718 973 1787 evertit.
1016 1713 1061 1784 In
1080 1721 1162 1785 tuto

100 1833 300 1905 haereditas
316 1836 461 1927 ponitur
482 1856 563 1926 quae
587 1834 667 1906 Deo
688 1835 836 1905 eristode
857 1841 1026 1905 serratim.
1077 1829 1161 1902 Hoo

103 1960 162 2021 est
187 1952 280 2022 ceris
301 1951 506 2045 pignoribus
528 1953 566 2022 in
591 1959 774 2045 posterum
795 1952 989 2046 providere,
1012 1946 1080 2019 hoo
1106 1956 1161 2019 est

102 2066 240 2139 futuris
269 2066 469 2138 haeredibus
498 2076 645 2161 paterna
669 2070 805 2162 pietate
828 2066 1012 2138 consulere
1036 2088 1161 2136 seeum-

61 2197 92 2257 15
103 2184 197 2255 dnm
214 2184 323 2255 fidem
340 2186 523 2279 scripturae
540 2194 673 2256 sanetae
691 2186 860 2256 dicentis:
886 2181 1021 2255 Juoior
1033 2180 1110 2280 fui,
1127 2190 1208 2256 etri.
1220 2207 1304 2255 mvi.

103 2301 218 2384 sormi,
249 2309 282 2372 et
309 2324 379 2372 raon
414 2300 489 2373 uidi
507 2301 643 2395 pletum
677 2300 884 2385 derelictum,
912 2324 1019 2396 neque
1047 2322 1159 2371 aemon

104 2418 179 2511 epiro
204 2442 303 2516 aperte
321 2442 423 2513 pune.
479 2418 566 2491 Toto
592 2419 649 2491 die
676 2420 858 2491 miseretur
886 2427 918 2490 et
935 2415 1101 2515 funerat,
1128 2424 1161 2488 et

105 2559 223 2608 semen
245 2536 317 2629 ejus
339 2536 378 2607 io
400 2534 629 2609 benedictione
651 2544 709 2609 est.
755 2536 805 2608 Et
826 2538 966 2619 iterum,
991 2533 1062 2624 Qui
1078 2555 1289 2606 eororam.

103 2660 267 2723 versatur
302 2652 377 2724 aine
411 2653 659 2749 uituperatione
693 2654 733 2724 io
756 2651 907 2745 statilio,
941 2648 1052 2722 beator
1079 2658 1160 2745 post

63 2766 253 2865 rosefilios
269 2767 446 2865 relinquet.

160 2885 252 2958 XV.
271 2885 521 2958 Prmverioator
536 2888 657 2979 itaque
674 2895 711 2959 et
728 2888 888 2981 proditor
907 2893 1009 2979 pater
1028 2906 1077 2968 es,
1094 2883 1161 2955 nisi

108 3002 193 3075 liliis
213 3004 287 3073 tuis
306 3003 461 3074 fideliter
480 3004 652 3090 consulas,
673 3006 740 3076 nisi
762 3002 1009 3076 conservandis
1032 3002 1083 3073 eis
1105 3024 1162 3072 re-

108 3118 237 3214 ligiosa
262 3128 300 3190 et
325 3143 408 3191 vera
431 3121 565 3214 pietate
590 3122 790 3216 prospicias.
841 3118 913 3205 Qui
941 3119 1062 3190 studes
1090 3126 1162 3189 ter·

107 3259 197 3307 reno
214 3238 328 3330 magis
350 3260 456 3330 quam
479 3238 613 3310 coelesti
636 3238 859 3333 patrimonio,
877 3236 968 3308 filios
990 3246 1072 3308 tuos
1089 3237 1162 3308 dia·

65 3353 195 3434 ²5bolo
231 3355 344 3449 magis
373 3358 621 3428 commendare
650 3379 757 3450 quam
787 3355 939 3438 Christo,
964 3354 1019 3427 bis
1049 3354 1162 3425 delin-

109 3473 211 3564 quis;
246 3478 284 3543 et
312 3474 495 3567 geminum
523 3496 566 3544 ao
596 3474 728 3568 duplex
757 3474 891 3544 crimen
920 3472 1089 3555 admittis,
1123 3478 1163 3543 et

111 3589 208 3681 quod
233 3612 304 3659 non
329 3612 506 3683 praeparas
529 3589 610 3662 filiis
635 3592 707 3662 tuis
733 3589 804 3662 Dei
834 3589 950 3663 Patris
978 3590 1161 3673 auxilium,

111 3712 151 3775 et
167 3705 264 3797 quod
289 3706 395 3779 doces
421 3705 511 3779 filios
535 3708 788 3802 patrimonium
809 3706 889 3802 plus
911 3730 1030 3779 amare
1055 3731 1162 3800 quam

112 3820 306 3892 Christum.
359 3822 447 3894 Esto
465 3826 583 3917 potius
600 3823 718 3895 liberis
735 3825 807 3896 tuis
827 3832 928 3919 pater
945 3824 1028 3895 talis
1049 3822 1163 3916 qualis

67 3936 242 4015 30'l'obias
260 3940 393 4011 extitit.
445 3940 502 4012 Da
523 3940 625 4012 utilia
647 3949 685 4012 et
706 3941 873 4013 salutaria
892 3948 1071 4035 praeeepta
1086 3941 1164 4035 pig·

113 4054 258 4126 noribus
275 4055 393 4148 qualia
408 4054 470 4127 ille
488 4056 561 4128 lilio
582 4058 702 4142 dedit;
727 4060 858 4130 manda
876 4058 959 4130 filiis
979 4058 1051 4129 tuis
1067 4056 1162 4149 quod

113 4182 152 4242 et
175 4171 239 4243 ille
265 4172 339 4244 lilio
363 4175 554 4259 mandavit,
580 4174 723 4248 dicens:
753 4174 803 4248 Et
826 4200 927 4261 nunc,
938 4172 1010 4272 fili,
1035 4174 1277 4251 mameae.

113 4286 187 4372 tihi,
208 4288 299 4360 soni
318 4288 396 4362 Deo
417 4290 457 4362 io
477 4290 627 4374 veritate,
645 4300 677 4363 et
686 4289 756 4389 fao
777 4314 893 4363 coram
914 4290 975 4365 illo
995 4292 1087 4388 pared
1107 4288 1163 4364 illi
