2867 4817
271 306 336 373 298
650 306 683 366 S.
707 302 946 367 CYPRIANI

271 480 359 549 iram
395 477 464 549 Dei
498 502 600 572 posse
633 478 755 561 lenire,
785 479 823 549 in
852 479 1041 549 novissima
1071 487 1192 549 tamen
1221 486 1328 572 parte

269 595 517 667 demonstrans
542 593 625 665 solis
651 593 884 688 eleemosynis
908 594 1028 664 Deum
1054 615 1158 687 posse
1182 592 1330 687 placari,

111 716 238 767 tutlviit.
273 711 409 783 addidit
442 712 582 782 dicens:
626 707 769 808 Fronpe
798 710 964 782 esurienti
990 734 1119 805 ponem
1152 719 1260 795 tnnm,
1294 720 1329 783 et

273 850 392 925 epenos
421 827 496 898 sicce
528 835 612 899 tecto
646 826 753 898 indnc
787 828 826 898 in
859 824 998 897 domant
1032 835 1136 898 tnom.
1197 826 1243 901 Si
1276 827 1331 899 oi·

274 943 368 1015 denis
391 944 530 1029 ondam,
548 944 632 1016 ocati
657 968 744 1028 mm,
762 953 794 1015 ct
810 944 1009 1016 domesticos
1028 944 1170 1015 seminis
1187 944 1241 1015 tni
1256 964 1358 1027 nons

275 1059 454 1155 despicias.
509 1059 607 1145 Tenc
630 1070 782 1155 erumpet
806 1070 1060 1156 temporaneum
1082 1058 1197 1131 iumen
1220 1068 1330 1143 tunm,

254 1185 308 1278 =et
329 1179 525 1249 vestimento
548 1186 607 1249 tna
631 1178 698 1249 cito
719 1178 886 1260 onientnn,
903 1185 936 1249 ct
951 1174 1093 1271 pnoeibit
1109 1184 1189 1247 onte
1205 1184 1236 1247 te
1248 1176 1331 1269 jua-

277 1294 365 1377 titia
392 1304 425 1365 et
445 1293 585 1367 clariter
608 1292 680 1365 Dei
702 1292 927 1365 circumdabit
947 1302 989 1365 te.
1037 1290 1136 1364 Tunc
1157 1292 1331 1365 cnciomo-

276 1409 337 1495 bis,
355 1420 387 1483 et
403 1409 500 1483 Dens
518 1410 678 1483 enondiet
699 1420 741 1483 te.
793 1409 890 1481 Dum
907 1407 1020 1481 oddae
1042 1408 1192 1505 loqueris
1214 1410 1329 1483 dicet:

277 1526 368 1600 Eece
393 1527 523 1599 odsnm
576 1528 750 1599 Remedia
771 1528 994 1621 propitiando
1022 1526 1101 1597 Deo
1122 1528 1232 1620 ipsius
1259 1528 1330 1601 Dei
1343 1550 1387 1591 10

279 1647 395 1718 verbis
429 1646 512 1717 data
541 1653 644 1728 sunt3
678 1644 764 1736 quid
795 1643 967 1715 deberent
995 1644 1112 1715 faeere
1140 1654 1332 1737 peccantes

279 1764 483 1858 magisteria
499 1763 617 1833 divina
633 1763 841 1845 docuerunt,
855 1762 1118 1855 operationibus
1128 1762 1236 1854 justis
1249 1760 1332 1833 Deo

164 1906 188 1939 v·
236 1890 251 1937 '·
279 1879 450 1960 satisfie1i,
473 1878 724 1949 misericordiae
749 1878 885 1947 melitis
908 1885 1055 1971 peccata
1076 1878 1229 1971 purgari.
1281 1876 1333 1948 Et

279 1995 374 2088 apud
392 1994 620 2065 Salomonem
638 1993 809 2089 legimus:
838 1991 1011 2067 Concindc
1029 1990 1275 2088 eleemosynam
1292 1992 1333 2063 in

279 2108 381 2181 conde
391 2110 569 2205 pauperie,
586 2118 617 2181 et
640 2106 712 2180 doec
729 2132 799 2204 pro
816 2118 847 2180 te
870 2107 1025 2180 enorobit
1047 2106 1088 2179 ob
1111 2108 1207 2179 omni
1229 2106 1332 2181 molo.
1345 2132 1386 2191 ¹5

280 2228 330 2297 Et
352 2228 502 2298 iterum:
530 2224 601 2315 Qni
628 2224 762 2297 obturet
783 2248 884 2297 onnes
906 2250 950 2296 nc
972 2222 1094 2297 andini
1116 2223 1333 2309 imbecillam,

279 2354 311 2417 et
328 2344 401 2439 ipae
424 2342 591 2415 invocabit
607 2340 733 2426 Donni,
750 2352 782 2414 ct
804 2365 874 2414 non
897 2342 964 2413 ecit
980 2342 1042 2436 qni
1058 2341 1224 2415 mendici
1243 2366 1333 2415 enm

282 2459 412 2552 Neque
429 2462 526 2532 enim
542 2462 734 2555 promereri
746 2461 1023 2531 misericordiam
1036 2458 1182 2531 Domini
1199 2463 1334 2553 poterit

281 2580 341 2669 qui
358 2579 555 2649 misericors
578 2578 653 2670 ipse
676 2600 748 2647 non
770 2578 889 2659 fuerit,
906 2585 969 2647 aut
991 2577 1198 2669 impetrabit
1214 2577 1260 2647 de
1280 2577 1336 2647 di·

282 2695 364 2764 vina
378 2696 513 2788 pietate
535 2694 668 2785 aliquid
694 2694 733 2763 in
755 2692 918 2786 precibus
935 2694 995 2784 qui
1019 2694 1065 2764 ad
1086 2716 1229 2786 precem
1245 2716 1334 2788 pau-
1346 2715 1390 2756 το

282 2814 375 2905 peris
397 2834 468 2882 non
494 2810 601 2881 fuerit
625 2809 812 2881 humanus.
864 2809 970 2891 Quod
996 2809 1084 2880 item
1114 2811 1152 2880 in
1183 2809 1336 2883 Psalmis

194 2952 227 2985 ι·
284 2926 437 3022 Spiritus
464 2928 617 2999 Sanctus
640 2924 796 2998 declarat
821 2935 859 2997 et
884 2925 1011 3019 probat
1034 2926 1174 2997 dicens:
1201 2924 1336 3000 Booten

282 3044 344 3139 qni
364 3040 525 3140 intedipit
545 3058 648 3137 snper
668 3064 809 3140 epennn
830 3051 862 3113 et
876 3064 1076 3136 pauperen,
1098 3040 1137 3112 in
1159 3041 1217 3113 die
1241 3042 1337 3116 molo

282 3158 438 3231 liberabit
449 3182 525 3229 ecem
538 3156 723 3229 Dominio.
754 3158 916 3240 Quorum
928 3166 1185 3251 praceptorum
1196 3182 1337 3232 memor

284 3275 422 3358 Daniel,
452 3297 535 3346 cum
569 3297 632 3344 rex
662 3272 992 3345 Nabuchodonosor
1020 3275 1167 3346 adverso
1196 3279 1337 3350 somnio
1347 3295 1384 3357 25

283 3393 427 3463 territus
453 3399 633 3473 aestnaret,
658 3414 723 3484 pro
749 3392 950 3462 avertendis
977 3391 1080 3461 malis
1104 3392 1150 3462 ad
1178 3394 1337 3466 divinam

283 3532 388 3603 opem
415 3508 674 3603 impetrandam
701 3508 901 3579 remedium
922 3506 1023 3579 dedit
1044 3509 1184 3579 dicens:
1217 3508 1338 3608 Prop-

284 3634 385 3709 terea,
402 3649 476 3709 nen,
495 3622 677 3697 consilinm
699 3646 811 3694 menen
826 3621 963 3718 plezceot
979 3622 1052 3708 tibi,
1069 3634 1102 3695 et
1116 3635 1259 3719 peccato
1276 3636 1338 3699 teca

285 3740 503 3837 elecmosynis
529 3738 660 3811 redime
682 3748 714 3811 et
737 3738 926 3831 injustitias
954 3747 1031 3811 tnnc
1058 3741 1338 3815 miserationibus

280 3882 483 3955 pauperem,
513 3865 545 3928 et
569 3857 636 3927 erit
660 3853 759 3926 Dens
785 3879 932 3950 parcens
955 3857 1108 3950 peccetis
1134 3858 1215 3929 inis.
1267 3860 1386 3944 Cui30

286 3999 349 4047 rex
367 3998 438 4046 non
460 3973 707 4066 obtemperans
728 3974 875 4043 adversa
890 3995 968 4065 quae
991 3974 1127 4044 viderat
1148 3984 1186 4045 et
1207 3976 1340 4049 infesta

286 4112 471 4184 perpessus
497 4098 573 4160 est:
610 4112 691 4182 quae
717 4089 866 4159 evadere
892 4098 930 4159 et
956 4092 1069 4161 vitare
1097 4094 1283 4185 potuisset,
1308 4098 1338 4167 si

286 4214 432 4303 peccata
448 4228 511 4275 sua
527 4204 758 4298 eleemosynis
771 4206 987 4277 redemisset
1019 4207 1178 4301 Raphaiil
1195 4234 1338 4305 quoque
