2867 4817
195 339 413 407 CONCILII
439 333 1039 410 CONSTANTINOPOL.'UN1v.
1082 342 1148 412 893

92 517 154 593 καὶ
181 513 342 619 ταραχὰς
368 521 441 594 τῶν
469 510 717 617 εἱρηνευόντων
745 521 846 597 λαῶν
874 514 1147 618 κατασκευάζειν

91 645 362 747 ἐπιχειροῦιτες·
391 641 519 722 τούτου
546 643 660 724 ἕνεκεν
684 643 793 748 ἤρεσε
821 650 867 748 τῇ
896 642 983 752 ἁγίᾳ
1004 643 1146 753 συνόδῳ

91 778 168 851 τῶν
200 773 239 851 ἐν
272 766 655 851 Κωνσταυτινουπόλει
686 769 965 875 συνδραμόντων
994 770 1144 852 ἐπισκό-

91 933 186 996 πων,
213 896 264 998 μὴ
292 896 536 1004 ἀνεξετάστως
563 897 781 1000 προσίεσθαι
807 895 890 982 τοὺς
917 897 1146 1004 κατηγόρους,

61 1027 185 1128 5μηδέ
202 1032 318 1107 πᾶσιν
335 1025 532 1130 ἐπιτρέπειν
549 1024 614 1109 τὰς
631 1029 845 1130 κατηγορίας
862 1034 1043 1109 ποιεῖσθαι
1056 1029 1148 1109 κατὰ

91 1161 170 1235 τῶν
196 1151 475 1253 οἰκονομσόντων
492 1153 556 1238 τὰς
581 1156 786 1254 ἐκκλησίας,
804 1154 894 1256 μηδέ
916 1154 988 1255 μὴν
1009 1154 1148 1242 πάντας

91 1279 309 1360 ἀποκλείειν.
331 1281 415 1359 ἀλλ’
436 1285 466 1360 εἰ
482 1281 548 1379 μέν
564 1313 618 1364 τις
636 1282 767 1360 οἰκείαν
784 1279 864 1361 τινά
881 1281 1031 1389 μέμψιν,
1050 1285 1144 1362 τοῦτ’

92 1405 209 1506 ἐστιν,
227 1406 414 1508 ἰδιωτικὴν,
432 1407 677 1516 ἐπαγάγοιτῷ
696 1409 894 1519 ἐπισκόπιρ,
913 1413 961 1494 ὡς
977 1421 1148 1491 πλεονεκ-

92 1532 264 1636 τηθεὶς,ἢ
288 1533 386 1615 άλλό
411 1569 447 1614 τι
474 1533 574 1639 παρὰ
596 1534 640 1615 τὸ
668 1537 803 1616 δίκαιον
828 1539 913 1641 παρ’
942 1539 1051 1617 αὐτοῦ
1077 1573 1143 1619 πε·

44 1661 250 1746 ιοπονθιός·
290 1665 347 1742 ἐπὶ
375 1669 448 1742 τῶν
478 1661 647 1744 τοιούτων
678 1670 901 1768 κατηγοριῶν
935 1662 986 1764 μὴ
1020 1662 1143 1772 ἐξετά-

94 1788 230 1892 ζεσθαι,
248 1787 337 1890 μήτε
349 1787 549 1894 πρόσωπον
561 1799 625 1870 τοῦ
639 1789 852 1894 κατηγόρου,
870 1792 959 1892 μήτε
972 1789 1038 1891 τὴν
1056 1798 1144 1896 θρη-

94 1919 232 1999 σκείαν.
261 1915 331 2022 χρὴ
357 1915 430 2022 γάρ
456 1920 564 1998 παντὶ
594 1917 727 2027 τρόπῳ,
753 1916 796 1999 τό
824 1952 863 1998 τε
890 1921 1052 2004 συνειδὸς
1082 1929 1147 2001 τοῦ

94 2043 297 2127 ἐπισκόπου
323 2045 508 2150 ἐλεύθερον
538 2041 635 2141 εἶναι,
667 2047 727 2124 καὶ
760 2043 823 2125 τὸν
853 2048 1050 2127 ἀδικεῖσθαι
1081 2049 1143 2127 λε’·

96 2208 222 2276 γοντα,
241 2175 316 2258 οἵας
343 2171 389 2254 ἂν
413 2169 437 2280 ᾗ
464 2176 656 2279 θρησκείας
680 2179 754 2253 τῶν
778 2175 922 2254 δικαίων
944 2172 1145 2280 τυγχάνειν.

47 2307 129 2398 ι5εί
157 2299 195 2380 δέ
222 2300 522 2401 ἐκκλησιαστικὸν
549 2301 600 2402 εἴη
630 2298 672 2380 τὸ
705 2299 962 2409 ἐπιφερόμενον
983 2301 1149 2402 ἔγκλημα

95 2435 149 2536 τῷ
175 2429 371 2537 ἐπισκόπῳ,
398 2427 479 2510 τότε
507 2427 760 2530 δοκιμάζεσθαι
789 2428 859 2535 χρὴ
890 2436 964 2508 τῶν
994 2463 1149 2530 κατηγο-

94 2557 254 2662 ρούντων
291 2556 338 2637 τά
369 2557 561 2662 πρόσωπα·
601 2558 659 2639 ἵνα
690 2561 834 2657 πρῶτον
866 2555 931 2654 μέν
964 2562 1149 2660 αἱρετικοῖς

95 2685 148 2787 μὴ
173 2686 236 2792 ἐξῇ
263 2687 475 2789 κατηγορίας
494 2681 585 2765 κατὰ
612 2692 684 2765 τῶν
709 2684 915 2792 ὀρθοδόξων
939 2680 1147 2765 ἐπισκόπων

97 2811 187 2918 ι’τπέρ
211 2817 518 2914 ἐκκλησιαστικῶν
542 2810 767 2916 πραγμάτων
788 2818 980 2892 ποιεῖσθαι.
1012 2817 1144 2916 αἱρετι-

53 2985 90 3025 ιο
98 2941 180 3025 κούς
198 2940 236 3020 δέ
259 2941 422 3042 λέγομεν,
439 2937 521 3025 τούς
544 2975 583 3019 τε
607 2938 724 3021 πάλαι
744 2944 806 3040 τῆς
832 2939 1027 3040 ἐκκλησίας
1051 2943 1142 3021 ν’πο-

98 3195 171 3255 pace
185 3174 352 3252 degentium
367 3175 542 3254 populorum
556 3187 604 3235 tu.
644 3193 807 3254 personam,
822 3195 877 3233 nec
893 3174 1064 3253 religionem
1080 3195 1149 3234 exu-

99 3255 212 3314 multus
232 3257 376 3314 concitare
393 3268 547 3314 conantes:
570 3275 604 3314 ca
644 3255 759 3314 minari.
788 3255 916 3334 Oportet
929 3256 1007 3314 euim
1021 3256 1149 3334 episcopi

99 3337 136 3396 de
150 3355 236 3395 causa
250 3335 360 3416 placuit
374 3347 479 3395 sanctur
493 3336 604 3416 synodo
644 3336 850 3395 conscientiam
861 3357 923 3396 esse
937 3337 1071 3396 omuibus
1084 3356 1146 3394 mc·

99 3417 310 3498 episcoporum,
345 3417 394 3495 qui
435 3417 604 3476 Constanti.
645 3416 689 3475 dis
703 3417 834 3483 liberam,
849 3427 880 3476 et
894 3418 1023 3494 eumqui
1037 3417 1147 3476 sibiin-

99 3497 199 3578 nopoli
226 3507 432 3565 convenerunt,
461 3517 514 3556 uec
542 3499 604 3557 siue
642 3497 749 3574 jurium
765 3498 869 3555 factam
885 3497 1148 3574 essedicitcujus·

100 3577 231 3638 examine
268 3577 421 3636 admittere
456 3590 603 3637 accusato·
645 3597 770 3655 cumque
783 3577 987 3655 ritreligionis,
999 3577 1049 3653 jur
1062 3597 1148 3636 uuum

99 3679 165 3730 rcr;
190 3677 243 3717 nec
266 3659 410 3726 omuibus,
432 3679 531 3718 eorum
552 3659 603 3736 qui
644 3659 785 3717 obtinere.
824 3657 856 3715 Si
870 3669 968 3716 autem
987 3658 1026 3716 sit
1039 3659 1148 3716 crimen

100 3739 235 3800 ecclesias
254 3737 467 3807 administrant,
488 3759 602 3798 accusa·
644 3738 881 3804 ecclesiasticum,
910 3737 989 3816 quod
1013 3737 1149 3818 episcopo

99 3821 195 3879 tiones
214 3820 401 3898 permittere3
430 3841 484 3879 uec
503 3840 604 3879 omncs
645 3818 826 3884 intenditur;
855 3829 927 3877 tuuc
941 3819 1100 3877 examinari
1116 3841 1149 3877 ο-

101 3899 263 3960 excludcrc.
306 3899 364 3958 Sed
393 3902 416 3959 si
445 3900 510 3978 quis
537 3921 604 3980 pro.
646 3909 744 3978 portet
766 3919 903 3978 personas
930 3909 1148 3958 accusatorum:

101 3983 191 4062 priam
203 3981 320 4058 quidem
335 3981 491 4058 querelam,
505 3980 534 4039 id
551 3991 604 4048 est,
646 3989 680 4038 ut
703 3980 829 4058 primum
858 3979 975 4056 quidem
1007 3980 1150 4039 haereticis

100 4063 253 4142 privatam,
288 4061 421 4121 intendat
458 4063 603 4140 episcopo,
645 4081 704 4117 nou
730 4059 815 4118 liccat
839 4059 1016 4141 orthodoxos
1037 4061 1148 4139 episco-

102 4155 135 4202 ut
149 4161 313 4222 oppressus,
328 4141 374 4200 vel
388 4143 495 4219 injuria
509 4141 604 4219 aliqua
645 4161 698 4220 pos
719 4140 756 4199 de
776 4142 863 4199 rebus
884 4140 1085 4200 ecclesiasticis
1102 4161 1149 4200 ac·

101 4224 137 4282 ab
157 4223 221 4302 ipso
241 4222 379 4281 affectus:
408 4223 439 4280 in
462 4221 604 4300 ejusmodi
646 4239 757 4280 cusarc.
794 4221 957 4280 Hoercticoc
970 4221 1151 4281 autemdici.

101 4302 331 4364 accusationibus
355 4323 408 4362 uec
432 4303 605 4364 accusatoris
646 4321 722 4368 mus.
745 4301 849 4380 etqui
874 4302 945 4360 olim
968 4304 1006 4362 ab
1032 4302 1152 4362 ecclesia

691 4399 766 4473 'su
