2867 4817
290 306 355 372 886
538 306 773 371 FIRMIANI
799 306 1073 371 LACTANTII

290 482 406 575 quisti,
425 504 463 551 re
482 480 664 552 sustulisti.
718 480 826 551 Unde
842 504 927 575 ergo
943 503 1062 552 rerum
1080 490 1210 551 natura
1228 492 1302 565 est,
1319 482 1346 551 si
1432 487 1433 550 l

292 598 390 669 Deus
424 594 512 665 nihil
555 597 677 667 curati
724 595 878 678 Semina,
913 598 1039 689 inquit,
1076 606 1158 667 aunt
1195 596 1346 676 mimda,

292 738 368 809 qam
401 736 462 783 acc
495 710 616 794 cidari,
659 726 721 782 acc
753 712 851 809 teupi
877 721 1034 805 param,
1069 734 1217 807 cumam
1254 712 1348 783 coita

281 828 437 924 fortuito
454 836 485 899 ct
507 836 584 899 orta
606 836 686 898 arat
709 827 836 909 omnia,
859 836 892 898 et
916 849 1051 921 semper
1074 828 1254 899 moneor.
1308 828 1348 899 Si

292 967 359 1015 nec
395 943 569 1025 videntur,
603 966 668 1013 nee
703 942 778 1012 ulla
810 943 965 1034 corporis
998 951 1099 1035 parte
1129 947 1348 1025 sentiuntur,

292 1060 386 1129 unde
412 1082 488 1131 esse
517 1059 579 1130 illa
608 1059 696 1129 scire
725 1058 897 1151 potuisti?
932 1058 1073 1129 Deinde
1097 1062 1127 1129 si
1149 1069 1248 1143 srmt,
1277 1084 1350 1153 qna

294 1184 414 1247 mente
431 1177 656 1259 conveniunt,
674 1184 716 1244 ut
732 1175 865 1267 aliquid
882 1175 1054 1246 efficienti
1072 1175 1112 1245 Si
1130 1186 1215 1245 sunt
1233 1176 1348 1260 laeus,

292 1290 469 1361 cohaerere
505 1313 576 1361 non
612 1300 782 1383 possunt3
833 1291 862 1360 si
902 1291 1048 1361 hamata
1086 1300 1123 1360 et
1163 1293 1349 1385 angulata,

294 1428 378 1499 crgo
407 1404 573 1475 secabilia
599 1418 692 1475 sunt.
745 1404 855 1475 Hami
881 1407 976 1475 enim
1004 1417 1043 1476 et
1066 1406 1189 1499 anguli
1217 1418 1349 1478 extant

294 1529 331 1591 et
359 1530 507 1613 possunt
540 1522 726 1613 amputari.
778 1519 850 1590 Sed
877 1519 956 1591 haec
984 1520 1094 1591 delira
1122 1530 1161 1591 et
1190 1523 1348 1593 inutilia

295 1637 415 1722 Quid?
442 1638 536 1730 qnod
553 1638 649 1706 idem
670 1637 805 1707 animas
828 1636 1081 1732 extinffrihiles
1098 1637 1206 1721 facit3
1237 1662 1348 1730 quem

295 1753 462 1823 refellunt
496 1775 567 1821 non
601 1752 707 1822 modo
742 1751 940 1844 philosophi
973 1775 1097 1823 omnes
1128 1761 1167 1822 et
1201 1754 1351 1846 publica

295 1870 482 1963 persuasio,
518 1891 640 1937 verum
675 1870 783 1938 etiam
821 1890 987 1960 responsa
1020 1877 1153 1951 vatum,
1187 1871 1351 1941 carmina

297 1982 520 2076 Sibyllarum,
538 1984 621 2075 ipeae
638 1982 790 2073 denique
807 1982 937 2052 divinae
954 2004 1058 2053 voces
1074 1984 1349 2076 prophetarum

296 2110 338 2169 ut
370 2100 500 2167 mirum
531 2099 577 2169 sit
604 2098 764 2169 extitisse
793 2121 905 2167 unum
936 2098 1137 2191 Epicurum,
1169 2100 1231 2191 qui
1261 2124 1348 2170 cum

297 2215 482 2307 pecoribus
498 2237 539 2285 ac
557 2214 683 2285 belluis
701 2223 834 2284 sortem
856 2214 1008 2284 hominis
1024 2226 1193 2307 aequaret.
1247 2216 1348 2300 Quid

299 2328 525 2422 Pythagoras,
549 2330 608 2420 qui
636 2330 770 2421 primus
797 2337 852 2399 est
877 2328 1105 2422 philosophus
1129 2332 1347 2415 nominatus,

298 2446 358 2537 qui
384 2446 517 2515 animas
546 2445 690 2536 quidem
720 2444 937 2515 immortales
961 2467 1037 2515 esse
1065 2443 1158 2539 (scr.
1188 2469 1266 2516 esse
1291 2470 1348 2517 as·

297 2540 406 2654 serit),
420 2562 457 2629 in
479 2559 548 2630 alia
565 2570 685 2630 tamen
702 2583 849 2652 corpora
865 2559 921 2629 vel
938 2561 1125 2653 pecudum,
1139 2561 1197 2631 vel
1212 2563 1347 2645 avium,

297 2676 354 2751 vel
388 2676 580 2747 bestiarum
611 2698 820 2747 commeare.
881 2675 967 2745 Non
1001 2678 1110 2747 satius
1139 2676 1256 2747 horat
1285 2700 1348 2748 eas

297 2816 379 2863 cum
413 2793 485 2863 suis
512 2792 714 2885 corporibus
740 2792 912 2885 extingui,
942 2815 1049 2883 quam
1074 2794 1124 2862 sic
1153 2793 1199 2861 ad
1228 2794 1348 2865 aliena

297 2909 476 2991 damnari;
511 2908 620 2977 satius
646 2906 790 2976 omnino
819 2928 892 2976 non
921 2929 1008 2989 esse,
1038 2929 1144 2999 quarn
1174 2917 1256 2999 post
1282 2909 1349 2979 ho-

297 3024 401 3093 minis
436 3022 595 3103 formam,
630 3020 687 3091 vel
716 3043 816 3091 suem
850 3022 907 3092 vel
937 3045 1063 3092 canem
1096 3023 1241 3093 vivere?
1297 3024 1348 3093 Et

296 3138 404 3209 homo
427 3139 577 3229 ineptus,
595 3146 637 3207 ut
660 3136 768 3207 fidem
792 3136 888 3207 dicto
911 3138 1067 3220 adderet,
1084 3140 1239 3231 seipsum
1259 3139 1348 3209 Tro-

290 3257 377 3348 jano
407 3253 502 3325 bello
533 3252 765 3345 Euphorbum
796 3254 902 3322 fuisse
928 3253 1029 3335 dixit,
1059 3276 1129 3346 quo
1155 3256 1282 3339 occiso,
1309 3258 1347 3325 in

297 3371 382 3442 alias
411 3372 539 3463 figuras
573 3368 781 3438 animalium
810 3368 997 3450 transiisse,
1027 3377 1107 3460 post
1141 3392 1217 3439 rem
1247 3369 1345 3464 (sor.

295 3495 474 3580 postremo
497 3482 662 3579 Pscffias)
685 3483 922 3578 Pythagoram
945 3483 1089 3554 factum.
1133 3483 1167 3555 0
1191 3485 1345 3567 felicem,

296 3604 353 3673 cui
376 3601 441 3673 soli
465 3608 565 3670 tanta
585 3601 757 3669 memoria
779 3622 944 3670 concessa
960 3609 1024 3684 est,
1043 3600 1100 3670 vel
1117 3602 1236 3693 potius
1255 3602 1346 3671 infe-

296 3719 411 3799 licem,
429 3718 487 3787 cui
512 3714 682 3785 translato
708 3716 747 3785 in
770 3717 944 3808 pecudem
970 3738 1040 3784 non
1066 3715 1167 3786 licuit
1196 3718 1346 3798 nescire,

296 3834 381 3924 quid
398 3830 524 3901 fuerit!
555 3829 679 3921 Atque
696 3831 834 3901 utinam
849 3828 943 3900 solus
960 3829 1153 3926 delirasset.
1200 3828 1346 3901 Invenit

296 3949 416 4031 ctiam,
434 3947 495 4037 qui
518 3946 710 4027 crederent,
736 3955 775 4014 et
799 3946 943 4037 quidem
968 3945 1129 4016 indoctos
1154 3944 1249 4040 (sor.
1272 3970 1345 4016 non

295 4062 466 4143 indoctos,
506 4058 715 4153 Buaemcc.)
757 4060 929 4143 homines,
966 4060 1011 4131 ad
1054 4082 1143 4153 quos
1182 4061 1343 4133 stultitia

296 4178 459 4247 transiret
477 4174 674 4247 haereditas.
