2867 4817
288 330 353 392 alo
621 330 1001 397 ANNOTA'HONES

290 508 483 601 natussum,
499 502 574 566 dum
597 508 705 567 tamen
725 503 849 567 Mithra
870 524 928 588 pro
950 502 1081 568 Mithres
1102 524 1174 567 eum
1196 503 1339 590 Rigultio

290 608 467 772 milli&
494 671 514 735 1.
535 692 545 734 ι
551 692 582 758 3.
608 674 668 773 suu
698 674 806 760 gladio
834 675 962 739 resima
990 674 1156 761 eoronam]
1186 674 1339 760 nrmyffi

291 780 396 821 mrmo.
452 758 545 839 Quod
572 760 723 908 Iplumbus
751 760 921 846 explionvit
949 762 1009 825 sub
1038 763 1133 825 linem
1162 762 1266 846 operis
1295 762 1339 825 de

291 844 417 910 Corona
429 866 462 993 p.
481 865 487 906 ι
494 863 547 929 31·

603 868 704 909 mum.

336 929 416 994 lbid.
443 980 449 994 .
463 950 511 1010 14.
527 930 560 993 in
574 932 645 995 unis
659 931 779 1017 nuptiis
792 934 921 1017 statuit]
933 934 977 997 Ia
991 932 1084 997 unius
1097 933 1216 1017 nesptiis
1228 933 1339 1017 posuit

292 1016 459 1102 Rigaltius.
505 1016 550 1081 Et
564 1018 607 1081 ad
626 1018 798 1082 editionem
812 1019 994 1105 prinoipem,
1010 1019 1043 1081 in
1065 1040 1129 1102 qna
1143 1040 1205 1082 vox
1218 1020 1340 1103 areptiis

292 1102 360 1167 sola
383 1109 483 1177 extat,
511 1102 578 1167 sine
602 1105 673 1167 susm
692 1104 740 1168 vel
757 1107 858 1181 anius,
882 1105 981 1169 refert
1002 1104 1175 1168 Rhenanus
1201 1104 1337 1169 Hirsau·

290 1188 398 1338 gieppe
420 1189 598 1338 exenppludm
619 1190 902 1341 haberemp'pstrsppiup
923 1191 1050 1339 alpaptiia,
1065 1190 1232 1339 leptionem
1252 1190 1338 1340 hand

313 1296 330 1336 r
432 1322 438 1336 .
898 1326 905 1340 .
1033 1325 1040 1339 .
1209 1326 1216 1339 .

291 1296 458 1425 tirtel..
471 1296 655 1425 ..titt
665 1297 1336 1447 l.1.....·....df¹÷..l.tf¹.ff¹t....‚

314 1468 388 1510 uam
417 1468 451 1510 se
476 1446 612 1511 edidisse
640 1447 801 1511 Pamelius
829 1448 877 1512 ait
901 1470 941 1511 ex
968 1447 1040 1511 MS.
1067 1447 1203 1533 Anglioo
1227 1448 1339 1513 oodioe

289 1469 388 1597 doun.
403 1532 583 1611 Clementis,
599 1554 671 1597 oum
687 1533 778 1619 Lupo
792 1541 891 1618 atque
904 1533 1076 1597 Thomasio
1089 1534 1204 1619 recepi.
1254 1535 1339 1599 Unoe

291 1619 376 1683 enim
402 1640 492 1703 mque
517 1640 555 1683 ae
571 1620 688 1705 pmmoe
712 1619 833 1705 nuptiae
855 1618 970 1683 Latine
991 1619 1117 1683 dieitur.
1161 1620 1258 1683 Hense
1272 1621 1339 1684 Dei

290 1704 397 1769 Adam
421 1714 450 1769 et
474 1705 585 1769 mabar
605 1706 668 1769 Dei
693 1706 765 1769 Eoo
789 1704 860 1769 unis
889 1705 974 1770 inter
996 1728 1031 1769 se
1056 1705 1176 1790 nuptiis
1198 1706 1339 1788 defundi

289 1800 381 1864 rrum·
398 1790 508 1854 soribit
523 1790 737 1856 Tertullianus
751 1791 784 1856 in
797 1791 852 1855 lib.
869 1792 919 1856 De
932 1790 1150 1855 Eadenotione
1167 1792 1336 1867 Onnitotis,

289 1876 989 2037 ttddlsffttlitdaet‘lduld
1008 1876 1240 2045 tttll'dt
1254 1878 1338 2045 idi

291 2048 455 2113 ordinetur
476 2050 649 2134 episeopus,
670 2048 718 2113 ita
744 2055 777 2113 et
798 2049 969 2124 diaeonus;
999 2049 1084 2133 quod
1106 2049 1234 2133 quidem
1255 2071 1338 2134 prae-

290 2142 417 2220 neptum
432 2136 472 2199 ad
489 2134 623 2213 literam,
639 2141 676 2199 ut
690 2135 793 2211 aiunt,
808 2156 909 2219 nuper
928 2134 1052 2199 solebat
1067 2135 1230 2221 injungere
1244 2156 1288 2220 pa
1311 2136 1339 2199 's

291 2242 347 2285 seu
370 2222 588 2286 sacerdotibus
611 2221 676 2286 suis
701 2220 833 2285 eeclesia
855 2222 979 2285 Graeoa.
1025 2220 1155 2283 Nullum
1178 2244 1256 2306 ergo
1284 2158 1338 2285 lie

291 2314 403 2371 extare
419 2307 628 2372 Montanismi
642 2307 818 2408 vestigium,
835 2307 989 2391 quidquid
1010 2307 1069 2371 sibi
1084 2307 1168 2371 visus
1190 2307 1233 2371 sit
1248 2307 1338 2371 dete-

289 2392 373 2479 gisse
387 2392 435 2456 vir
454 2393 492 2457 ol.
508 2394 626 2457 Petrus
640 2392 786 2471 Allixrus,
802 2392 939 2457 fidenter
960 2392 1105 2457 diaetam.
1150 2391 1243 2457 (lons.
1260 2392 1339 2457 Dis·

288 2480 478 2543 menonem
492 2480 561 2563 ejus
576 2480 625 2542 De
643 2478 828 2543 Tertulliani
851 2479 924 2543 Vita
937 2487 966 2543 et
980 2480 1121 2563 Saeptis,
1136 2500 1206 2563 oap.
1222 2476 1276 2543 vii.

335 2563 417 2629 lbid.
442 2563 464 2627 l.
492 2582 539 2647 17.
565 2564 810 2629 saorifieantium
834 2564 1025 2649 ministeria]
1053 2565 1134 2629 (lum
1156 2564 1224 2649 ipse
1247 2565 1338 2631 dieat

291 2649 458 2735 Rigaltius,
474 2672 509 2715 se
523 2650 616 2715 malle
631 2651 716 2736 quod
731 2658 781 2715 est
795 2651 829 2714 iu
850 2650 931 2715 libro
948 2650 1068 2727 Ursini,
1083 2651 1336 2733 maleficentiae,

289 2756 348 2820 pro
363 2736 451 2801 edita
464 2735 598 2801 leotione
611 2736 808 2819 soenfioalio,
823 2744 894 2801 tum
908 2737 984 2822 quia
997 2759 1059 2801 vox
1078 2737 1289 2819 soenfieoatio
1303 2738 1337 2801 in

291 2822 382 2886 editt.
398 2822 544 2887 Rhenani
566 2828 599 2887 et
615 2822 719 2887 Paris.
739 2821 843 2907 prima
864 2822 999 2908 legatur,
1022 2822 1139 2887 ideireo
1159 2822 1337 2904 somflaaa

290 2908 369 2971 tiam
383 2908 416 2971 in
430 2915 555 2973 textum
569 2909 682 2994 reoepi.

219 3044 224 3059 .
335 2993 416 3058 lbid.
431 2993 452 3057 l.
470 2996 519 3058 26.
536 3003 807 3059 sacramentorum
828 2994 1095 3078 Christianorum]
1121 2992 1194 3057 Hoo
1215 2994 1338 3077 protuli

291 3100 331 3143 ex
352 3080 427 3144 edit.
445 3080 547 3145 Paris.
567 3087 702 3165 utraque
724 3102 782 3166 pro
801 3102 877 3144 vooe
896 3088 1075 3157 meatorum,
1099 3101 1170 3163 quae
1190 3086 1283 3143 extat
1302 3080 1337 3143 in

291 3165 501 3250 odit.quidem
509 3166 664 3267 prinoipe;
679 3167 735 3230 sed
745 3167 779 3230 in
786 3166 885 3231 tertia
894 3165 1040 3229 Rhenani
1048 3165 1186 3229 editione
1195 3166 1338 3250 positum

291 3250 351 3314 hoo
366 3252 468 3315 estad
481 3273 583 3337 marg.
595 3274 671 3335 eJus,
686 3252 812 3317 “Forte
824 3272 979 3316 moronus
989 3251 1038 3315 val
1050 3252 1338 3317 momentorum?

292 3335 331 3399 ln
346 3336 458 3400 ultima
469 3358 543 3401 vero
557 3338 696 3402 editione
710 3361 769 3403 sua
779 3338 863 3403 idem
878 3338 1051 3401 Rhenanus
1065 3338 1107 3402 ad
1116 3358 1208 3401 voees
1220 3347 1337 3402 mado

290 3442 361 3485 mm
378 3422 619 3487 damnauerat»
629 3424 805 3501 adnotavit,
819 3424 926 3488 “siout
936 3423 1069 3487 dicimus
1083 3430 1195 3487 saneta
1209 3431 1337 3488 saneto

292 3514 312 3543 “
327 3508 427 3571 rum.”
471 3508 574 3573 Porro
596 3510 636 3573 de
657 3511 815 3595 seriptura
834 3518 1100 3587 sacramenrorum
1115 3530 1212 3594 quam
1225 3518 1337 3575 tamen

291 3592 378 3657 haud
392 3593 512 3679 primus
528 3595 699 3661 induxerat
714 3596 872 3675 Gelenius,
888 3597 932 3661 sio
948 3595 1127 3671 Pamelius;
1152 3594 1337 3681 “Legimus

292 3685 313 3717 ‘⁶
329 3702 368 3743 ex
385 3680 457 3744 MS.
472 3700 502 3765 3.
520 3680 680 3747 Vaticano
698 3704 771 3747 oum
792 3682 947 3747 Rhenano
965 3682 1000 3743 in
1042 3681 1124 3745 rima
1144 3678 1285 3746 editione
1302 3689 1337 3746 et

292 3771 311 3802 “
328 3765 601 3831 Adnotationibus
613 3777 793 3845 sobolom,
809 3790 868 3853 pro
889 3790 927 3831 eo
949 3789 992 3850 qu
1053 3765 1202 3830 Gelenius
1216 3767 1335 3832 substi-

292 3852 390 3916 “tuit
412 3853 698 3918 saerammttomua.”
743 3853 823 3918 Haee
839 3852 1008 3929 Pamelius,
1024 3850 1159 3937 ideoque
1182 3851 1216 3915 in
1241 3854 1335 3917 editt.

292 3936 430 4002 Franek.
457 3946 556 4024 atque
585 3938 769 4025 Rigaltiana
789 3938 962 4024 appellatio
988 3948 1160 4002 meorum
1188 3946 1336 4023 apparet.

292 4021 457 4088 Illustrare
482 4046 607 4111 quoque
628 4026 733 4111 pergit
757 4024 866 4111 Lupus
887 4024 980 4102 huno,
1000 4030 1038 4088 ut
1059 4024 1115 4100 ait,
1130 4022 1338 4109 antiquorum

291 4108 544 4175 Christianorum
558 4111 687 4176 titulum
701 4111 805 4175 verbis
820 4110 963 4175 Paulinis
984 4110 1027 4173 ad
1046 4108 1213 4194 Ephesios,
1231 4112 1337 4175 Orani·

291 4192 344 4257 lus
356 4197 478 4272 manis,
493 4198 547 4280 qui
560 4207 630 4261 suat
643 4196 767 4295 Ephesi,
782 4194 962 4279 etfidelidas
971 4196 1006 4258 io
1023 4196 1141 4260 Obruta
1153 4196 1239 4261 Jera.
1274 4196 1338 4261 His

291 4300 355 4343 non
383 4279 593 4358 obstantibus,
623 4282 701 4346 edit.
732 4282 897 4367 utriusque
932 4280 1121 4347 Parisieusis
1156 4280 1336 4360 lectionem,
