2867 4817
213 290 646 357 CHALCEDONENSIS
670 291 887 357 CONCILII
913 291 1043 357 UNIV.
1120 293 1163 359 to

112 466 173 546 καὶ
208 462 430 546 διατύπωσιν
461 474 527 545 τοῦ
563 464 844 571 ἀρχιστισκόπου
879 462 990 565 μηδὲν
1025 474 1164 547 τοωΐπο

109 598 235 673 ποιεῖν
264 593 324 671 καὶ
348 593 513 699 α’ξωῦσιν
529 595 714 692 ἐνδοθηναι
741 593 859 676 αὐτοῖς
886 591 971 696 ἄχρι
997 595 1063 692 τῆς
1087 626 1160 697 χει-

110 721 276 824 ροτονίας
302 728 367 801 τοῦ
390 720 562 821 ἐσομένου
581 724 646 820 τῆς
662 719 934 827 Ἀλεξανδρέων
951 718 1160 821 μεγαλοπό·

111 857 206 931 λεως
230 846 442 928 ἐπισκόπου.
501 849 670 950 Εὕλογον
695 848 781 949 ἡμῖν
804 845 920 955 ἐφάνη
943 849 1002 928 καὶ
1027 844 1162 955 φιλόν-

79 980 269 1078 5θραπτον,
287 973 383 1056 ὥστε
409 976 527 1059 αι’ποῖς
553 974 725 1075 μένουσιν
742 978 800 1055 ἐπὶ
826 983 891 1055 τοῦ
918 975 1045 1055 οἰκείου
1071 971 1165 1080 σχή-

113 1136 227 1201 ματος
253 1104 359 1208 ἐντῇ
388 1101 640 1210 βασιλευούσῃ
665 1099 782 1200 πόλει,
802 1102 944 1183 ἔνδοσιν
972 1136 1161 1207 παρασχε-

114 1233 230 1329 divar,
262 1229 365 1334 ἄχρις
393 1228 438 1310 ἂν
469 1236 701 1337 χειροτονηθῇ
731 1232 751 1310 ὁ
787 1231 1066 1336 ἀρχιεπίσκοτος
1101 1233 1166 1328 τῆς

113 1356 385 1464 Ἀλεξανδρείου
402 1358 695 1461 μεγαλοπόλεως.

510 1656 766 1733 (urruocus)

62 1828 106 1866 ιο
171 1791 513 1868 ΠΑΣΚΑΣΙΝΟΣ
540 1790 562 1866 ὁ
589 1788 855 1885 εὐλαβέστατος
882 1790 1077 1874 ἐπίσκοπος
1098 1824 1161 1869 το-

114 1912 317 2019 ποιηρητὴς
334 1922 398 1995 τοῦ
416 1918 661 1995 ἀποστολικοῦ
680 1914 809 2018 θρόνου
827 1916 979 2017 Ῥώμης,
998 1914 1104 2005 εἶπεν.

171 2048 217 2123 Ei
234 2039 453 2144 προστάττει
470 2043 493 2143 ἦ
513 2042 662 2147 ὑμετέρα
678 2041 837 2150 ἐξουσία,
856 2048 915 2124 καὶ
932 2044 1115 2125 κελεύεταί
1129 2047 1168 2125 τί

112 2203 202 2250 ποτε
231 2170 349 2254 αὐτοῖς
379 2174 651 2275 παρασχεθῆναι
680 2172 952 2277 φιλανθρωπίας
984 2169 1164 2277 ἐχόμενον,

112 2296 245 2401 ἐγγύας
281 2296 457 2395 δότωσαν,
487 2296 543 2377 ὅτι
578 2298 642 2378 οὐκ
677 2297 890 2404 ἐξέρχονται
933 2297 1063 2400 ταύτης
1100 2304 1163 2400 τῆς

63 2424 266 2523 ιςπόλεως,
291 2425 357 2513 ἐως
389 2426 431 2507 οὗ
467 2426 490 2525 ἡ
518 2425 790 2533 Ἀλεξανδρέων
820 2425 928 2511 πόλις
964 2428 1164 2508 ἐπίσκοπον

113 2553 157 2635 δέ
221 2589 270 2634 αι.

152 2552 222 2763 Egi
248 2680 629 2784 μεγαλοπρεπεστατοι
656 2684 715 2760 καὶ
736 2679 961 2788 ἐνδοξότατοι
982 2681 1163 2786 ἄρχοντες,

113 2814 174 2892 καὶ
191 2812 212 2890 ὁ
230 2809 411 2917 ὑπερφυὴς
428 2808 636 2912 σύγκλητος
653 2805 763 2890 εἷπον·

116 3124 223 3195 preter
244 3111 426 3171 voluntatem
449 3122 479 3170 et
503 3110 619 3168 mondo·
657 3109 849 3187 jurejurando
863 3110 934 3170 fides
948 3108 1125 3187 habebitur]

115 3210 180 3255 tum
195 3195 323 3274 episcopi
338 3192 412 3251 nihil
423 3190 481 3250 tsle
495 3191 617 3249 fociant:

115 3286 147 3337 et
170 3284 277 3355 petunt
301 3272 419 3332 concedi
448 3272 502 3330 sibi
527 3291 620 3348 usque
703 3271 876 3330 Poscesinus
929 3270 1163 3349 religiosissimus

115 3357 153 3416 nd
175 3356 387 3415 ordinationem
407 3354 501 3411 futuri
524 3372 621 3431 mege-
660 3352 822 3431 episcopus,
835 3351 1087 3431 apostolicaesedis
1102 3352 1163 3410 Ro.

115 3436 222 3517 lopolis
238 3434 505 3493 Alexandrinorum
526 3433 619 3491 archi.
659 3453 752 3490 manae
766 3431 888 3511 legatus,
903 3432 995 3490 dixit:

115 3517 265 3597 episcopi:
286 3516 398 3594 justum
420 3514 503 3572 uobis
520 3525 549 3572 et
562 3512 617 3571 hu·
702 3513 735 3571 Si
754 3512 914 3571 dominatio
929 3524 1025 3571 vestro
1045 3511 1163 3571 mundat

115 3618 236 3657 monum
250 3597 345 3655 visum
363 3606 417 3663 est,
439 3607 473 3653 ut
493 3594 573 3673 ipsis,
588 3594 620 3651 in
660 3604 691 3653 et
701 3594 787 3670 jubet
802 3605 836 3652 ut
849 3593 927 3672 quod
938 3594 1007 3652 olim
1023 3593 1081 3652 illis
1094 3613 1161 3652 con-

116 3678 235 3759 proprio
243 3678 345 3735 habitu
354 3677 385 3735 in
396 3675 537 3751 imperiali
548 3675 619 3733 urbe
660 3696 782 3742 cessum,
796 3674 847 3734 det
866 3674 1021 3745 licentiam,
1036 3674 1105 3752 quia
1125 3693 1162 3732 eu

116 3758 311 3825 monentibus,
346 3756 477 3816 remissio
517 3776 619 3814 conce·
659 3757 713 3815 hoc
727 3757 799 3814 urbe
820 3775 877 3813 non
899 3754 1094 3833 egredientur,
1110 3754 1162 3812 do·

117 3840 214 3906 datur,
239 3838 332 3898 donec
353 3837 503 3895 ordinatus
529 3836 620 3895 fuerit
660 3857 714 3896 nec
751 3838 904 3916 episcopus
944 3834 1163 3895 Alexandrinus

116 3918 332 3981 Alexandrinus
377 3918 619 3996 archiepiscopus.
660 3915 820 3975 ordinetur.

120 4000 214 4076 [uude
225 4001 257 4057 in
266 4000 383 4079 proprio
391 3998 493 4057 habitu
502 4018 621 4056 monen-
695 3996 1161 4075 Magnificentissimietillustris·

116 4094 163 4141 tes
183 4079 231 4139 vel
252 4079 434 4156 fidejussores
456 4078 576 4144 dobunt,
593 4080 617 4137 si
659 4078 723 4137 simi
749 4079 893 4157 principes
912 4090 942 4138 et
961 4078 1085 4137 eximius
1103 4098 1161 4137 coe-

118 4164 173 4222 hoc
181 4162 218 4220 ab
226 4162 268 4219 eis
276 4160 339 4219 fieri
348 4159 505 4240 potest‚vel
517 4180 618 4219 eorum
659 4171 708 4218 tus
723 4158 877 4217 dixerunt:

162 4280 231 4322 VOL.
241 4280 274 4321 11.
707 4279 725 4318 L
