2867 4817
318 828 391 902 EX
417 824 638 901 LIBELLO
664 822 941 899 SYNODICO.
1047 934 1050 941 Ι

224 1047 714 1135 ALEXANDRINA
745 1045 1036 1131 CYRILLI.

523 1284 740 1336 -Φ-

113 1499 250 1655 ΚΑΙ
286 1497 483 1605 Νεστόριος
519 1500 564 1608 ἐξ
591 1500 813 1604 Ἀντιοχείας
847 1500 869 1579 ό
901 1496 1159 1607 φρενοβλαβὴς

214 1627 470 1732 πρεσβύτερος,
487 1626 683 1733 &adegerat
705 1627 770 1709 τὸν
793 1628 975 1709 Σισίννιον
999 1629 1158 1731 (achiepi-

108 1791 228 1852 neopum
250 1761 375 1862 opat).
399 1751 475 1839 Ὃς
492 1759 556 1856 τῆς
575 1757 744 1857 ἆληθείας
761 1755 825 1837 adv
846 1758 960 1861 λίιγον
977 1760 1159 1865 παρίθννί,

108 1885 291 1967 θεοτόκον
316 1883 435 1987 λέγειν
456 1881 523 1983 τὴν
545 1884 725 1986 παναγίαν
742 1885 921 1988 παρθένον
937 1885 988 1987 μὴ
1006 1886 1156 1991 προσιέ-

80 2047 98 2106 5
109 2046 227 2113 μενος.
259 2009 406 2111 καλιὴν
429 2010 507 2090 καθ
527 2008 735 2092 ὑπόστασιν
757 2011 886 2092 ἕνωσιν
907 2019 973 2094 τοῦ
996 2017 1161 2118 σωτῆρος

109 2146 182 2220 τῶν
210 2138 308 2220 ὅλων
334 2143 501 2242 Χριστοῦ
536 2136 696 2244 δοξάζον
725 2139 790 2219 οὐκ
818 2137 1042 2246 ἀνεχόμενος.
1079 2142 1158 2223 καθ

109 2267 153 2347 οὗ
182 2268 368 2371 Κόριλλος
397 2267 417 2345 ὃ
444 2265 557 2368 μέγας
580 2265 850 2368 ἀγωνισάμενος
883 2266 1039 2350 σύνοδον
1063 2268 1161 2350 θείαν

111 2397 170 2475 καὶ
200 2393 297 2498 ἱερὰν
317 2396 355 2474 ἐν
372 2394 631 2502 Ἀλεξανδρείᾳ
650 2392 900 2498 συνήθροισεν.
946 2392 1057 2479 'Hm
1077 2395 1162 2501 όρον

112 2523 319 2630 κεφαλαίων
337 2521 401 2603 δόο
420 2525 478 2603 καὶ
496 2521 582 2603 δίκα
599 2523 778 2624 ἐκθεμένη,
795 2528 848 2632 τῷ
866 2524 1056 2632 Νεστορίρ
1069 2525 1158 2604 ἀττέ-

66 2691 103 2732 ιο
113 2659 272 2732 στειλεν·
312 2649 433 2731 ὅντινα
455 2659 601 2751 μᾶλλον
622 2649 908 2750 ἀποσεισάμενος
932 2655 978 2755 τῇ
999 2648 1162 2760 κιβδήλῳ

111 2776 238 2857 ἑαυτὸν
262 2776 351 2886 δόξῃ
368 2779 579 2883 προσέθηκε,
597 2783 662 2879 τῆς
686 2778 881 2879 ἐκκλησίας
904 2775 1091 2881 ταράττων
1117 2775 1160 2858 τὸ

114 2904 300 3003 σύστημα,
328 2932 362 2996 p.
373 2925 429 2994 50.
445 2908 522 2974 edit.
537 2908 750 2995 Argentorot.

117 3111 385 3266 SISINNIO
408 3123 530 3187 autem
553 3113 697 3188 insanus
720 3115 784 3189 ille
807 3095 997 3190 Nestoiina
1019 3119 1065 3191 ab
1086 3117 1166 3191 An·

203 3233 336 3306 tioohio
365 3232 552 3304 suecessit:
583 3232 644 3324 qui
672 3255 872 3305 sermonem
901 3235 1060 3308 veritatis
1089 3259 1165 3308 eor-

68 3352 220 3445 15rupit‚
238 3373 321 3420 oum
343 3371 416 3420 non
438 3349 639 3436 sustineret,
664 3358 706 3421 ut
729 3351 835 3423 beata
857 3352 956 3446 virgo
979 3351 1164 3429 θεοτόκωτ

114 3471 152 3540 id
169 3476 225 3540 est
242 3465 397 3560 Deipare
413 3467 608 3538 diceretur:
634 3491 752 3561 neque
764 3468 984 3553 eoncederet,
997 3476 1039 3539 ut
1056 3469 1166 3564 hypo-

115 3587 244 3658 statica
260 3583 392 3656 Christi
415 3583 602 3654 servatoris
619 3585 779 3655 omnium
795 3586 881 3656 unio
904 3585 1165 3678 praedioaretur.

116 3703 251 3774 Contra
281 3723 365 3772 eum
391 3698 544 3794 Cyiillua
573 3699 634 3772 ille
664 3723 815 3796 magnus
845 3702 1060 3796 depugnans,
1088 3725 1167 3796 oyn-

116 3819 226 3890 odum
257 3816 413 3888 divinam
435 3824 473 3887 et
501 3838 635 3887 moram
663 3814 894 3890 Alexandriae
919 3819 1167 3913 congregavit:

69 3965 107 4008 ιο
117 3957 198 4028 quae
216 3933 399 4005 decretum
416 3933 574 4025 capitum
593 3932 780 4003 duodecim
793 3931 914 4016 edidit,
928 3931 1168 4027 Nestorioque

117 4051 322 4122 tmnsmisit.
375 4047 448 4120 Sed
469 4047 539 4120 hoo
565 4047 627 4120 ilie
649 4056 840 4132 aversatus,
862 4047 1072 4122 adulterinae
1092 4072 1169 4123 aeae

120 4168 275 4262 opinioni
292 4165 465 4260 adjunxit,
483 4176 522 4239 et
538 4165 694 4238 ecolesiae
712 4188 921 4261 compagem
938 4166 1105 4239 turbavit.
