2867 4817
290 301 334 369 64
706 305 926 371 CANONES

290 481 326 557 αἱ
350 476 637 577 κεκανονισμεῦοι
660 476 809 559 σύνοδοι
826 484 899 559 τῶν
924 478 1133 561 ἐπισκόπων
1154 482 1196 561 οῦ
1220 482 1343 583 γίνον-

290 638 360 703 ται,
378 608 437 688 καὶ
453 608 493 687 ἐκ
515 604 644 687 τοιίτου
665 604 794 692 πολλὰ
817 614 1077 711 παραμελεῖται
1094 614 1167 689 τῶν
1189 610 1344 713 διορθώ-

291 766 385 819 σεως
413 733 586 834 δεομένων
609 736 920 835 ἐκκλησιαστικῶν
947 733 1182 839 πραγμάτων.
1213 734 1348 840 ὥρισεν

289 863 410 943 τοίνυν
426 860 449 962 ἡ
467 862 554 964 ἁγία
571 859 723 947 σύνοδος
741 859 834 943 κατὰ
859 861 942 947 τοῦς
959 869 1032 943 τῶν
1050 863 1163 967 ἁγίων
1179 866 1349 969 πατέρων

291 985 451 1087 κανόνας,
479 991 532 1075 δὶς
563 998 628 1071 τοῦ
660 991 821 1071 ἐνιαυτοῦ
852 991 912 1070 ἐπὶ
940 988 982 1071 τὸ
1014 989 1101 1071 αὐτὸ
1135 992 1374 1099 συντρέχειν5

291 1116 371 1197 καθ
399 1115 557 1218 ἑκάστην
583 1120 757 1232 ἐταρχάιν
784 1114 867 1202 τοῦς
894 1116 1121 1216 ἐπισκόπους,
1150 1119 1236 1201 ἔνθα
1259 1117 1348 1201 nivei

290 1248 355 1344 τῆς
383 1242 636 1348 μητροπόλεως
661 1246 857 1329 ἐπίσκοπος
881 1243 1071 1352 δοκιμάσῃ,
1094 1247 1153 1326 καὶ
1177 1249 1349 1351 διορθοῦν

291 1371 428 1453 ἕκαστα
444 1371 491 1453 τὰ
515 1371 777 1456 ἀνακύπτοντα·
806 1370 889 1457 τοῦς
913 1372 952 1454 δὲ
974 1371 1025 1474 μὴ
1049 1370 1240 1459 συνιόντας
1263 1378 1344 1457 ἐπι-

290 1497 452 1584 σκόπους
468 1502 705 1600 ἐνδημοῦντας
727 1506 803 1585 ταῖς
821 1504 956 1591 ἑαυτῶν
981 1498 1125 1599 πόλεσι,
1144 1504 1206 1583 καὶ
1228 1512 1348 1585 ταῦτα

291 1627 330 1707 ἐν
366 1629 479 1736 ῦγιείᾳ
514 1627 713 1731 διάγοντας,
749 1632 807 1708 καὶ
843 1628 967 1730 πάσης
1005 1628 1248 1733 ἀπαραιτήτου
1285 1636 1347 1713 καὶ
1360 1666 1396 1705 ιο

291 1756 486 1858 ἀναγκαίας
521 1756 701 1860 άσχολῦις
737 1753 843 1841 ὄντας
886 1756 1102 1860 ἐλευθέρους,
1139 1760 1347 1866 άδελφικῶς

291 1881 587 1985 ἐπιπλήττεσθαι.

673 2016 875 2094 ΚΑΝΩΝ
910 2017 957 2093 K.

348 2137 552 2245 Κληρικοῦς
583 2144 632 2223 εἰς
662 2140 858 2240 ἐκκλησίαν
887 2149 1090 2241 τελοῦντας,
1123 2140 1241 2226 καθὼς
1259 2141 1346 2243 ἤδη

293 2268 485 2373 ὡρίσαμεν,
512 2266 563 2368 μὴ
590 2267 719 2375 ἐξιῦνω
749 2273 797 2352 εἰς
829 2268 946 2369 ἄλλης
972 2266 1113 2355 πόλεως
1145 2267 1346 2351 τάττεσθαι
1360 2314 1392 2373 ¹5

292 2397 500 2497 ἐκκλησίαν·
522 2393 624 2477 ἀλλὰ
639 2394 806 2499 στέργειν
824 2397 957 2497 ἐκείνην
974 2399 1012 2477 ἐν
1029 2394 1054 2503 ᾖ
1071 2398 1117 2504 ἐξ
1130 2400 1244 2503 ἀρχῆς
1258 2409 1339 2479 λει-

292 2531 455 2629 τουργεῖν
481 2522 702 2631 ἠξιώθησαν·
732 2521 832 2609 ἐκτὸς
863 2526 1018 2623 ἐκείνων,
1051 2526 1174 2609 οἵτινες
1201 2527 1339 2607 ἀπολέ-

292 2687 424 2738 σαντες
448 2652 514 2737 τδις
540 2652 630 2737 ἰδίας
655 2652 829 2757 πατρίδας
856 2650 928 2733 ἀπὸ
958 2649 1118 2755 ἀνάγκης
1142 2659 1188 2738 είς
1217 2653 1344 2756 άλλην

292 2783 488 2885 ἐκκλησίαν
508 2785 700 2883 μετῆλθον.
731 2786 761 2859 εἰ
789 2779 832 2860 δέ
854 2814 907 2866 τις
935 2782 1129 2869 ἐπίσκοπος
1158 2782 1249 2884 μετὰ
1275 2782 1343 2865 τὸν

292 2996 416 3080 quodin
433 2996 591 3078 provinciis
608 3005 719 3058 utututu
732 2996 795 3079 epi·
836 2994 970 3057 lumitate
1000 2998 1172 3067 uoueiutunt,
1199 3000 1340 3080 omnique

292 3099 447 3160 mpetum
464 3078 588 3139 eoncilia
606 3078 726 3138 minime
747 3098 794 3137 οο·
835 3076 1035 3149 inexcusabili,
1056 3089 1087 3139 et
1107 3080 1266 3139 necessaria
1289 3102 1340 3141 οο.

292 3159 451 3230 lebrentur,
475 3169 506 3220 et
529 3179 568 3219 ex
590 3160 647 3219 hoe
669 3157 795 3239 plurima
836 3158 992 3237 cuputioue
1002 3160 1162 3238 probantur
1171 3160 1339 3232 liberisue.

291 3242 479 3321 negliguntur
535 3239 794 3301 ecclesiasticarum
835 3248 920 3299 terno
933 3240 1128 3319 uurripiuntur
1141 3241 1258 3302 affectu.

291 3342 452 3391 munerum,
468 3340 533 3400 qun
551 3321 730 3382 eorrectione
747 3320 793 3378 in.

291 3403 409 3484 digeutz
431 3402 560 3463 decrevit
577 3403 677 3481 itaque
694 3411 794 3461 saneta
958 3378 1112 3439 GANON
1132 3380 1205 3440 XX·

291 3485 420 3566 synodus
429 3482 589 3543 seeundum
603 3501 727 3542 eunonee
740 3502 793 3561 pu-
874 3483 1003 3545 Clerinoe
1031 3484 1062 3543 in
1088 3485 1207 3546 ecelesia
1234 3488 1337 3549 minis-

291 3576 370 3625 trum
384 3566 430 3626 bii
449 3565 481 3623 in
502 3584 579 3623 enno
596 3563 748 3643 episcopos
761 3564 793 3621 iu
833 3575 954 3634 tranteu,
985 3566 1061 3625 sieut
1088 3566 1149 3643 jum
1182 3570 1335 3628 constitui·

290 3646 432 3727 idipsum
445 3645 477 3704 iu
490 3664 664 3724 unaqueque
674 3644 793 3724 provin·
833 3665 908 3716 mus,
923 3646 954 3704 in
967 3644 1088 3707 ulterius
1106 3646 1232 3707 civitatis
1245 3648 1336 3709 eccle·

290 3727 336 3787 eiu
355 3726 518 3795 eonvenite,
543 3746 602 3805 quo
622 3724 792 3804 metropoli·
834 3727 876 3787 uia
890 3736 1016 3787 statutos
1035 3726 1096 3787 fieri
1122 3748 1181 3787 nou
1199 3740 1316 3809 oportet
1325 3754 1335 3803 ;

290 3819 378 3868 tuuuu
408 3810 530 3868 antistes
561 3804 733 3885 probaverit,
762 3814 793 3865 et
833 3806 885 3867 sed
912 3816 1064 3867 contentos
1088 3828 1151 3868 esse
1175 3809 1337 3888 inquibus

290 3889 433 3968 corrigere
460 3887 584 3967 singule,
617 3886 700 3963 siqua
733 3885 791 3945 ior·
834 3888 870 3947 ub
880 3887 965 3947 initio
977 3889 1139 3949 ministrare
1149 3902 1334 3951 mernerunt:

290 3970 376 4030 tuuis
395 3971 575 4031 emeruerint.
614 3967 792 4045 Quicunque
833 3969 964 4047 exceptis
983 3968 1051 4039 illis,
1073 3970 1134 4047 qui,
1152 3970 1285 4050 proprius
1304 3993 1336 4031 u-

290 4071 362 4111 τοτα
382 4070 441 4111 uon
461 4049 632 4110 advenerint
652 4048 791 4127 episcopi,
833 4050 984 4109 mittentes
997 4051 1168 4129 provincius,
1183 4070 1220 4110 ex
1234 4072 1335 4112 nenes-

290 4130 419 4192 reuident
432 4142 530 4191 nutem
544 4131 575 4188 in
588 4128 649 4190 suis
664 4128 792 4189 eivitati-
832 4130 918 4189 situte
929 4129 1058 4189 edulium
1068 4130 1217 4191 ecclesium
1229 4134 1335 4193 transi.

290 4214 355 4281 bue,
370 4223 400 4273 et
417 4212 482 4282 hoe,
497 4210 568 4271 dum
588 4210 620 4270 in
638 4229 692 4270 suu
710 4210 790 4269 inco·
832 4220 928 4272 erunt.
964 4210 1063 4291 Siquis
1073 4221 1170 4291 nutem
1181 4212 1335 4300 episeopus
