2867 4817
243 360 295 425 IN
318 358 509 425 FIRMIL.
533 360 600 425 An
623 360 656 425 S.
680 358 909 425 CYPRIAN.
932 360 1082 425 EPIST.
1123 361 1187 425 πθ

131 552 190 597 sex
214 530 377 597 eodieibus
401 530 636 617 manuscriptis.
667 532 782 597 Srrrn.
804 532 971 597 Bsnuzrus.
1015 531 1186 618 Scripsisse

131 639 206 683 eam
222 617 445 681 Firmilionum
458 640 543 683 nuno
558 636 575 681 2
576 620 619 704 56
636 618 643 634 '
727 627 873 683 vescente
883 626 1028 705 tempore
1042 618 1184 697 hiberno,

130 704 277 769 ostendit
286 703 644 769 PeursoniusinAmtol.
744 706 752 719 “
793 705 1184 789 ieisedsnn.256.seot.x.

131 790 225 855 Obiit
240 788 325 854 enno
340 808 413 873 272.
448 788 554 855 Litem
567 797 675 856 eutem
710 790 885 876 tephanum
896 791 980 856 inter
994 798 1027 855 et
1038 790 1186 855 ecelesias

131 876 305 976 orientales
319 882 465 941 exortem
480 876 520 941 de
534 877 692 942 bseretieis
706 877 941 977 rebaptizandis
952 877 1139 977 memoravit
1152 877 1186 941 in

131 962 1187 1134 ....1..(Ssnm.)pm..

130 1132 265 1199 Ἐλίνου
279 1136 327 1199 καὶ
340 1134 408 1217 περὶ
422 1139 619 1217 opponeret
634 1136 682 1199 rol
700 1135 822 1199 πάντων
835 1141 894 1198 τῶν
913 1160 947 1199 τε
962 1135 1021 1199 ἀπὸ
1035 1138 1087 1214 τῆς
1101 1140 1186 1199 Κιλι-

133 1221 201 1286 κίας
216 1220 266 1283 καὶ
281 1222 494 1288 Καππαδοκίας
513 1222 561 1285 καὶ
579 1223 738 1295 Γαλατίας,
755 1222 804 1285 καὶ
817 1220 938 1285 πάντων
956 1226 1015 1284 πῶυ
1033 1223 1099 1300 ἑξῆς
1113 1224 1185 1300 ὁμο-

131 1308 268 1387 ροπίνπωυ
292 1308 395 1371 ἐθνῶν·
421 1308 461 1373 ὣς
483 1308 552 1371 οὐδὲ
575 1309 697 1375 ἐκείνοις
720 1306 922 1387 κοινωνήσων,
944 1310 993 1371 διὰ
1015 1306 1070 1385 τὴν
1094 1307 1186 1387 αὐτὴν

132 1394 247 1473 ταύτην
272 1394 379 1469 αἰτίαν,
404 1392 505 1471 ἐπειδὴ
526 1393 594 1459 τοὺς
615 1394 787 1473 αίρεπίκους,
811 1394 916 1475 φησὶν,
940 1394 1185 1472 ἀναβαπτίζαυοι,

131 1478 221 1563 apud
239 1477 413 1542 Eusebium
427 1478 511 1542 Hes.
522 1478 666 1544 Ecedvii,
677 1494 709 1563 5.
740 1480 843 1543 Porro
857 1500 938 1542 unus
952 1479 993 1543 de
1008 1477 1186 1543 Firmilieni

131 1564 368 1628 suooessoribns
382 1564 416 1627 in
430 1564 616 1629 Ooessriensi
630 1566 705 1629 sede
721 1565 755 1629 S.
765 1564 901 1628 Basilius
917 1564 964 1628 M.
979 1564 1075 1648 hujus
1087 1572 1186 1649 etque

132 1650 287 1735 Cypriani
312 1650 352 1714 de
376 1652 454 1715 reba
476 1650 610 1715 timndis
638 1650 798 1716 haeretiois
827 1650 1020 1715 sententiam
1050 1671 1185 1715 oomme·

131 1736 273 1800 moravit
288 1734 321 1799 in
334 1736 445 1821 spise
491 1759 549 1802 sue
562 1737 717 1801 θαποαίοα
730 1737 776 1801 od
783 1736 1029 1823 Anplibclimn
1043 1735 1077 1800 in
1088 1736 1185 1802 Bove-

130 1822 1001 1995 ffiffltffipstp.qugupfiupopaessppor3npptw
1007 1823 1186 1975 uiilmildtiddsi

131 1994 249 2059 dotum
264 1994 459 2080 baptismum
469 1995 512 2059 im
533 1996 661 2072 robent,
680 2017 739 2059 suo
752 2018 790 2061 su
831 2016 918 2059 resse
933 2002 1076 2080 tempore
1090 1995 1185 2096 signi·

131 2080 211 2145 licet
227 2080 260 2145 S.
271 2080 492 2181 Augustinusl
549 2082 594 2146 id.
612 2080 684 2145 Lib.
696 2082 765 2182 ejus
818 2080 848 2145 l.
867 2081 979 2146 mmm
996 2081 1186 2145 Oresoomom

131 2165 959 2339 suffitu...
969 2167 1185 2319 euelli

134 2338 359 2403 Florentinsm
372 2360 455 2403 nuno
470 2340 597 2403 demum
610 2348 741 2425 reoepte
755 2347 814 2418 est,
830 2340 914 2403 infre
928 2339 1163 2405 annotabimus.

179 2425 217 2489 P.
230 2444 305 2509 231.
320 2424 343 2489 l.
356 2445 404 2489 12.
426 2425 461 2488 in
474 2448 538 2491 uns
556 2432 654 2511 atque
673 2426 705 2489 in
725 2426 837 2491 eodem
854 2426 966 2512 domo]
989 2425 1097 2511 Vulgo
1114 2426 1185 2511 psa

133 2532 195 2596 pro
208 2532 284 2589 υπα,
301 2510 386 2595 quod
405 2512 526 2577 mutavi
539 2512 603 2576 fide
623 2512 716 2577 nixus
730 2512 848 2577 oodiois
862 2511 1000 2577 Simonis
1014 2511 1182 2587 Goulortii,

132 2596 190 2681 qui
199 2596 397 2682 Cyprisnum
411 2597 512 2663 edidit
525 2620 609 2663 enno
623 2618 714 2683 1593,
724 2597 873 2683 idemque
882 2597 1062 2663 fodiendum
1072 2598 1183 2663 suasit.

133 2684 251 2747 Graeeo
264 2682 402 2761 fuerant,
419 2686 453 2748 ἐν
468 2685 513 2748 ἑνὶ
528 2686 576 2749 καὶ
590 2686 625 2747 ἐν
639 2688 678 2770 τῷ
694 2685 773 2770 αὐτῷ
787 2688 868 2770 οἴκῳ.

178 2768 265 2833 Ibid.
282 2768 302 2832 l.
317 2788 366 2835 20.
553 2769 727 2835 voluntatis
746 2770 924 2848 ceritatem,
940 2768 973 2833 in
992 2791 1090 2834 unum
1105 2791 1182 2835 oon·

132 2853 259 2940 venire]
284 2854 365 2919 Haee
386 2878 441 2920 ver
503 2856 618 2920 mendo
639 2878 703 2920 non
725 2878 834 2921 oerore
854 2856 1011 2921 videntur.
1056 2856 1184 2938 Quidsi

132 2962 195 3026 pro
213 2940 288 3016 isto,
310 2942 471 3007 mimis
491 2943 658 3019 ααςίἰαταα,
675 2964 867 3028 reponemus
887 2942 1050 3007 wlteototis
1071 2942 1184 3007 auen>

131 3029 251 3091 mern?
273 3026 378 3092 Extat
394 3028 480 3113 apud
496 3028 678 3114 apostolum
695 3028 729 3093 in
743 3028 847 3129 Epist.
863 3030 931 3114 ejus
945 3028 1120 3114 posteriore
1140 3028 1185 3093 ed

134 3112 347 3193 Corinthiaci
368 3117 515 3195 προθυμία
533 3120 586 3178 τοῦ
609 3113 720 3193 θίλειυ,
740 3114 872 3192 vi1.11;
905 3121 939 3180 et
960 3115 994 3179 in
1019 3113 1184 3179 Ghesostie

140 3198 218 3263 Vsu.
235 3198 336 3264 hebes
349 3198 391 3263 ‘H
406 3204 560 3282 προθυμία,
576 3199 732 3265 amotio.

177 3286 218 3348 P.
236 3304 310 3370 232.
333 3285 354 3350 l.
370 3287 399 3351 6.
430 3286 520 3371 qussi
544 3307 609 3351 non
631 3294 760 3351 tentum
782 3308 881 3351 unum
904 3286 973 3371 tro]
1010 3285 1185 3351 Afferenda

131 3378 220 3449 stunt,
236 3392 309 3471 qum
324 3370 364 3436 de
378 3372 437 3437 hoo
452 3371 521 3437 loeo
538 3372 666 3458 sor-ipsit
682 3374 731 3437 vir
744 3372 888 3437 eruditus
902 3371 1097 3437 Prudentius
1111 3372 1184 3437 Μα-

130 3478 232 3521 renus
246 3479 280 3520 ni
295 3456 376 3523 Vite
390 3458 423 3523 S.
434 3458 583 3543 Cypriani
597 3458 729 3523 editioni
746 3458 936 3536 Beluzienae,
951 3480 1008 3523 seu
1027 3457 1180 3523 Benedic-

131 3544 221 3621 tinae,
248 3544 423 3643 praemisse.
461 3552 480 3579 ‘¹
497 3544 579 3610 Haeo
602 3543 780 3609 Firmilinni
806 3544 941 3630 epistole
969 3564 1040 3630 quse
1068 3544 1184 3609 Lotine

132 3636 154 3666 ‘⁶
169 3629 300 3694 reddito
313 3636 406 3694 extet
424 3629 508 3695 inter
523 3630 728 3716 Cyprianioes
744 3630 979 3717 septuagesimo
998 3630 1119 3714 quinte,
1139 3629 1185 3694 sio

132 3723 154 3751 ‘⁶
167 3715 320 3815 Cypriani
329 3714 437 3780 stilum
445 3716 577 3795 redolet,
590 3723 702 3781 utnon
712 3716 811 3780 olium
821 3716 1029 3803 interpretem
1037 3715 1185 3780 habuisse

131 3810 153 3839 “
169 3802 327 3867 ridentur.
372 3801 472 3866 Fidus
487 3802 643 3888 interpres
657 3803 779 3867 Graeoae
798 3801 913 3901 linguae
933 3801 966 3865 in
1006 3801 1094 3865 nium
1107 3822 1185 3866 nou-

131 3894 154 3925 ‘⁴
170 3887 266 3951 nullis
280 3887 313 3951 iu
326 3887 404 3952 loeis
422 3888 563 3954 retinuit.
599 3889 701 3953 Paulo
714 3894 790 3974 post
809 3887 944 3965 inrtium,
1035 3888 1186 3952 rimetur

131 3980 153 4011 “
171 3974 306 4060 (angeli)
492 3974 595 4039 vident
626 3974 765 4039 divom
795 3974 987 4060 quemdum
1017 3982 1127 4037 monus
1157 3983 1187 4039 ot

130 4061 278 4125 “mm
459 4110 468 4139 ,
567 4058 1187 4125 ’παυίααίυυςυπυυααίαυπάανῦσυπα

131 4145 265 4210 “rimsl
281 4145 425 4225 ίααοααιί,
514 4146 707 4231 mutuet
726 4146 835 4211 dieue
853 4142 892 4209 ol
911 4146 1187 4210 iooiomoeoooo·

131 4230 503 4317 “sotulotiojompossit
516 4252 585 4310 osse,
600 4241 656 4296 ool
668 4254 762 4296 αουυυο
776 4232 958 4306 mmmmm
976 4232 1079 4310 idest,
1095 4231 1186 4315 qussi

130 4328 154 4358 “
169 4340 237 4383 non
251 4324 382 4383 tuntum
395 4340 492 4383 unum
506 4326 540 4383 et
553 4318 689 4383 eundem
703 4318 809 4382 Deum
823 4316 917 4381 simol
934 4337 999 4380 nou
1017 4316 1184 4390 invooent;
