<?xml version="1.0" encoding="UTF-8"?>
<!DOCTYPE html PUBLIC "-//W3C//DTD XHTML 1.0 Transitional//EN"
    "http://www.w3.org/TR/xhtml1/DTD/xhtml1-transitional.dtd">
<html xmlns="http://www.w3.org/1999/xhtml" xml:lang="en" lang="en">
 <head>
  <title>
</title>
<meta http-equiv="Content-Type" content="text/html;charset=utf-8" />
  <meta name='ocr-system' content='tesseract 3.04.00' />
  <meta name='ocr-capabilities' content='ocr_page ocr_carea ocr_par ocr_line ocrx_word'/>
</head>
<body>
  <div class='ocr_page' id='page_1' title='image "./scriptorumeccle03routgoog_0795.png"; bbox 0 0 2867 4817; ppageno 0'>
   <div class='ocr_carea' id='block_1_1' title="bbox 493 302 1136 368">
    <p class='ocr_par' dir='ltr' id='par_1_1' title="bbox 493 302 1136 368">
     <span class='ocr_line' id='line_1_1' title="bbox 493 302 1136 368; baseline 0 0"><span class='ocrx_word' id='word_1_1' title='bbox 493 302 725 368; x_wconf 83' lang='lat' dir='ltr'><strong>EPITOME.</strong></span> <span class='ocrx_word' id='word_1_2' title='bbox 1070 303 1136 368; x_wconf 72' lang='grc'><strong>846</strong></span> 
     </span>
    </p>
   </div>
   <div class='ocr_carea' id='block_1_2' title="bbox 95 476 1145 2067">
    <p class='ocr_par' dir='ltr' id='par_1_2' title="bbox 95 476 1145 2067">
     <span class='ocr_line' id='line_1_2' title="bbox 95 476 1136 573; baseline -0.003 -23"><span class='ocrx_word' id='word_1_3' title='bbox 95 480 171 573; x_wconf 89' lang='lat' dir='ltr'><strong>ejus</strong></span> <span class='ocrx_word' id='word_1_4' title='bbox 194 480 392 552; x_wconf 89' lang='lat' dir='ltr'><strong>ooelestium</strong></span> <span class='ocrx_word' id='word_1_5' title='bbox 414 480 564 572; x_wconf 79' lang='lat' dir='ltr'>scriptor</span> <span class='ocrx_word' id='word_1_6' title='bbox 584 477 807 571; x_wconf 85' lang='lat' dir='ltr'><strong>hymnorum,</strong></span> <span class='ocrx_word' id='word_1_7' title='bbox 830 478 935 549; x_wconf 84' lang='lat' dir='ltr'><strong>umbo</strong></span> <span class='ocrx_word' id='word_1_8' title='bbox 955 476 1136 549; x_wconf 76' lang='lat' dir='ltr'><strong>clarissimi</strong></span> 
     </span>
     <span class='ocr_line' id='line_1_3' title="bbox 95 594 1138 691; baseline 0.001 -26"><span class='ocrx_word' id='word_1_9' title='bbox 95 620 206 691; x_wconf 77' lang='lat' dir='ltr'><strong>reges,</strong></span> <span class='ocrx_word' id='word_1_10' title='bbox 225 598 285 691; x_wconf 94' lang='lat' dir='ltr'><strong>qui</strong></span> <span class='ocrx_word' id='word_1_11' title='bbox 308 597 448 690; x_wconf 79' lang='lat' dir='ltr'><strong>Trojani</strong></span> <span class='ocrx_word' id='word_1_12' title='bbox 470 595 555 667; x_wconf 86' lang='lat' dir='ltr'><strong>belli</strong></span> <span class='ocrx_word' id='word_1_13' title='bbox 578 606 739 688; x_wconf 81' lang='lat' dir='ltr'><strong>tempora</strong></span> <span class='ocrx_word' id='word_1_14' title='bbox 759 612 901 665; x_wconf 70' lang='lat' dir='ltr'><strong>ccxxx.</strong></span> <span class='ocrx_word' id='word_1_15' title='bbox 918 594 1019 666; x_wconf 78' lang='lat' dir='ltr'><strong>annis</strong></span> <span class='ocrx_word' id='word_1_16' title='bbox 1038 603 1138 666; x_wconf 84' lang='lat' dir='ltr'><strong>ante-</strong></span> 
     </span>
     <span class='ocr_line' id='line_1_4' title="bbox 97 712 1138 802; baseline -0.002 -17"><span class='ocrx_word' id='word_1_17' title='bbox 97 723 288 797; x_wconf 86' lang='lat' dir='ltr'><strong>cesserunt,</strong></span> <span class='ocrx_word' id='word_1_18' title='bbox 305 715 400 785; x_wconf 90' lang='lat' dir='ltr'><strong>hunc</strong></span> <span class='ocrx_word' id='word_1_19' title='bbox 417 737 463 785; x_wconf 85' lang='lat' dir='ltr'><strong>ox</strong></span> <span class='ocrx_word' id='word_1_20' title='bbox 481 712 560 783; x_wconf 87' lang='lat' dir='ltr'><strong>Deo</strong></span> <span class='ocrx_word' id='word_1_21' title='bbox 577 719 700 783; x_wconf 83' lang='lat' dir='ltr'><strong>natum</strong></span> <span class='ocrx_word' id='word_1_22' title='bbox 718 732 795 783; x_wconf 75' lang='lat' dir='ltr'><strong>esse</strong></span> <span class='ocrx_word' id='word_1_23' title='bbox 810 719 1009 796; x_wconf 81' lang='lat' dir='ltr'><strong>testantur3</strong></span> <span class='ocrx_word' id='word_1_24' title='bbox 1032 712 1138 802; x_wconf 88' lang='lat' dir='ltr'><strong>hujus</strong></span> 
     </span>
     <span class='ocr_line' id='line_1_5' title="bbox 98 826 1137 925; baseline -0.004 -24"><span class='ocrx_word' id='word_1_25' title='bbox 98 853 229 901; x_wconf 89' lang='lat' dir='ltr'><strong>nomen</strong></span> <span class='ocrx_word' id='word_1_26' title='bbox 252 829 341 900; x_wconf 90' lang='lat' dir='ltr'><strong>nulli</strong></span> <span class='ocrx_word' id='word_1_27' title='bbox 366 853 442 901; x_wconf 86' lang='lat' dir='ltr'><strong>esso</strong></span> <span class='ocrx_word' id='word_1_28' title='bbox 460 828 555 925; x_wconf 81' lang='lat' dir='ltr'>(sor.</span> <span class='ocrx_word' id='word_1_29' title='bbox 576 837 631 900; x_wconf 86' lang='lat' dir='ltr'><strong>ost</strong></span> <span class='ocrx_word' id='word_1_30' title='bbox 651 826 815 923; x_wconf 67' lang='lat' dir='ltr'><strong>Psrffuc)</strong></span> <span class='ocrx_word' id='word_1_31' title='bbox 833 837 968 911; x_wconf 87' lang='lat' dir='ltr'><strong>notum,</strong></span> <span class='ocrx_word' id='word_1_32' title='bbox 985 829 1051 899; x_wconf 92' lang='lat' dir='ltr'><strong>nisi</strong></span> <span class='ocrx_word' id='word_1_33' title='bbox 1072 828 1137 921; x_wconf 90' lang='lat' dir='ltr'><strong>ipsi</strong></span> 
     </span>
     <span class='ocr_line' id='line_1_6' title="bbox 98 942 1137 1037; baseline -0.003 -20"><span class='ocrx_word' id='word_1_34' title='bbox 98 956 139 1017; x_wconf 86' lang='lat' dir='ltr'><strong>et</strong></span> <span class='ocrx_word' id='word_1_35' title='bbox 156 946 263 1031; x_wconf 79' lang='lat' dir='ltr'><strong>Petri,</strong></span> <span class='ocrx_word' id='word_1_36' title='bbox 280 948 372 1018; x_wconf 91' lang='lat' dir='ltr'><strong>sicut</strong></span> <span class='ocrx_word' id='word_1_37' title='bbox 390 947 494 1017; x_wconf 85' lang='lat' dir='ltr'><strong>docet</strong></span> <span class='ocrx_word' id='word_1_38' title='bbox 517 946 542 1017; x_wconf 90' lang='lat' dir='ltr'>J</span> <span class='ocrx_word' id='word_1_39' title='bbox 544 967 675 1017; x_wconf 79' lang='lat' dir='ltr'><strong>oannes</strong></span> <span class='ocrx_word' id='word_1_40' title='bbox 692 946 729 1014; x_wconf 95' lang='lat' dir='ltr'><strong>in</strong></span> <span class='ocrx_word' id='word_1_41' title='bbox 747 942 988 1014; x_wconf 82' lang='lat' dir='ltr'><strong>Rcveletione.</strong></span> <span class='ocrx_word' id='word_1_42' title='bbox 1007 942 1137 1037; x_wconf 80' lang='lat' dir='ltr'><strong>(Apoc.</strong></span> 
     </span>
     <span class='ocr_line' id='line_1_7' title="bbox 99 1057 1141 1156; baseline -0.002 -23"><span class='ocrx_word' id='word_1_43' title='bbox 99 1064 267 1156; x_wconf 76' lang='lat' dir='ltr'><strong>xix.12.)</strong></span> <span class='ocrx_word' id='word_1_44' title='bbox 319 1062 472 1133; x_wconf 87' lang='lat' dir='ltr'><strong>Hermes</strong></span> <span class='ocrx_word' id='word_1_45' title='bbox 490 1064 540 1133; x_wconf 84' lang='lat' dir='ltr'><strong>uit</strong></span> <span class='ocrx_word' id='word_1_46' title='bbox 560 1084 629 1133; x_wconf 78' lang='lat' dir='ltr'><strong>oon</strong></span> <span class='ocrx_word' id='word_1_47' title='bbox 649 1083 751 1155; x_wconf 81' lang='lat' dir='ltr'><strong>posse</strong></span> <span class='ocrx_word' id='word_1_48' title='bbox 770 1082 892 1131; x_wconf 73' lang='lat' dir='ltr'><strong>nornen</strong></span> <span class='ocrx_word' id='word_1_49' title='bbox 916 1057 987 1153; x_wconf 78' lang='lat' dir='ltr'><strong>eyiu</strong></span> <span class='ocrx_word' id='word_1_50' title='bbox 1002 1059 1141 1133; x_wconf 72' lang='lat' dir='ltr'><strong>mortali</strong></span> 
     </span>
     <span class='ocr_line' id='line_1_8' title="bbox 100 1177 1140 1275; baseline 0.002 -26"><span class='ocrx_word' id='word_1_51' title='bbox 100 1202 161 1250; x_wconf 75' lang='lat' dir='ltr'><strong>ore</strong></span> <span class='ocrx_word' id='word_1_52' title='bbox 183 1177 352 1275; x_wconf 78' lang='lat' dir='ltr'><strong>proferri.</strong></span> <span class='ocrx_word' id='word_1_53' title='bbox 401 1178 463 1250; x_wconf 89' lang='lat' dir='ltr'><strong>Ab</strong></span> <span class='ocrx_word' id='word_1_54' title='bbox 492 1180 692 1251; x_wconf 90' lang='lat' dir='ltr'><strong>hominibus</strong></span> <span class='ocrx_word' id='word_1_55' title='bbox 721 1189 842 1252; x_wconf 88' lang='lat' dir='ltr'><strong>tamen</strong></span> <span class='ocrx_word' id='word_1_56' title='bbox 871 1181 1009 1252; x_wconf 88' lang='lat' dir='ltr'><strong>duobus</strong></span> <span class='ocrx_word' id='word_1_57' title='bbox 1038 1204 1140 1251; x_wconf 82' lang='lat' dir='ltr'><strong>voea-</strong></span> 
     </span>
     <span class='ocr_line' id='line_1_9' title="bbox 100 1296 1141 1390; baseline 0 -23"><span class='ocrx_word' id='word_1_58' title='bbox 100 1296 196 1367; x_wconf 91' lang='lat' dir='ltr'><strong>bnlis</strong></span> <span class='ocrx_word' id='word_1_59' title='bbox 237 1306 470 1390; x_wconf 82' lang='lat' dir='ltr'><strong>nuncupatur,</strong></span> <span class='ocrx_word' id='word_1_60' title='bbox 510 1296 625 1381; x_wconf 86' lang='lat' dir='ltr'><strong>Josus,</strong></span> <span class='ocrx_word' id='word_1_61' title='bbox 662 1296 756 1388; x_wconf 91' lang='lat' dir='ltr'><strong>quod</strong></span> <span class='ocrx_word' id='word_1_62' title='bbox 794 1307 849 1369; x_wconf 86' lang='lat' dir='ltr'><strong>ost</strong></span> <span class='ocrx_word' id='word_1_63' title='bbox 891 1298 1062 1381; x_wconf 83' lang='lat' dir='ltr'>Salvator,</span> <span class='ocrx_word' id='word_1_64' title='bbox 1103 1306 1141 1367; x_wconf 87' lang='lat' dir='ltr'><strong>et</strong></span> 
     </span>
     <span class='ocr_line' id='line_1_10' title="bbox 102 1412 1142 1507; baseline 0 -23"><span class='ocrx_word' id='word_1_65' title='bbox 102 1412 274 1496; x_wconf 82' lang='lat' dir='ltr'><strong>Christus,</strong></span> <span class='ocrx_word' id='word_1_66' title='bbox 304 1415 398 1507; x_wconf 85' lang='lat' dir='ltr'><strong>quod</strong></span> <span class='ocrx_word' id='word_1_67' title='bbox 428 1424 484 1485; x_wconf 87' lang='lat' dir='ltr'><strong>est</strong></span> <span class='ocrx_word' id='word_1_68' title='bbox 516 1414 606 1484; x_wconf 85' lang='lat' dir='ltr'><strong>Rex.</strong></span> <span class='ocrx_word' id='word_1_69' title='bbox 660 1412 823 1485; x_wconf 79' lang='lat' dir='ltr'>Salvator</span> <span class='ocrx_word' id='word_1_70' title='bbox 853 1416 943 1498; x_wconf 87' lang='lat' dir='ltr'><strong>ideo,</strong></span> <span class='ocrx_word' id='word_1_71' title='bbox 972 1416 1055 1507; x_wconf 82' lang='lat' dir='ltr'><strong>quia</strong></span> <span class='ocrx_word' id='word_1_72' title='bbox 1087 1423 1142 1485; x_wconf 86' lang='lat' dir='ltr'><strong>cst</strong></span> 
     </span>
     <span class='ocr_line' id='line_1_11' title="bbox 102 1527 1142 1623; baseline 0.002 -25"><span class='ocrx_word' id='word_1_73' title='bbox 102 1529 239 1599; x_wconf 77' lang='lat' dir='ltr'><strong>sonatio</strong></span> <span class='ocrx_word' id='word_1_74' title='bbox 268 1538 306 1599; x_wconf 89' lang='lat' dir='ltr'><strong>et</strong></span> <span class='ocrx_word' id='word_1_75' title='bbox 330 1527 424 1599; x_wconf 81' lang='lat' dir='ltr'><strong>solus</strong></span> <span class='ocrx_word' id='word_1_76' title='bbox 454 1530 621 1613; x_wconf 89' lang='lat' dir='ltr'><strong>omnium,</strong></span> <span class='ocrx_word' id='word_1_77' title='bbox 647 1532 707 1623; x_wconf 91' lang='lat' dir='ltr'><strong>qui</strong></span> <span class='ocrx_word' id='word_1_78' title='bbox 733 1554 797 1623; x_wconf 86' lang='lat' dir='ltr'><strong>per</strong></span> <span class='ocrx_word' id='word_1_79' title='bbox 823 1552 905 1601; x_wconf 88' lang='lat' dir='ltr'><strong>oum</strong></span> <span class='ocrx_word' id='word_1_80' title='bbox 931 1532 1078 1602; x_wconf 90' lang='lat' dir='ltr'><strong>credunt</strong></span> <span class='ocrx_word' id='word_1_81' title='bbox 1105 1532 1142 1601; x_wconf 91' lang='lat' dir='ltr'><strong>in</strong></span> 
     </span>
     <span class='ocr_line' id='line_1_12' title="bbox 105 1645 1143 1740; baseline 0.002 -25"><span class='ocrx_word' id='word_1_82' title='bbox 105 1646 246 1717; x_wconf 85' lang='lat' dir='ltr'><strong>Deum:</strong></span> <span class='ocrx_word' id='word_1_83' title='bbox 277 1645 438 1717; x_wconf 84' lang='lat' dir='ltr'><strong>Christus</strong></span> <span class='ocrx_word' id='word_1_84' title='bbox 462 1648 552 1730; x_wconf 89' lang='lat' dir='ltr'><strong>ideo,</strong></span> <span class='ocrx_word' id='word_1_85' title='bbox 575 1649 656 1739; x_wconf 81' lang='lat' dir='ltr'><strong>quie</strong></span> <span class='ocrx_word' id='word_1_86' title='bbox 678 1650 753 1740; x_wconf 86' lang='lat' dir='ltr'><strong>ipse</strong></span> <span class='ocrx_word' id='word_1_87' title='bbox 783 1648 828 1719; x_wconf 89' lang='lat' dir='ltr'><strong>de</strong></span> <span class='ocrx_word' id='word_1_88' title='bbox 849 1647 938 1717; x_wconf 85' lang='lat' dir='ltr'><strong>coelo</strong></span> <span class='ocrx_word' id='word_1_89' title='bbox 962 1651 998 1718; x_wconf 94' lang='lat' dir='ltr'><strong>in</strong></span> <span class='ocrx_word' id='word_1_90' title='bbox 1027 1648 1143 1718; x_wconf 85' lang='lat' dir='ltr'><strong>saeculi</strong></span> 
     </span>
     <span class='ocr_line' id='line_1_13' title="bbox 103 1764 1145 1857; baseline 0 -25"><span class='ocrx_word' id='word_1_91' title='bbox 103 1764 211 1855; x_wconf 88' lang='lat' dir='ltr'><strong>hujus</strong></span> <span class='ocrx_word' id='word_1_92' title='bbox 226 1764 528 1835; x_wconf 79' lang='lat' dir='ltr'><strong>consummatione</strong></span> <span class='ocrx_word' id='word_1_93' title='bbox 545 1774 712 1836; x_wconf 86' lang='lat' dir='ltr'><strong>vontums</strong></span> <span class='ocrx_word' id='word_1_94' title='bbox 730 1774 807 1849; x_wconf 85' lang='lat' dir='ltr'><strong>est3</strong></span> <span class='ocrx_word' id='word_1_95' title='bbox 838 1773 879 1835; x_wconf 93' lang='lat' dir='ltr'><strong>ut</strong></span> <span class='ocrx_word' id='word_1_96' title='bbox 890 1765 1027 1857; x_wconf 82' lang='lat' dir='ltr'><strong>judicet</strong></span> <span class='ocrx_word' id='word_1_97' title='bbox 1044 1787 1145 1832; x_wconf 91' lang='lat' dir='ltr'><strong>mun-</strong></span> 
     </span>
     <span class='ocr_line' id='line_1_14' title="bbox 104 1879 1143 1974; baseline -0.002 -25"><span class='ocrx_word' id='word_1_98' title='bbox 104 1880 203 1961; x_wconf 92' lang='lat' dir='ltr'><strong>dum,</strong></span> <span class='ocrx_word' id='word_1_99' title='bbox 220 1887 267 1961; x_wconf 88' lang='lat' dir='ltr'><strong>et,</strong></span> <span class='ocrx_word' id='word_1_100' title='bbox 285 1882 538 1951; x_wconf 88' lang='lat' dir='ltr'><strong>resurrectione</strong></span> <span class='ocrx_word' id='word_1_101' title='bbox 556 1891 774 1951; x_wconf 90' lang='lat' dir='ltr'><strong>mortuorum</strong></span> <span class='ocrx_word' id='word_1_102' title='bbox 794 1882 897 1964; x_wconf 83' lang='lat' dir='ltr'><strong>facta,</strong></span> <span class='ocrx_word' id='word_1_103' title='bbox 915 1902 1062 1974; x_wconf 81' lang='lat' dir='ltr'><strong>mgnum</strong></span> <span class='ocrx_word' id='word_1_104' title='bbox 1079 1879 1143 1949; x_wconf 91' lang='lat' dir='ltr'><strong>sibi</strong></span> 
     </span>
     <span class='ocr_line' id='line_1_15' title="bbox 104 1997 496 2067; baseline -0.005 0"><span class='ocrx_word' id='word_1_105' title='bbox 104 1997 300 2067; x_wconf 80' lang='lat' dir='ltr'><strong>constituat</strong></span> <span class='ocrx_word' id='word_1_106' title='bbox 317 2006 496 2067; x_wconf 87' lang='lat' dir='ltr'><strong>aeternum.</strong></span> 
     </span>
    </p>
   </div>
   <div class='ocr_carea' id='block_1_3' title="bbox 489 2212 769 2287">
    <p class='ocr_par' dir='ltr' id='par_1_3' title="bbox 489 2212 769 2287">
     <span class='ocr_line' id='line_1_16' title="bbox 489 2212 769 2287; baseline 0.011 -3"><span class='ocrx_word' id='word_1_107' title='bbox 489 2212 598 2285; x_wconf 83' lang='lat' dir='ltr'><strong>OAP.</strong></span> <span class='ocrx_word' id='word_1_108' title='bbox 625 2215 769 2287; x_wconf 77' lang='lat' dir='ltr'><strong>XLIII,</strong></span> 
     </span>
    </p>
   </div>
   <div class='ocr_carea' id='block_1_4' title="bbox 108 2347 1210 3842">
    <p class='ocr_par' dir='ltr' id='par_1_4' title="bbox 108 2347 1210 3842">
     <span class='ocr_line' id='line_1_17' title="bbox 161 2347 1210 2439; baseline -0.006 -20"><span class='ocrx_word' id='word_1_109' title='bbox 161 2347 233 2419; x_wconf 85' lang='lat' dir='ltr'><strong>Sed</strong></span> <span class='ocrx_word' id='word_1_110' title='bbox 257 2370 304 2417; x_wconf 88' lang='lat' dir='ltr'><strong>ne</strong></span> <span class='ocrx_word' id='word_1_111' title='bbox 327 2369 396 2439; x_wconf 84' lang='lat' dir='ltr'><strong>qua</strong></span> <span class='ocrx_word' id='word_1_112' title='bbox 418 2347 509 2418; x_wconf 85' lang='lat' dir='ltr'><strong>forte</strong></span> <span class='ocrx_word' id='word_1_113' title='bbox 526 2349 572 2417; x_wconf 90' lang='lat' dir='ltr'><strong>sit</strong></span> <span class='ocrx_word' id='word_1_114' title='bbox 592 2349 685 2439; x_wconf 79' lang='lat' dir='ltr'><strong>apud</strong></span> <span class='ocrx_word' id='word_1_115' title='bbox 710 2356 747 2418; x_wconf 89' lang='lat' dir='ltr'><strong>te</strong></span> <span class='ocrx_word' id='word_1_116' title='bbox 769 2347 952 2431; x_wconf 84' lang='lat' dir='ltr'><strong>haesitctio,</strong></span> <span class='ocrx_word' id='word_1_117' title='bbox 970 2372 1033 2419; x_wconf 90' lang='lat' dir='ltr'><strong>cur</strong></span> <span class='ocrx_word' id='word_1_118' title='bbox 1054 2371 1147 2430; x_wconf 88' lang='lat' dir='ltr'><strong>eum,</strong></span> <span class='ocrx_word' id='word_1_119' title='bbox 1206 2408 1210 2413; x_wconf 88' lang='lat'>.</span> 
     </span>
     <span class='ocr_line' id='line_1_18' title="bbox 108 2462 1150 2557; baseline 0.001 -25"><span class='ocrx_word' id='word_1_120' title='bbox 108 2464 170 2556; x_wconf 93' lang='lat' dir='ltr'><strong>qui</strong></span> <span class='ocrx_word' id='word_1_121' title='bbox 188 2472 272 2533; x_wconf 79' lang='lat' dir='ltr'><strong>ente</strong></span> <span class='ocrx_word' id='word_1_122' title='bbox 294 2463 465 2533; x_wconf 88' lang='lat' dir='ltr'><strong>mundum</strong></span> <span class='ocrx_word' id='word_1_123' title='bbox 489 2487 534 2534; x_wconf 85' lang='lat' dir='ltr'><strong>ex</strong></span> <span class='ocrx_word' id='word_1_124' title='bbox 553 2462 632 2533; x_wconf 89' lang='lat' dir='ltr'><strong>Deo</strong></span> <span class='ocrx_word' id='word_1_125' title='bbox 655 2473 759 2535; x_wconf 84' lang='lat' dir='ltr'><strong>natus</strong></span> <span class='ocrx_word' id='word_1_126' title='bbox 779 2463 834 2545; x_wconf 88' lang='lat' dir='ltr'><strong>sit,</strong></span> <span class='ocrx_word' id='word_1_127' title='bbox 851 2464 875 2534; x_wconf 85' lang='lat' dir='ltr'>J</span> <span class='ocrx_word' id='word_1_128' title='bbox 877 2487 975 2534; x_wconf 90' lang='lat' dir='ltr'><strong>esum</strong></span> <span class='ocrx_word' id='word_1_129' title='bbox 997 2464 1150 2557; x_wconf 82' lang='lat' dir='ltr'><strong>appelle-</strong></span> 
     </span>
     <span class='ocr_line' id='line_1_19' title="bbox 110 2580 1150 2671; baseline 0 -22"><span class='ocrx_word' id='word_1_130' title='bbox 110 2602 201 2662; x_wconf 88' lang='lat' dir='ltr'><strong>mus,</strong></span> <span class='ocrx_word' id='word_1_131' title='bbox 218 2580 278 2671; x_wconf 91' lang='lat' dir='ltr'><strong>qui</strong></span> <span class='ocrx_word' id='word_1_132' title='bbox 303 2589 387 2650; x_wconf 84' lang='lat' dir='ltr'><strong>ente</strong></span> <span class='ocrx_word' id='word_1_133' title='bbox 413 2602 522 2651; x_wconf 81' lang='lat' dir='ltr'><strong>annos</strong></span> <span class='ocrx_word' id='word_1_134' title='bbox 547 2600 622 2652; x_wconf 88' lang='lat' dir='ltr'><strong>ccc.</strong></span> <span class='ocrx_word' id='word_1_135' title='bbox 649 2588 752 2651; x_wconf 83' lang='lat' dir='ltr'><strong>natus</strong></span> <span class='ocrx_word' id='word_1_136' title='bbox 777 2603 821 2650; x_wconf 84' lang='lat' dir='ltr'><strong>ex</strong></span> <span class='ocrx_word' id='word_1_137' title='bbox 848 2580 990 2652; x_wconf 89' lang='lat' dir='ltr'><strong>homine</strong></span> <span class='ocrx_word' id='word_1_138' title='bbox 1015 2590 1079 2662; x_wconf 87' lang='lat' dir='ltr'><strong>est,</strong></span> <span class='ocrx_word' id='word_1_139' title='bbox 1096 2601 1150 2649; x_wconf 84' lang='lat' dir='ltr'><strong>ro-</strong></span> 
     </span>
     <span class='ocr_line' id='line_1_20' title="bbox 111 2695 1150 2789; baseline -0.001 -23"><span class='ocrx_word' id='word_1_140' title='bbox 111 2695 247 2766; x_wconf 81' lang='lat' dir='ltr'><strong>tionem</strong></span> <span class='ocrx_word' id='word_1_141' title='bbox 277 2696 343 2766; x_wconf 91' lang='lat' dir='ltr'><strong>tibi</strong></span> <span class='ocrx_word' id='word_1_142' title='bbox 377 2695 532 2767; x_wconf 89' lang='lat' dir='ltr'><strong>breviter</strong></span> <span class='ocrx_word' id='word_1_143' title='bbox 560 2718 746 2789; x_wconf 78' lang='lat' dir='ltr'><strong>exponam.</strong></span> <span class='ocrx_word' id='word_1_144' title='bbox 797 2695 898 2766; x_wconf 87' lang='lat' dir='ltr'><strong>Idem</strong></span> <span class='ocrx_word' id='word_1_145' title='bbox 929 2707 984 2767; x_wconf 88' lang='lat' dir='ltr'><strong>est</strong></span> <span class='ocrx_word' id='word_1_146' title='bbox 1014 2695 1083 2765; x_wconf 87' lang='lat' dir='ltr'><strong>Dei</strong></span> <span class='ocrx_word' id='word_1_147' title='bbox 1113 2706 1150 2765; x_wconf 90' lang='lat' dir='ltr'><strong>et</strong></span> 
     </span>
     <span class='ocr_line' id='line_1_21' title="bbox 113 2812 1150 2905; baseline -0.001 -22"><span class='ocrx_word' id='word_1_148' title='bbox 113 2812 266 2883; x_wconf 92' lang='lat' dir='ltr'><strong>hominis</strong></span> <span class='ocrx_word' id='word_1_149' title='bbox 281 2812 384 2883; x_wconf 91' lang='lat' dir='ltr'><strong>filius.</strong></span> <span class='ocrx_word' id='word_1_150' title='bbox 428 2812 490 2884; x_wconf 91' lang='lat' dir='ltr'><strong>Bis</strong></span> <span class='ocrx_word' id='word_1_151' title='bbox 507 2814 602 2884; x_wconf 88' lang='lat' dir='ltr'><strong>enirn</strong></span> <span class='ocrx_word' id='word_1_152' title='bbox 618 2821 723 2883; x_wconf 83' lang='lat' dir='ltr'><strong>natus</strong></span> <span class='ocrx_word' id='word_1_153' title='bbox 740 2821 814 2896; x_wconf 87' lang='lat' dir='ltr'><strong>est;</strong></span> <span class='ocrx_word' id='word_1_154' title='bbox 840 2815 991 2905; x_wconf 91' lang='lat' dir='ltr'><strong>primum</strong></span> <span class='ocrx_word' id='word_1_155' title='bbox 1008 2814 1053 2884; x_wconf 84' lang='lat' dir='ltr'><strong>de</strong></span> <span class='ocrx_word' id='word_1_156' title='bbox 1071 2812 1150 2883; x_wconf 88' lang='lat' dir='ltr'><strong>Deo</strong></span> 
     </span>
     <span class='ocr_line' id='line_1_22' title="bbox 113 2930 1152 3022; baseline 0.001 -25"><span class='ocrx_word' id='word_1_157' title='bbox 113 2930 151 2998; x_wconf 91' lang='lat' dir='ltr'><strong>in</strong></span> <span class='ocrx_word' id='word_1_158' title='bbox 175 2930 300 3021; x_wconf 90' lang='lat' dir='ltr'><strong>spiritu</strong></span> <span class='ocrx_word' id='word_1_159' title='bbox 323 2937 406 2999; x_wconf 81' lang='lat' dir='ltr'><strong>ante</strong></span> <span class='ocrx_word' id='word_1_160' title='bbox 429 2937 546 3000; x_wconf 89' lang='lat' dir='ltr'><strong>ortum</strong></span> <span class='ocrx_word' id='word_1_161' title='bbox 574 2930 718 3012; x_wconf 82' lang='lat' dir='ltr'><strong>mundi3</strong></span> <span class='ocrx_word' id='word_1_162' title='bbox 743 2931 969 3022; x_wconf 91' lang='lat' dir='ltr'><strong>postmodum</strong></span> <span class='ocrx_word' id='word_1_163' title='bbox 994 2930 1031 2998; x_wconf 92' lang='lat' dir='ltr'><strong>in</strong></span> <span class='ocrx_word' id='word_1_164' title='bbox 1047 2951 1152 2999; x_wconf 80' lang='lat' dir='ltr'><strong>cume</strong></span> 
     </span>
     <span class='ocr_line' id='line_1_23' title="bbox 114 3043 1152 3139; baseline 0 -24"><span class='ocrx_word' id='word_1_165' title='bbox 114 3069 162 3116; x_wconf 86' lang='lat' dir='ltr'><strong>ex</strong></span> <span class='ocrx_word' id='word_1_166' title='bbox 179 3045 331 3129; x_wconf 89' lang='lat' dir='ltr'><strong>homine,</strong></span> <span class='ocrx_word' id='word_1_167' title='bbox 350 3043 514 3139; x_wconf 86' lang='lat' dir='ltr'><strong>Augusto</strong></span> <span class='ocrx_word' id='word_1_168' title='bbox 530 3048 744 3139; x_wconf 78' lang='lat' dir='ltr'><strong>imperante:</strong></span> <span class='ocrx_word' id='word_1_169' title='bbox 765 3048 865 3139; x_wconf 86' lang='lat' dir='ltr'><strong>cujus</strong></span> <span class='ocrx_word' id='word_1_170' title='bbox 881 3048 931 3117; x_wconf 88' lang='lat' dir='ltr'><strong>roi</strong></span> <span class='ocrx_word' id='word_1_171' title='bbox 948 3045 1152 3139; x_wconf 73' lang='lat' dir='ltr'><strong>praeclarum</strong></span> 
     </span>
     <span class='ocr_line' id='line_1_24' title="bbox 115 3163 1153 3256; baseline -0.003 -23"><span class='ocrx_word' id='word_1_172' title='bbox 115 3171 155 3233; x_wconf 88' lang='lat' dir='ltr'><strong>et</strong></span> <span class='ocrx_word' id='word_1_173' title='bbox 182 3164 314 3256; x_wconf 84' lang='lat' dir='ltr'><strong>grande</strong></span> <span class='ocrx_word' id='word_1_174' title='bbox 343 3164 549 3255; x_wconf 81' lang='lat' dir='ltr'><strong>mysterium</strong></span> <span class='ocrx_word' id='word_1_175' title='bbox 578 3172 643 3247; x_wconf 90' lang='lat' dir='ltr'><strong>est,</strong></span> <span class='ocrx_word' id='word_1_176' title='bbox 676 3165 813 3256; x_wconf 91' lang='lat' dir='ltr'><strong>inquo</strong></span> <span class='ocrx_word' id='word_1_177' title='bbox 842 3172 880 3233; x_wconf 85' lang='lat' dir='ltr'><strong>et</strong></span> <span class='ocrx_word' id='word_1_178' title='bbox 913 3163 1007 3235; x_wconf 84' lang='lat' dir='ltr'><strong>salus</strong></span> <span class='ocrx_word' id='word_1_179' title='bbox 1040 3163 1153 3232; x_wconf 92' lang='lat' dir='ltr'><strong>homi-</strong></span> 
     </span>
     <span class='ocr_line' id='line_1_25' title="bbox 115 3278 1155 3373; baseline -0.001 -24"><span class='ocrx_word' id='word_1_180' title='bbox 115 3301 214 3361; x_wconf 89' lang='lat' dir='ltr'><strong>num,</strong></span> <span class='ocrx_word' id='word_1_181' title='bbox 230 3287 269 3349; x_wconf 89' lang='lat' dir='ltr'><strong>et</strong></span> <span class='ocrx_word' id='word_1_182' title='bbox 292 3278 415 3373; x_wconf 83' lang='lat' dir='ltr'><strong>religio</strong></span> <span class='ocrx_word' id='word_1_183' title='bbox 440 3281 568 3350; x_wconf 89' lang='lat' dir='ltr'><strong>summi</strong></span> <span class='ocrx_word' id='word_1_184' title='bbox 595 3280 673 3363; x_wconf 88' lang='lat' dir='ltr'><strong>Dei,</strong></span> <span class='ocrx_word' id='word_1_185' title='bbox 690 3287 728 3351; x_wconf 89' lang='lat' dir='ltr'><strong>et</strong></span> <span class='ocrx_word' id='word_1_186' title='bbox 753 3281 866 3351; x_wconf 90' lang='lat' dir='ltr'><strong>omnis</strong></span> <span class='ocrx_word' id='word_1_187' title='bbox 891 3282 1018 3352; x_wconf 83' lang='lat' dir='ltr'><strong>veritas</strong></span> <span class='ocrx_word' id='word_1_188' title='bbox 1043 3281 1155 3351; x_wconf 90' lang='lat' dir='ltr'><strong>conti-</strong></span> 
     </span>
     <span class='ocr_line' id='line_1_26' title="bbox 116 3395 1154 3491; baseline -0.002 -23"><span class='ocrx_word' id='word_1_189' title='bbox 116 3406 232 3469; x_wconf 90' lang='lat' dir='ltr'><strong>netur.</strong></span> <span class='ocrx_word' id='word_1_190' title='bbox 295 3395 391 3467; x_wconf 80' lang='lat' dir='ltr'><strong>Nam</strong></span> <span class='ocrx_word' id='word_1_191' title='bbox 421 3420 501 3467; x_wconf 91' lang='lat' dir='ltr'><strong>cum</strong></span> <span class='ocrx_word' id='word_1_192' title='bbox 534 3398 686 3491; x_wconf 84' lang='lat' dir='ltr'><strong>primum</strong></span> <span class='ocrx_word' id='word_1_193' title='bbox 720 3398 879 3470; x_wconf 82' lang='lat' dir='ltr'><strong>scelerati</strong></span> <span class='ocrx_word' id='word_1_194' title='bbox 917 3408 1023 3491; x_wconf 83' lang='lat' dir='ltr'><strong>atquo</strong></span> <span class='ocrx_word' id='word_1_195' title='bbox 1055 3398 1154 3490; x_wconf 88' lang='lat' dir='ltr'><strong>impii</strong></span> 
     </span>
     <span class='ocr_line' id='line_1_27' title="bbox 117 3512 1153 3609; baseline 0.004 -26"><span class='ocrx_word' id='word_1_196' title='bbox 117 3514 265 3584; x_wconf 87' lang='lat' dir='ltr'><strong>deorum</strong></span> <span class='ocrx_word' id='word_1_197' title='bbox 295 3512 412 3585; x_wconf 86' lang='lat' dir='ltr'><strong>cultus</strong></span> <span class='ocrx_word' id='word_1_198' title='bbox 440 3537 504 3607; x_wconf 88' lang='lat' dir='ltr'><strong>per</strong></span> <span class='ocrx_word' id='word_1_199' title='bbox 531 3515 672 3585; x_wconf 80' lang='lat' dir='ltr'><strong>insidias</strong></span> <span class='ocrx_word' id='word_1_200' title='bbox 701 3518 903 3585; x_wconf 87' lang='lat' dir='ltr'><strong>daemonum</strong></span> <span class='ocrx_word' id='word_1_201' title='bbox 931 3518 1153 3609; x_wconf 76' lang='lat' dir='ltr'><strong>irrepsertmt,</strong></span> 
     </span>
     <span class='ocr_line' id='line_1_28' title="bbox 118 3630 1154 3726; baseline 0.002 -27"><span class='ocrx_word' id='word_1_202' title='bbox 118 3640 197 3699; x_wconf 91' lang='lat' dir='ltr'><strong>tum</strong></span> <span class='ocrx_word' id='word_1_203' title='bbox 227 3652 335 3723; x_wconf 86' lang='lat' dir='ltr'><strong>penes</strong></span> <span class='ocrx_word' id='word_1_204' title='bbox 364 3630 456 3702; x_wconf 86' lang='lat' dir='ltr'><strong>solos</strong></span> <span class='ocrx_word' id='word_1_205' title='bbox 486 3630 655 3702; x_wconf 81' lang='lat' dir='ltr'><strong>Hobraeos</strong></span> <span class='ocrx_word' id='word_1_206' title='bbox 682 3632 806 3726; x_wconf 83' lang='lat' dir='ltr'><strong>religio</strong></span> <span class='ocrx_word' id='word_1_207' title='bbox 833 3630 901 3702; x_wconf 86' lang='lat' dir='ltr'><strong>Dei</strong></span> <span class='ocrx_word' id='word_1_208' title='bbox 930 3634 1068 3715; x_wconf 83' lang='lat' dir='ltr'><strong>mansit,</strong></span> <span class='ocrx_word' id='word_1_209' title='bbox 1094 3634 1154 3726; x_wconf 93' lang='lat' dir='ltr'><strong>qui</strong></span> 
     </span>
     <span class='ocr_line' id='line_1_29' title="bbox 119 3746 1156 3842; baseline 0.004 -26"><span class='ocrx_word' id='word_1_210' title='bbox 119 3756 240 3817; x_wconf 85' lang='lat' dir='ltr'><strong>tumen</strong></span> <span class='ocrx_word' id='word_1_211' title='bbox 266 3769 337 3816; x_wconf 91' lang='lat' dir='ltr'><strong>non</strong></span> <span class='ocrx_word' id='word_1_212' title='bbox 363 3746 442 3840; x_wconf 86' lang='lat' dir='ltr'><strong>lego</strong></span> <span class='ocrx_word' id='word_1_213' title='bbox 466 3748 592 3839; x_wconf 80' lang='lat' dir='ltr'><strong>ulique,</strong></span> <span class='ocrx_word' id='word_1_214' title='bbox 618 3750 678 3819; x_wconf 88' lang='lat' dir='ltr'><strong>sed</strong></span> <span class='ocrx_word' id='word_1_215' title='bbox 701 3749 871 3818; x_wconf 84' lang='lat' dir='ltr'><strong>traditum</strong></span> <span class='ocrx_word' id='word_1_216' title='bbox 901 3749 966 3819; x_wconf 89' lang='lat' dir='ltr'><strong>sibi</strong></span> <span class='ocrx_word' id='word_1_217' title='bbox 993 3774 1056 3842; x_wconf 87' lang='lat' dir='ltr'><strong>per</strong></span> <span class='ocrx_word' id='word_1_218' title='bbox 1079 3774 1156 3821; x_wconf 92' lang='lat' dir='ltr'><strong>suc-</strong></span> 
     </span>
    </p>
   </div>
   <div class='ocr_carea' id='block_1_5' title="bbox 119 3862 1157 4314">
    <p class='ocr_par' dir='ltr' id='par_1_5' title="bbox 119 3862 1157 4314">
     <span class='ocr_line' id='line_1_30' title="bbox 120 3862 1155 3957; baseline 0.005 -24"><span class='ocrx_word' id='word_1_219' title='bbox 120 3864 313 3934; x_wconf 82' lang='lat' dir='ltr'><strong>cessionem</strong></span> <span class='ocrx_word' id='word_1_220' title='bbox 339 3862 477 3935; x_wconf 90' lang='lat' dir='ltr'><strong>cultum</strong></span> <span class='ocrx_word' id='word_1_221' title='bbox 501 3867 614 3957; x_wconf 79' lang='lat' dir='ltr'><strong>patrio</strong></span> <span class='ocrx_word' id='word_1_222' title='bbox 639 3889 736 3935; x_wconf 89' lang='lat' dir='ltr'><strong>more</strong></span> <span class='ocrx_word' id='word_1_223' title='bbox 761 3874 951 3936; x_wconf 87' lang='lat' dir='ltr'><strong>tenuerunt</strong></span> <span class='ocrx_word' id='word_1_224' title='bbox 977 3869 1155 3957; x_wconf 80' lang='lat' dir='ltr'><strong>usquead</strong></span> 
     </span>
     <span class='ocr_line' id='line_1_31' title="bbox 120 3980 1153 4078; baseline 0.005 -29"><span class='ocrx_word' id='word_1_225' title='bbox 120 3980 158 4049; x_wconf 90' lang='lat' dir='ltr'><strong>id</strong></span> <span class='ocrx_word' id='word_1_226' title='bbox 185 3996 336 4074; x_wconf 86' lang='lat' dir='ltr'><strong>tempus,</strong></span> <span class='ocrx_word' id='word_1_227' title='bbox 358 4006 428 4074; x_wconf 91' lang='lat' dir='ltr'><strong>quo</strong></span> <span class='ocrx_word' id='word_1_228' title='bbox 454 3984 499 4053; x_wconf 85' lang='lat' dir='ltr'><strong>de</strong></span> <span class='ocrx_word' id='word_1_229' title='bbox 526 3982 679 4078; x_wconf 83' lang='lat' dir='ltr'><strong>AEgypto</strong></span> <span class='ocrx_word' id='word_1_230' title='bbox 701 3987 875 4066; x_wconf 84' lang='lat' dir='ltr'><strong>exierunt,</strong></span> <span class='ocrx_word' id='word_1_231' title='bbox 901 3984 1029 4077; x_wconf 87' lang='lat' dir='ltr'><strong>Moyse</strong></span> <span class='ocrx_word' id='word_1_232' title='bbox 1055 3986 1153 4067; x_wconf 87' lang='lat' dir='ltr'><strong>duce,</strong></span> 
     </span>
     <span class='ocr_line' id='line_1_32' title="bbox 121 4098 1157 4194; baseline 0.005 -27"><span class='ocrx_word' id='word_1_233' title='bbox 121 4098 235 4190; x_wconf 93' lang='lat' dir='ltr'><strong>primo</strong></span> <span class='ocrx_word' id='word_1_234' title='bbox 258 4101 414 4169; x_wconf 90' lang='lat' dir='ltr'><strong>omnium</strong></span> <span class='ocrx_word' id='word_1_235' title='bbox 437 4100 697 4193; x_wconf 81' lang='lat' dir='ltr'><strong>prophetanim,</strong></span> <span class='ocrx_word' id='word_1_236' title='bbox 714 4124 778 4194; x_wconf 86' lang='lat' dir='ltr'><strong>per</strong></span> <span class='ocrx_word' id='word_1_237' title='bbox 799 4124 904 4193; x_wconf 87' lang='lat' dir='ltr'><strong>quern</strong></span> <span class='ocrx_word' id='word_1_238' title='bbox 928 4100 996 4171; x_wconf 86' lang='lat' dir='ltr'><strong>iliis</strong></span> <span class='ocrx_word' id='word_1_239' title='bbox 1018 4102 1077 4172; x_wconf 88' lang='lat' dir='ltr'><strong>lex</strong></span> <span class='ocrx_word' id='word_1_240' title='bbox 1102 4112 1157 4173; x_wconf 85' lang='lat' dir='ltr'><strong>ost</strong></span> 
     </span>
     <span class='ocr_line' id='line_1_33' title="bbox 119 4214 1156 4314; baseline 0.004 -29"><span class='ocrx_word' id='word_1_241' title='bbox 119 4238 143 4285; x_wconf 81' lang='lat' dir='ltr'>a</span> <span class='ocrx_word' id='word_1_242' title='bbox 160 4214 239 4285; x_wconf 89' lang='lat' dir='ltr'><strong>Deo</strong></span> <span class='ocrx_word' id='word_1_243' title='bbox 256 4216 428 4309; x_wconf 69' lang='lat' dir='ltr'><strong>impositu</strong></span> <span class='ocrx_word' id='word_1_244' title='bbox 447 4220 505 4309; x_wconf 90' lang='lat' dir='ltr'><strong>qui</strong></span> <span class='ocrx_word' id='word_1_245' title='bbox 521 4217 663 4303; x_wconf 65' lang='lat' dir='ltr'><strong>&lt;rustic</strong></span> <span class='ocrx_word' id='word_1_246' title='bbox 676 4218 725 4288; x_wconf 91' lang='lat' dir='ltr'><strong>hii</strong></span> <span class='ocrx_word' id='word_1_247' title='bbox 739 4221 809 4309; x_wconf 92' lang='lat' dir='ltr'><strong>qui,</strong></span> <span class='ocrx_word' id='word_1_248' title='bbox 816 4218 894 4314; x_wconf 87' lang='lat' dir='ltr'><strong>sor.</strong></span> <span class='ocrx_word' id='word_1_249' title='bbox 912 4220 1006 4310; x_wconf 89' lang='lat' dir='ltr'><strong>iique</strong></span> <span class='ocrx_word' id='word_1_250' title='bbox 1020 4218 1156 4309; x_wconf 79' lang='lat' dir='ltr'><strong>Dacis.)</strong></span> 
     </span>
    </p>
   </div>
   <div class='ocr_carea' id='block_1_6' title="bbox 0 0 1467 4817">
    <p class='ocr_par' dir='ltr' id='par_1_6' title="bbox 0 0 1467 4817">
     <span class='ocr_line' id='line_1_34' title="bbox 0 0 1467 4817; baseline 0 0"><span class='ocrx_word' id='word_1_251' title='bbox 0 0 1467 4817; x_wconf 95' lang='lat' dir='ltr'><strong> </strong></span> 
     </span>
    </p>
   </div>
  </div>
 </body>
</html>
