2867 4817
253 328 305 392 IN
331 328 364 393 S.
381 328 662 394 POLYCARPI
686 328 981 395 EPISTOLAM.
1098 330 1141 393 23

91 521 153 565 sam
173 500 297 585 judieio
324 500 496 587 polycarpi
521 500 763 586 permittebant.
808 499 893 566 Vide
926 501 1047 567 Vindio.
1071 501 1141 587 ejus

91 587 282 673 lpntiases,
296 596 383 672 part.
401 586 448 651 ΙΙ.
464 609 532 673 eap.
549 606 599 671 13.
615 610 646 672 p.
663 590 733 668 169.

128 673 167 737 P.
187 692 238 736 12.
255 674 276 736 b
293 694 325 759 3.
346 700 383 761 τη
409 676 505 758 σοφίη
527 678 582 737 τοῦ
605 676 750 755 μακαρίον
775 674 824 738 καὶ
848 675 970 752 ἐνδόξου
995 674 1138 762 Παύλου]

90 758 206 845 Insigni
220 760 329 845 elogio
344 758 540 845 Polyoarpus
555 759 745 824 cohonestat
759 759 792 823 S.
809 760 945 824 Paulum
965 758 1000 823 ob
1020 761 1140 860 sapion-

89 849 180 919 ιὲαοος
204 868 274 930 qua
287 866 366 910 roos
381 846 416 909 S.
433 846 552 911 Petrus
566 845 606 910 de
621 846 733 910 eodem
747 846 859 923 utitur,
877 864 896 913 2
913 846 1016 930 Epist.
1031 846 1076 909 iu.
1091 864 1138 931 15.

89 932 159 997 ba
182 933 228 997 ob
251 932 421 997 seientiam
444 932 620 996 ooelestium
643 952 833 996 areanorum
859 938 893 996 et
917 932 1141 1016 mysteriorum

89 1018 260 1103 svmgelii:
285 1040 382 1103 quem
403 1024 512 1104 patres
532 1018 715 1083 omniafere
729 1018 798 1096 aevi,
814 1018 1021 1083 aoeumulatis
1035 1018 1140 1083 istius-

88 1106 170 1169 modi
191 1126 212 1169 e
334 1112 461 1169 secutos
480 1126 550 1169 esse
571 1104 678 1203 notius
699 1110 759 1181 est,
774 1126 872 1188 quam
892 1112 930 1169 ut
948 1104 1141 1169 testimoniis

88 1212 253 1341 ”itti
270 1190 965 1364 rt‘tsstssftttmtffztbsbtt
979 1278 1141 1363 pampo

88 1362 218 1447 epistola
232 1362 311 1446 eju.
345 1362 508 1447 Epistolas
522 1369 557 1427 et
571 1363 611 1427 (le
626 1385 690 1427 una
704 1362 840 1446 epistola
853 1362 925 1440 diei,
938 1363 1141 1429 observatum

89 1448 189 1515 doctis
204 1448 447 1534 seripturarum
462 1448 690 1533 interpretibus
704 1448 748 1512 ad
761 1448 859 1513 libros
869 1449 1141 1515 Maohabaeomm.

89 1536 291 1635 Gormrnpus.
323 1534 389 1635 .D.⁰
404 1557 467 1635 una
481 1542 610 1599 tantum
625 1534 761 1620 epistole
778 1534 916 1635 Paulina
931 1535 1142 1635 Polyearpum

89 1621 254 1772 thbliiiui'
267 1620 1143 1793 ῗᾞιιςῃἓήξῗὶήοήηῗπῗνῗὲνᾶήοριὲήῖιῗωιῖῗῑοῗέξα(1υο

90 1794 184 1858 libros
206 1793 316 1859 editos
340 1793 520 1879 irrepsisset
544 1796 637 1873 ὑμῶν,
661 1793 765 1857 looum
793 1793 876 1859 eorri
916 1816 952 1858 ra
974 1793 1142 1861 voluerumt

89 1879 214 1957 Junius,
236 1878 424 1955 cotelerius,
449 1878 602 1956 Smithus,
626 1879 759 1963 Freyus‚
780 1881 862 1959 ἡμῶν
894 1881 1052 1966 egendum
1072 1902 1142 1947 esse

90 1979 173 2031 reete
187 1972 369 2031 monentes
406 1965 431 2028 J
431 1988 485 2030 am
499 1987 574 2029 vero
588 1966 727 2051 oomperi
741 1966 895 2042 extitisse,
911 1973 946 2031 et
960 1972 1094 2031 nostram
1108 1967 1141 2030 in

90 2052 228 2117 editione
254 2050 399 2137 principe
425 2051 615 2137 Interpretia
639 2050 757 2130 Latini,
783 2059 818 2116 et
841 2054 924 2131 ἡμῶν
944 2052 978 2115 in
1002 2053 1142 2118 editione

92 2138 191 2203 Graeci
213 2137 409 2223 exemplaris
456 2137 584 2223 rineipe‚
608 2159 703 2223 quam
728 2160 769 2202 ex
793 2139 980 2223 apographo
1001 2139 1141 2204 Sirmon·

92 2224 182 2289 diano
197 2223 386 2289 Halloixins
450 2224 584 2289 ornavit.
631 2224 721 2289 Idem
742 2246 877 2309 quoque,
895 2231 933 2290 ut
952 2225 1053 2290 sodex
1068 2226 1142 2290 Flo

92 2311 242 2387 reatinus,
259 2311 307 2375 sio
328 2332 395 2395 prae
416 2332 449 2374 ae
468 2311 532 2374 fert
546 2310 704 2375 Aldriobii
721 2309 830 2387 editio,
846 2311 903 2375 sed
924 2311 1019 2396 hujus
1032 2319 1142 2377 tamen

92 2419 151 2462 orm
164 2397 322 2483 adposita
344 2405 394 2461 est
408 2397 593 2481 oonjeotura
610 2399 700 2475 ὑμῶν.
745 2396 796 2461 At
809 2418 884 2460 vero
904 2405 1071 2463 mutuatus
1092 2405 1142 2464 est

92 2482 290 2569 Polyearpns
311 2483 411 2547 verba
434 2483 572 2568 apostoli
596 2483 630 2546 in
655 2484 759 2568 Epist.
784 2483 830 2548 od
855 2483 994 2558 Galatas,
1020 2484 1060 2549 iv.
1090 2487 1141 2549 26.

91 2572 148 2647 ήῐισ
162 2572 231 2633 ἐστὶ
246 2568 345 2650 μήτηρ
359 2568 479 2633 πάντων
492 2570 584 2649 ἡμῶν.
631 2568 681 2633 De
695 2569 757 2633 hoe
774 2569 900 2634 interea
912 2570 998 2634 vocis
1011 2570 1141 2649 πάντων,

93 2656 276 2807 ὲῃηοὲωοραᾶάι
296 2654 450 2803 mimir
457 2655 617 2806 inter-{ipim
639 2654 1027 2807 omilttiltm‚bfirmam·pippto
1048 2657 1143 2807 ⁸¹}th

104 2786 109 2795 .
277 2762 381 2805 eoum.
451 2763 512 2805 uno
591 2764 717 2806 eexo.
753 2763 904 2807 aoosom
986 2764 1057 2807 rone
1134 2791 1143 2807 .

92 2828 335 2912 Apostolicorum
357 2827 594 2912 patrocinantes
615 2828 744 2893 laetioui
763 2830 846 2908 iper
867 2828 991 2893 oodioes
1012 2828 1144 2895 Vatiea·

94 2936 166 2978 num
180 2922 216 2979 et
231 2913 428 2977 Parisiuum.

135 3000 218 3065 Ibid.
234 3000 256 3065 l.
277 3018 328 3063 Π.
343 2998 420 3063 Ἐὰν
433 2998 492 3082 γάρ
510 3025 554 3067 τις
571 3002 684 3065 τούτων
698 2999 784 3067 ἐντὸς
804 2996 834 3087 ᾗ,
849 2998 1045 3083 πεπλήρωκεν
1059 3002 1141 3065 ἕντο·

94 3086 150 3165 up
162 3086 370 3170 δικαιοσύνης]
389 3085 572 3172 legendnm
586 3086 664 3151 mihi
678 3086 855 3165 videbatur,
871 3090 926 3151 ἐὰν
939 3086 998 3170 γάρ
1015 3112 1059 3155 τις
1078 3089 1143 3152 ποῦ-

90 3198 151 3237 σων
159 3171 244 3239 ἐντὸς
258 3170 279 3259 ᾖ
292 3172 418 3254 πλήρης,
431 3173 625 3254 πεπλήρωκεν
635 3174 659 3237 ε’.
672 3176 699 3237 δ.
714 3194 787 3237 aum
797 3194 859 3236 vox
869 3173 984 3256 πλήρης
992 3181 1144 3259 sequente

96 3258 247 3344 absmpta
268 3265 366 3323 esset.
412 3260 522 3343 Atque
541 3258 588 3323 ita
602 3258 772 3345 Anglioam
786 3259 961 3324 versionem
976 3282 1067 3325 arram
1081 3261 1143 3325 ior·

97 3366 195 3409 mame
224 3345 264 3410 al.
292 3344 425 3409 Gavium
454 3353 528 3430 post
547 3345 619 3409 ridi.
664 3346 714 3411 At
742 3366 846 3430 nuper
868 3345 907 3410 el.
930 3346 1142 3425 Jaoobsonus,

96 3432 232 3497 sorbens
253 3431 299 3495 ad
324 3429 384 3495 loo.
410 3432 532 3497 ueseire
556 3454 600 3508 sa,
626 3454 670 3497 an
694 3432 930 3518 quodammodo
950 3432 1145 3518 patrocinari

96 3517 166 3583 huie
188 3518 386 3602 eonjeotmae
409 3517 554 3583 rideatur
575 3518 733 3604 interpres
758 3525 859 3596 vetus,
883 3540 1010 3583 sensum
1034 3527 1144 3584 tamen

96 3604 172 3669 ntis
194 3604 318 3669 bonum
339 3604 484 3688 praebere
507 3604 624 3670 statuit
644 3605 820 3669 versionem
846 3604 1004 3683 Oetelerii,
1024 3608 1053 3671 si
1076 3606 1145 3691 qwit

96 3692 174 3755 saia
189 3691 278 3755 istm
298 3689 365 3755 λων
375 3690 482 3773 suerit
497 3717 508 3765 ‚·
533 3712 635 3776 neque
649 3712 780 3776 prorsus
794 3690 952 3756 absimilia
963 3692 1012 3757 ait
1025 3691 1144 3757 babere

98 3776 258 3863 Ignatium
272 3776 320 3841 nd
328 3776 438 3863 Epioe.
452 3778 481 3859 d.
491 3793 523 3862 5.
540 3775 616 3841 ’Edu
625 3777 666 3859 μή
676 3802 721 3845 τις
731 3774 752 3857 ᾖ
762 3777 847 3845 ἐντὸς
856 3782 910 3842 τοῦ
919 3780 1142 3860 θυσιαστηρίου,

96 3866 263 3947 ὕστερεῖται
276 3866 331 3927 τοῦ
346 3864 438 3944 ἄρτον
451 3868 504 3926 τοῦ
520 3868 611 3928 Θεοῦ.

139 3948 220 4015 lbid.
236 3950 257 4012 b
279 3969 328 4030 14
343 3948 504 4036 χαλεπῶν]
520 3948 699 4035 Hesychius
713 3949 748 4014 in
761 3950 883 4029 Ιιαπίοο,
898 3952 1053 4015 Χαλεπόν.
1075 3952 1145 4016 δήσ-

98 4061 194 4119 epm,
210 4033 356 4118 σκληρὸν,
373 4036 483 4099 δεινόν.

139 4122 176 4187 Ρ.
192 4142 243 4207 13·
258 4121 281 4185 1.
297 4141 325 4186 1.
341 4124 395 4189 rur
409 4128 550 4204 γυναῖκας
562 4118 659 4208 ὑμῶν]
675 4118 700 4185 J
701 4121 776 4186 unio
789 4123 871 4202 ὑμῶν
885 4143 957 4187 eum
978 4123 1061 4203 ἡμῶν
1076 4144 1144 4189 mu·

98 4208 178 4273 tanti
194 4210 266 4293 jam
285 4214 375 4273 reete
388 4204 589 4273 Jaoobsonus
611 4208 761 4294 opposuit
776 4206 853 4275 Vet.
869 4208 990 4293 Interp.
1007 4209 1144 4275 eodiees·

98 4316 156 4378 qne
169 4295 318 4381 scriptos.
