2867 4817
389 285 633 352 SYNODICA
655 287 906 354 EPISTOLA.
1119 291 1162 354 28

110 452 312 564 συνόφειαν
330 460 457 544 ἁπλῶς
473 459 539 561 τὴν
557 465 605 546 ὡς
616 459 712 543 Θεὸν
731 465 968 560 (inmolandum
983 461 1089 561 Θεὸν,
1100 486 1160 546 vid.

110 585 332 691 οοι.)ένόι·ητι
343 591 407 687 τῆς
417 587 530 695 ἀξίας,
542 587 654 693 ἤγουν
664 591 856 688 αὐθεντίας,
869 592 1012 696 ἔχοντος
1023 592 1161 697 ἀνθρώ-

109 753 182 800 που
192 715 282 821 πρὸς
294 713 401 797 Θεόν·
424 714 547 819 οὐγὰρ
564 721 639 797 ἑνοῖ
648 716 712 801 τὰς
729 719 858 825 φύσεις
871 720 894 819 ἡ
909 720 1079 821 ἰσοτιμία·
1102 725 1161 802 καὶ

110 854 200 946 γοῦν
219 845 356 948 Πέτρος
373 877 411 923 τε
433 845 492 930 καὶ
509 841 676 945 Ἰωάννης
701 841 857 944 ἰσότιμοι
882 844 947 945 μέν
971 845 1160 948 σ’λλήλοις,
1214 890 1218 896 ·

79 972 202 1055 5καθὸ
220 976 279 1054 καὶ
292 970 493 1054 ἀπόστολοι
512 975 569 1052 καὶ
588 969 682 1074 ἅγιοι
692 976 859 1074 μαθηταὶ,
869 972 968 1074 πλὴν
981 976 1048 1080 οὐχ
1060 974 1109 1060 εἷς
1127 983 1161 1056 οἱ

110 1100 186 1180 δύο.
229 1102 309 1180 οὔτε
337 1098 409 1200 μὴν
438 1098 529 1180 κατὰ
555 1098 756 1204 παράθεσιν
780 1100 844 1181 τὸν
872 1107 935 1202 τῆς
964 1104 1161 1210 συναφείας

110 1236 259 1329 νοοῦμεν
277 1226 423 1332 τρόπον·
452 1229 515 1308 οῦκ
533 1226 676 1332 ἀπόχρη
698 1227 769 1333 γὰρ
790 1237 896 1309 τοῦτο
922 1228 1013 1334 πρὸς
1030 1232 1160 1313 ἕνωσιν

110 1353 283 1462 φυσικήν.
305 1357 384 1436 οὔτε
401 1354 466 1455 μέν
489 1357 537 1439 ὡς
563 1352 654 1434 κατὰ
678 1354 821 1463 μέθεξιν
835 1355 1015 1463 σχετικὴν,
1035 1362 1083 1443 ὡς
1100 1361 1160 1438 καὶ

110 1484 209 1583 ἡμεῖς
228 1481 449 1582 κολλώμενοι
466 1488 518 1588 τῷ
536 1481 644 1589 κυρίῳ
667 1482 760 1563 κατὰ
781 1482 824 1563 τὸ
846 1484 1104 1588 γεγραμμένον,
1123 1485 1161 1566 ἓν

61 1607 252 1710 ῐοπνεῦμό
267 1611 377 1710 ε’σμεν
389 1607 480 1713 πρὸς
498 1608 619 1689 αὐτόν.
651 1619 666 1652 ⁸
672 1617 819 1709 μᾶλλον
837 1611 877 1692 δέ
892 1610 935 1693 τὸ
955 1620 1020 1713 τῆς
1041 1647 1156 1693 συνα-

109 1736 214 1840 φείας
239 1735 352 1836 ὄνομα
375 1735 652 1840 παραιτούμεθα,
671 1741 721 1821 ὡς
748 1740 812 1819 οῦκ
838 1739 922 1844 ἕχον
946 1745 1073 1825 ὶκανῶς
1091 1775 1161 1842 ση-

108 1868 219 1965 μῆναι
243 1864 310 1965 τὴν
333 1865 471 1946 ἕνωσιν.
505 1866 590 1944 ἀλλ’
610 1864 690 1946 οὐδὲ
709 1865 815 1964 Θεὸν,
841 1865 865 1968 ἢ
890 1866 1072 1968 δεσπότην
1096 1878 1161 1949 τοῦ

109 1998 276 2096 Χριστοῦ
299 1992 362 2074 τὸν
388 1994 428 2072 ἐκ
447 1998 542 2074 Θεοῦ
565 1993 701 2095 πατρὸς
719 1993 834 2097 λόγου
856 1994 1084 2098 ὀνομάζομεν,
1103 1996 1161 2077 ἵνα

108 2118 160 2220 μὴ
196 2118 309 2201 πόλιν
345 2118 552 2226 ἀναφανδὸν
588 2121 770 2220 τέμνωμεν
804 2128 854 2206 εἰς
895 2121 959 2202 δύο
996 2121 1061 2203 τὸν
1098 2123 1161 2204 ἕνα

61 2245 277 2350 ι5Χριστὸν
302 2247 365 2328 τὸν
390 2246 465 2328 υἱὸν
491 2251 550 2328 καὶ
572 2245 702 2352 κύριον,
721 2251 781 2329 καὶ
798 2251 1006 2358 δυσφημίας
1023 2249 1156 2354 ἐγκλή-

108 2409 197 2475 ματι
219 2374 478 2477 περιπέσωμεν,
506 2371 601 2454 Θεὸν
626 2374 752 2454 ἑαυτοῦ
781 2378 839 2456 καὶ
866 2373 1047 2476 δεσπότην
1074 2412 1157 2458 ποι-

110 2509 231 2586 οῦντες
248 2499 365 2582 αὐτόν.
393 2503 531 2586 ἑνωθεὶς
554 2499 637 2607 γὰρ,
656 2505 705 2587 ὡς
729 2502 797 2604 ἤδη
813 2504 1039 2608 προείπομεν,
1058 2506 1079 2585 ὁ
1096 2514 1161 2586 τοῦ

110 2634 208 2710 Θεοῦ
230 2629 341 2732 λόγος
369 2633 478 2732 σαρκὶ
508 2631 584 2710 καθ
616 2628 832 2729 ὑπόστασιν,
862 2628 956 2716 Θεὸς
987 2632 1053 2731 μέν
1081 2635 1162 2715 έστι

110 2761 184 2834 τῶν
214 2753 321 2852 ὅλων,
347 2753 510 2858 δεσπόζει
536 2753 574 2834 δὲ
601 2764 666 2835 τοῦ
692 2753 838 2842 παντός.
882 2759 962 2837 οὔτε
990 2756 1028 2838 δέ
1055 2757 1162 2844 αὐτὸς

62 2883 239 2962 Ὀἑαυτοῦ
274 2879 403 2964 δοῦλός
434 2883 545 2980 ἐστιν,
579 2883 657 2962 οὔτε
689 2881 879 2984 δεσπότης.
919 2885 1040 2984 εὔηθες
1077 2884 1160 2991 γὰρ,

110 3015 257 3110 μᾶλλον
284 3007 322 3089 δέ
348 3009 416 3109 ἤδη
444 3011 503 3089 καὶ
526 3008 715 3107 δυσσεβὲς,
743 3009 786 3092 τὸ
813 3014 905 3093 οὕτω
933 3017 1078 3119 φρονεῖν
1102 3017 1161 3095 καὶ

111 3134 244 3236 λέγειν.
274 3135 345 3242 ἔφη
362 3133 517 3241 μὲνγὰρ
536 3132 632 3216 Θεὸν
649 3138 775 3218 ἑαυτοῦ
793 3137 857 3218 τὸν
880 3139 1027 3242 ποτερα,
1047 3142 1160 3221 καίτοι

111 3259 206 3347 Θεὸς
230 3259 280 3342 ὧν
302 3260 424 3368 φύσει,
442 3265 501 3342 καὶ
524 3265 563 3344 ἐκ
586 3268 650 3363 τῆς
678 3265 804 3349 οὐσίας
830 3267 951 3347 αῦτοῦ·
986 3268 1071 3348 ἀλλ’
1097 3269 1160 3349 οὐκ

111 3389 348 3494 ἠγνοήκαμεν,
367 3389 422 3470 ότι
440 3388 531 3490 μετὸι
548 3398 612 3470 τοῦ
629 3399 746 3491 μεῖναι
765 3391 869 3491 Θεὸς,
887 3397 946 3473 καὶ
972 3393 1161 3498 ἄνθρωπος

63 3539 100 3602 25
111 3520 257 3622 γέγονεν
275 3518 346 3602 ὑπὸ
361 3523 454 3625 Θεῷ,
468 3517 560 3600 κατό
572 3553 615 3621 γε
633 3517 698 3601 τὸν
713 3519 897 3625 πρέποντα
911 3519 1021 3622 νόμον
1037 3529 1083 3630 τῇ
1097 3528 1160 3624 τῆς

110 3643 384 3750 ἀνθρουτότητος
400 3644 520 3752 φύσει.
552 3647 658 3732 αὐτὸς
676 3646 715 3728 δέ
732 3651 858 3729 ἑαυτοῦ
870 3656 948 3736 πῶς
961 3646 1006 3730 ἂν
1022 3651 1161 3753 γένοιτο

110 3769 206 3859 Θεὸς
233 3770 257 3874 ἢ
282 3773 484 3875 δεσπόιης;
518 3776 646 3857 οὐκοῦν
678 3781 726 3861 ὡς
754 3775 953 3882 ἅνθρωπος,
980 3782 1039 3860 καὶ
1070 3778 1161 3860 ὅσον

109 3895 196 4001 ἧκεν
214 3899 263 3986 εἷς
280 3934 324 4004 γε
340 3899 383 3982 τὸ
401 3902 538 4006 πρέπον
555 3910 629 3988 τοῖς
647 3907 711 4003 τῆς
729 3903 912 3989 κενώσεως
927 3904 1077 4012 μέτροις,
1089 3905 1160 3986 ὑπὸ

111 4031 196 4136 Θεῷ
213 4030 289 4128 μεθ
309 4028 410 4129 ἡμῶν
434 4029 560 4112 ἑαυτὸν
584 4026 675 4112 εἶναί
690 4036 816 4138 φησιν.
840 4032 1083 4136 οῦτωγέγονε
1100 4036 1160 4116 καὶ

511 4208 527 4241 ⁸
544 4218 556 4258 1
574 4198 642 4257 Cor.
660 4199 697 4256 vi.
715 4218 761 4274 17.
