2867 4817
344 313 590 382 SYNODICA
611 315 864 382 EPISTOLA.
1087 317 1129 382 ³1

69 484 271 591 γράμμασι
296 486 448 583 διανέμει
473 486 649 596 φωνάς,ἢ
678 491 737 570 ἐπὶ
762 493 916 597 Χριστῷ
937 485 1038 594 παρὸ
1060 495 1134 571 τῦν

73 614 192 717 ἁγίων
213 614 418 717 λεγομένας,
436 613 460 715 ἢ
484 618 568 721 παρ’
588 618 697 698 αὐτοῦ
714 617 797 722 περὶ
819 619 955 698 ἑαυτοῦ.
990 621 1050 698 καὶ
1066 616 1133 703 τὸς

74 740 145 842 μὸν
178 746 226 826 ὡς
257 743 435 852 ἀνθρώπῳ
465 742 566 848 παρὸ
592 743 657 824 τὸν
683 747 724 824 ἐκ
750 749 847 826 Θεοῦ
873 743 987 848 λόγον
1014 751 1132 832 Ξδικῶς

78 872 257 982 νοουμένῳ
278 873 491 977 προσάπτει,
516 872 581 959 τὸς
603 872 643 954 δὲ
664 877 712 958 ὡς
736 881 941 978 θεοπρετεῖς
962 874 1062 983 μόνῳ
1078 882 1131 984 τῷ

6 1031 31 1092 5
76 1011 118 1088 ἐκ
136 1013 233 1089 Θεοῦ
249 1007 386 1112 πατρὸς
403 1006 517 1118 λόγῳ·
548 1007 709 1110 ἀνάθεμα
727 1009 835 1089 ἔστω.

135 1134 176 1216 ε’.
197 1135 247 1216 Εἴ
269 1169 324 1219 τις
350 1141 471 1242 τολμᾷ
497 1136 616 1237 λέγειν
644 1134 821 1244 θεοφόρον
847 1134 1040 1239 ἀνθροπον
1067 1133 1134 1219 τὸν

75 1261 255 1367 Χριστὸν,
274 1265 333 1342 καὶ
358 1264 436 1368 οῦχὶ
456 1261 500 1364 δὴ
524 1267 671 1362 μᾶλλον
693 1260 791 1344 Θεὸν
808 1259 896 1343 εἶναι
918 1261 1011 1343 κατὰ
1035 1262 1132 1366 ἀλή-

76 1397 189 1489 θειαν,
212 1391 260 1474 (ὸς
287 1387 363 1472 υἱὸν
390 1389 453 1471 ἕνα
479 1393 538 1472 καὶ
566 1388 687 1498 φύσει,
715 1389 806 1472 καθὸ
830 1391 957 1494 γέγονε
984 1390 1133 1500 σάρξὸ

75 1515 200 1620 λόγος,
229 1521 288 1598 καὶ
323 1517 550 1619 κεκοινώνηκε
576 1518 844 1623 παραπλησίως
870 1519 957 1619 ἡμῖν
984 1518 1135 1619 αἵματος

19 1649 139 1724 ιοκαὶ
159 1641 309 1749 σαρκός·
338 1643 500 1746 ἀνάθεμα
518 1644 624 1727 ἔστω.

135 1771 180 1860 ς’.
207 1771 257 1853 Εἴ
276 1805 331 1858 τις
359 1777 480 1879 τολμᾷ
503 1772 634 1876 λέγειν,
660 1772 757 1854 Θεὸν
785 1769 809 1873 ἢ
836 1771 1017 1874 δεσπότην
1044 1771 1135 1854 εἶναι

77 1907 144 1980 τοῦ
163 1905 328 2004 Χριστοῦ
346 1899 410 1982 τὸν
427 1903 466 1982 ἐκ
485 1905 581 1982 θεοῦ
604 1899 742 2005 πατρὸς
765 1898 889 2004 λόγον,
908 1901 967 1981 καὶ
989 1903 1069 2007 οὐχὶ
1087 1900 1133 2003 δὴ

78 2033 226 2126 μᾶλλον
253 2027 318 2109 τὸν
342 2025 453 2108 αι’πὸν
476 2029 652 2132 ὁμολογεῖ
676 2026 773 2109 Θεὸν
800 2029 889 2127 ὁμοῦ
916 2060 955 2108 τε
980 2031 1040 2108 καὶ
1063 2027 1128 2108 ἀν·

79 2161 236 2258 θρωπον,
264 2158 313 2240 ὡς
339 2153 531 2258 γεγονότος
558 2154 695 2261 σαρκὸς
721 2164 787 2236 τοῦ
813 2153 929 2259 λόγου
952 2155 1045 2237 κατὰ
1065 2153 1131 2242 τὸς

27 2315 43 2356 ι
51 2280 236 2388 5γραφάς·
264 2279 426 2382 ἀνάθεμα
444 2282 550 2364 ἔστω.

135 2408 185 2513 ζ’.
208 2407 259 2490 Εἴ
279 2442 333 2495 τις
359 2411 487 2516 φησὶν,
510 2413 559 2496 ὡς
582 2411 773 2514 ἀνθρωπον
789 2414 1009 2516 ἐνηργῆσθιιι
1031 2409 1133 2516 παρὰ

79 2546 144 2617 τοῦ
163 2541 259 2618 θεοῦ
280 2536 393 2640 λόγου
414 2534 478 2619 τὸν
495 2539 649 2638 Ἰησοῦν,
669 2535 812 2638 καὶτὸν
832 2547 896 2619 τοῦ
917 2545 1133 2642 μονογενοῦς

80 2665 244 2772 εὐδοξίαν
260 2669 464 2772 περιῆφθαι,
484 2665 532 2750 ἀς
549 2666 656 2774 ἑτερῳ
674 2669 758 2769 παρ’
778 2663 889 2746 αὐτὸν
908 2665 1130 2771 ι’νπάρχοντα·

80 2789 240 2892 ἀνάθεμα
257 2792 363 2875 ἔστω.

32 2957 73 3000 το
137 2917 184 3020 η’.
219 2920 269 3001 Εἴ
297 2953 351 3005 τις
379 2926 500 3028 τολμᾷ
526 2919 657 3023 λέγειν,
684 2917 750 3000 τὸν
781 2919 1036 3028 ἀναληφθέντα
1062 2920 1128 3002 ἀν·

82 3053 227 3152 θρωπον
253 3053 612 3152 συμπροσκυνεῖσθαι
639 3051 713 3128 δεῖν
739 3054 791 3157 τῷ
820 3053 904 3157 Θεῷ
932 3046 1045 3158 λόγῳ,
1073 3051 1132 3130 καὶ

81 3173 378 3283 ουνδοξάζεσθαι,
407 3177 465 3256 καὶ
489 3175 789 3282 ουγχρηματίζειν
814 3175 920 3274 Θεὸν,
939 3177 988 3262 (ῦς
1012 3177 1132 3281 ἕτερον

81 3304 121 3383 ἐν
147 3303 263 3412 ετέρῳ·
304 3307 362 3383 καὶ
389 3301 471 3407 γὸρ,
500 3302 583 3401 Σὺν,
617 3305 671 3383 ἀεὶ
702 3303 993 3406 προστιθέμενον,
1025 3311 1133 3385 τοῦτο

82 3438 175 3510 νοεῖν
193 3428 389 3534 ἀναγκάζει·
418 3434 476 3511 καὶ
490 3432 571 3536 οὐχὶ
588 3427 633 3532 δὴ
646 3437 793 3530 μῦλλον
804 3435 870 3537 μιᾷ
886 3428 1134 3535 προσκυνήσει

36 3601 53 3641 2
56 3597 72 3659 5
83 3563 169 3664 τιμᾷ
185 3557 249 3638 τὸν
265 3555 512 3658 Ἐμμανουήλ,
530 3562 589 3639 καὶ
609 3559 695 3658 μίαν
713 3559 812 3667 αῦτῷ
829 3556 895 3658 τὴν
915 3558 1134 3665 δοξολογάιν

83 3683 290 3785 ἀναπέμπει,
310 3682 399 3766 καθὸ
417 3684 543 3788 γε’γονε
560 3683 664 3792 σὰρξ
673 3687 694 3765 ό
712 3684 833 3787 λόγος·
853 3683 1014 3786 ἀνάθεμα
1025 3685 1132 3767 ἔστω.

139 3811 185 3892 θ.
208 3813 257 3894 Εἴ
282 3847 336 3897 τις
360 3817 466 3920 φησὶ,
484 3813 548 3894 τὸν
572 3814 635 3896 ἕνα
658 3813 779 3918 κύριον
798 3816 944 3915 Ἰησοῦν
968 3812 1133 3918 Χριστὸν

84 3938 302 4047 δεδοξάσθαι
320 3939 419 4044 παρὰ
436 3949 501 4021 τοῦ
516 3940 736 4041 Πνεύματος,
755 3942 804 4025 ἀς
825 3942 1003 4049 ἀλλοτρίᾳ
1021 3941 1128 4022 δυνά-

38 4194 125 4284 sor&
154 4197 307 4299 ἐνεργεῖν
339 4194 515 4279 δύνασθαι
548 4195 640 4278 κατὰ
670 4196 883 4298 πνευμάτων
909 4194 1134 4302 ἀκαθάρτων,
