2867 4817
280 350 519 415 EPISTOLA
545 352 612 416 ΑΙ)
637 354 669 415 S.
687 353 994 419 CYPRIANUM.
1101 354 1166 421 247

109 526 171 617 qui
215 526 353 595 inritus
394 535 433 597 et
468 528 679 600 necessitate
721 530 978 621 persecutionis
1020 538 1164 599 coactus

108 643 313 726 mccubuit,
343 654 392 717 et.
410 644 511 715 iilum
542 648 602 737 qui
636 646 806 739 sacrilega
832 646 1018 718 voluntate
1037 646 1164 717 'audax

109 771 237 830 cont-ra
262 759 450 831 ecclesium
475 761 635 845 rebellat,
658 763 713 834 rel
740 765 777 833 in
808 762 953 835 Patrem
982 772 1020 834 et
1044 762 1163 835 Deum

108 875 257 958 Christi,
292 884 332 947 et
364 878 476 949 totius
509 880 634 949 mundi
669 880 899 964 conditorem,
933 882 1043 973 impia
1075 902 1163 951 voce

82 992 347 1087 sbiasphemat.
401 994 450 1065 Et
479 1018 550 1065 non
577 997 689 1089 pudet
717 996 940 1089 Stephanum
969 998 1038 1068 hoc
1071 1020 1164 1068 asse-

107 1132 208 1194 re1c3
237 1120 282 1181 ut
308 1134 372 1203 per
398 1134 459 1183 eos
486 1115 547 1205 qui
570 1114 634 1206 ipsi
664 1114 700 1183 in
726 1114 891 1184 omuibus
914 1115 1069 1207 peccatis
1091 1115 1163 1184 sint

105 1230 312 1311 constitisti,
355 1230 451 1300 dicat
491 1252 594 1323 posse
643 1231 885 1303 remissionem
935 1241 1163 1323 peccatomm

107 1344 209 1417 darii
240 1344 353 1429 Quasi
382 1347 493 1439 possit
520 1367 597 1416 esse
626 1347 663 1416 in
693 1347 801 1416 domo
829 1348 954 1417 mortis
983 1347 1162 1418 lavacrum

105 1460 247 1531 niutis.
301 1460 375 1532 Ubi
392 1485 477 1556 ergo
494 1464 563 1533 erit
579 1464 672 1555 quod
697 1464 868 1556 scriptum
885 1471 960 1548 est3
986 1461 1048 1535 Ab
1072 1477 1325 1555 squamosam.

65 1577 227 1649 roaiiena
257 1578 398 1649 abstine
423 1588 470 1660 tc,
499 1588 579 1649 eta
608 1578 707 1649 fonte
736 1578 853 1649 alieno
881 1600 929 1648 nc
954 1578 1163 1652 hiberiszsi

105 1694 237 1765 relicto
264 1693 427 1765 ecclesias
456 1695 556 1765 fonte
586 1696 735 1789 signato,
765 1694 917 1766 alienam
944 1717 1072 1787 aquam
1099 1716 1163 1788 pro

105 1822 171 1881 tna
198 1813 360 1903 suscipis,
378 1821 416 1881 et
436 1812 591 1904 profanis
617 1812 775 1883 fontibus
795 1812 981 1883 ecclesiam
1006 1812 1162 1905 polluis?

105 1928 266 2012 Quando
302 1932 398 1999 anim
431 1929 607 2021 baptismo
635 1929 886 2001 haereticorum
912 1929 1161 2012 communicas,

103 2048 193 2139 quid
212 2044 313 2115 aliud
338 2068 443 2138 quarn
469 2048 514 2117 de
533 2046 698 2140 voragine
724 2054 762 2116 et
779 2069 881 2115 ooeno
900 2045 1042 2116 illorum
1060 2046 1161 2129 bibis,

63 2174 144 2240 ¹5et
171 2166 251 2257 ipse
278 2162 439 2233 ecclesiae
465 2164 743 2233 sanctificatione
769 2170 950 2255 purgatus,
967 2162 1161 2234 alienarum

105 2280 270 2351 sordium
307 2279 529 2349 contactibus
562 2279 785 2371 inquinaris?
829 2278 911 2351 Nec
944 2280 1074 2349 metuis
1101 2281 1162 2370 ju-

105 2398 245 2467 dicium
265 2395 336 2465 Dei
362 2395 534 2466 haereticis
559 2396 804 2466 testimonium
830 2403 954 2466 contra
975 2393 1161 2465 ecclesiam

105 2512 313 2605 perhibens,
331 2508 413 2583 cum
439 2513 609 2604 scriptum
635 2514 700 2583 sit:
729 2511 852 2583 Falsus
869 2513 971 2583 testis
995 2535 1067 2582 non
1092 2512 1324 2597 autumas,

104 2628 334 2722 impunitus?

58 2766 95 2805 20
157 2746 274 2818 XVI.
294 2746 391 2831 Quin
408 2748 519 2816 immo
536 2756 576 2815 tu
593 2745 767 2816 haereticis
790 2748 954 2818 omnibus
977 2749 1077 2840 pej0r
1101 2758 1324 2831 samaiim·

103 2884 190 2932 narn
236 2884 320 2932 cum
363 2863 446 2933 inde
480 2860 584 2931 multi
618 2862 762 2955 cognito
795 2886 913 2933 errore
945 2884 1010 2932 suo
1043 2863 1088 2933 ad
1122 2825 1316 2952 tei-⁰33*

104 2981 265 3061 veniant,
302 2990 343 3049 ut
376 2978 537 3049 ecciesiae
567 3000 690 3048 verum
724 2978 846 3048 lumen
880 2980 1082 3071 accipiant;
1118 2954 1313 3082 tuffissffi

105 3098 332 3167 venientium
366 3116 502 3166 errores
534 3094 688 3187 adjuvas,
724 3104 762 3165 et
795 3095 983 3166 obscurato
1025 3084 1271 3199 lumiucfflss'

105 3212 362 3285 ecclesiasticae
405 3212 574 3293 veritatis,
619 3211 783 3281 tenebras
829 3210 1005 3282 haeretica
1045 3212 1159 3283 noctis

60 3350 94 3408 ²5
105 3325 328 3401 accumulas.
381 3328 544 3419 Cumque
561 3348 599 3397 se
616 3325 668 3397 iili
685 3328 724 3397 in
739 3330 895 3419 peccatis
911 3350 998 3410 esse,
1016 3337 1054 3398 et
1070 3326 1159 3402 nihil

106 3448 236 3541 gratiae
261 3444 394 3514 habere
419 3466 467 3526 se,
488 3466 530 3515 ae
554 3453 742 3535 propterea
766 3444 811 3513 ad
836 3443 1022 3515 ecclesiam
1039 3446 1159 3517 venire

108 3564 312 3643 micantum
338 3567 379 3628 tu
396 3560 448 3630 eis
470 3560 713 3629 remissionem
738 3567 965 3651 peccatorum
982 3558 1160 3630 subtrahis

108 3702 189 3771 quae
222 3678 260 3747 iu
289 3676 465 3767 baptismo
488 3674 602 3757 datur,
629 3674 715 3745 dum
738 3675 826 3745 dicis
855 3698 917 3746 eos
938 3676 1016 3767 jam
1044 3676 1160 3768 bapti·

108 3806 217 3876 astos,
229 3802 268 3864 et
282 3801 385 3862 extra
397 3792 581 3863 ecclesiam
600 3791 758 3861 ccclesiae
769 3792 919 3886 gratiam
932 3801 1158 3864 coementes:

57 3934 174 3991 3onec
205 3908 379 4003 intelligis
404 3910 539 3979 animas
568 3930 690 3979 eorum
719 3908 765 3978 tie
791 3930 899 3979 rnanu
921 3918 986 3978 tua
1011 3910 1158 4000 exquiri,

109 4050 191 4097 cum
229 4025 356 4119 judicii
394 4026 468 4095 dies
502 4026 649 4106 venerit,
675 4025 735 4116 qui
771 4024 972 4095 sitientibus
1002 4024 1159 4098 ecciesiae

110 4154 237 4235 potum
271 4142 418 4234 negasti,
449 4149 487 4211 et
516 4138 717 4212 volentibus
748 4142 866 4212 rivere
899 4164 1005 4212 causa
1035 4144 1159 4212 mortis

111 4260 229 4329 inisti:
258 4256 309 4326 Et
325 4258 468 4349 insuper
484 4256 685 4349 indignaris.
