2867 4817
288 328 352 396 194
620 329 1001 394 ANNOTATioNES

289 498 534 583 interpretentur.
571 499 716 584 Denique
741 521 833 564 voees
858 500 906 564 ita
930 498 1062 584 exponit
1087 499 1120 565 in
1153 499 1256 564 indies
1280 522 1338 565 suo

290 584 474 651 latinitatis
510 584 724 649 Tmulliaasoe
759 585 927 663 Semlerus,
963 594 983 622 “
994 607 1068 650 eum
1098 585 1232 663 ratione,
1264 608 1338 650 eum

293 677 312 705 “
327 669 492 755 disciplina
513 671 655 748 rationis,
672 692 743 755 quae
762 692 887 735 omnem
907 670 1205 756 interpretationem
1223 673 1338 758 guber-

292 762 312 791 “
327 777 404 821 nare
419 757 526 835 debet,
541 763 574 820 et
588 757 621 821 in
635 779 674 821 ea
688 778 813 842 semper
826 779 861 820 re
942 757 991 821 e.”

334 842 374 905 P.
390 862 459 927 ¹30·
475 842 495 906 l.
511 843 556 906 18.
572 864 668 927 penes
683 864 741 907 nos
756 865 824 907 esse
877 865 926 908 .e.
941 842 1125 908 eatbolieos.
1149 842 1284 907 Sarsura.

335 926 416 991 Ibid.
439 928 461 992 l.
486 947 537 1005 24.
561 927 721 1014 eonstitit]
748 928 809 993 Ait
863 928 1003 1008 amelius,
1032 928 1172 1015 “Magis
1196 928 1338 1013 plaeeret

291 1020 310 1049 “
325 1014 458 1078 oomistit
471 1036 568 1099 quam
587 1015 727 1094 omuts'tit,
742 1014 802 1079 nisi
821 1013 905 1079 inira
922 1015 1041 1079 leetum
1058 1023 1143 1079 esset
1167 1018 1252 1099 (esp.
1267 1016 1335 1095 16.)

291 1106 311 1135 “
325 1100 389 1164 uisi
402 1100 483 1164 ratio
497 1100 705 1165 eonstiterit?

334 1185 372 1249 P.
386 1200 455 1269 131.
472 1186 493 1250 l.
507 1206 535 1249 α.
550 1186 673 1250 fruetus
687 1186 755 1271 ipse
791 1184 946 1269 uaerendi]
973 1184 1118 1249 Verbum
1138 1186 1281 1250 uedesdi
1295 1209 1336 1251 ex

289 1270 371 1336 libro
387 1270 496 1336 Ursini
513 1272 583 1336 MS.
600 1271 765 1336 substituit
815 1271 952 1357 igultius.
996 1271 1237 1336 Revoeaverrmt
1250 1280 1336 1337 vete-

289 1378 357 1420 rem
370 1356 538 1421 leetionem
552 1380 624 1421 eum
643 1357 787 1422 Priorius
806 1357 840 1421 in
853 1356 931 1421 edit.
948 1356 1132 1442 Rigaltiana
1149 1380 1235 1423 anno
1253 1360 1336 1439 1664

289 1442 422 1507 Parisiis
447 1466 570 1521 excusa,
594 1451 664 1508 tum
687 1443 796 1527 Lupus
820 1450 855 1507 et
878 1442 1076 1522 Thomasius,
1103 1466 1182 1527 quos
1206 1451 1336 1509 seoutus

289 1550 367 1592 sum.
414 1529 571 1595 Senrlems
585 1529 705 1593 nullum
720 1529 850 1593 verbum
864 1528 1003 1593 adfuisse
1017 1536 1135 1594 oenset.

332 1615 414 1679 Ibid.
431 1616 451 1680 l.
468 1636 516 1680 10.
533 1615 715 1701 expunetio]
736 1613 776 1677 Id
790 1621 840 1679 est
854 1614 1127 1698 complementum.
1151 1614 1176 1679 J
1178 1637 1278 1679 nurus

332 1699 515 1787 Ibid.l.15.
538 1702 613 1766 dum
636 1701 752 1786 ubique
773 1700 936 1784 eonvenio]
963 1699 1016 1764 Sie
1035 1700 1194 1786 Rigaltius
1210 1723 1251 1765 ex
1269 1701 1336 1765 edi-

287 1786 376 1851 tione
389 1786 538 1873 principe,
555 1787 609 1851 ubi
623 1793 733 1852 tumen
751 1785 924 1850 Rhenanus
941 1786 1141 1851 seribendum
1154 1788 1336 1871 eonjeoerat

286 1874 452 1939 amoenior.
498 1873 601 1955 Quam
616 1874 806 1959 scripturam
819 1871 971 1972 'amplexa
991 1880 1120 1937 estnon
1141 1873 1216 1937 edit.
1230 1873 1335 1938 Paris.

286 1980 384 2109 tlt.
398 1958 1335 2130 stl?t‚tt.ssttl.ltt.t⁰tlt.t.l.t⁰.tstt

287 2130 530 2215 Thomasioque,
545 2131 631 2195 haud
652 2131 754 2194 multo
776 2130 900 2194 diverso
921 2152 1025 2208 sensu,
1048 2131 1081 2193 ni
1103 2130 1203 2207 fallor,
1226 2130 1333 2209 affixo,

288 2238 383 2301 quam
408 2218 506 2281 habet
532 2217 659 2281 Seneose
686 2216 774 2293 illud,
797 2216 962 2301 Nusquam
989 2226 1040 2294 est,
1084 2217 1120 2279 ui
1147 2215 1256 2301 ubique
1281 2226 1333 2281 est.

287 2302 388 2387 spus.
407 2304 440 2366 ii.
459 2326 491 2403 p.
509 2322 541 2387 5.
564 2304 609 2367 ed.
632 2302 797 2386 aalma
830 2302 880 2367 At
900 2324 984 2381 vero,
1007 2309 1044 2366 ut
1065 2239 1207 2388 itigaltio
1228 2303 1335 2368 losum

286 2390 468 2453 restituenti
482 2389 589 2474 potius
599 2389 766 2461 assentiar,
782 2387 859 2451 mihi
870 2388 983 2452 suadet
993 2389 1081 2452 notio
1091 2388 1179 2452 verbi
1193 2390 1335 2454 maesnio

287 2496 326 2538 ex
349 2480 494 2559 quatuor,
517 2475 565 2539 vel
591 2475 667 2560 quin
688 2496 729 2538 ue
754 2473 940 2538 Tertulliani
961 2474 1038 2538 loeis
1061 2483 1173 2548 eruta3
1197 2496 1333 2559 quorum

286 2560 406 2645 primus
420 2568 512 2626 extat
526 2562 559 2624 in
573 2560 654 2625 libro
668 2497 705 2624 is
719 2560 856 2643 Jsjuuiis
869 2582 939 2645 esp.
956 2579 1003 2644 ¹3·
1026 2559 1105 2624 Eoos
1115 2561 1204 2638 ssim,
1216 2560 1332 2645 inquit,

286 2647 436 2711 eonvenio
450 2668 499 2711 uos
513 2656 542 2711 et
553 2656 672 2732 praetes
686 2646 805 2731 peseto
820 2645 1001 2729 jsjsmautss.
1038 2645 1133 2710 Alter
1151 2646 1185 2710 iu
1201 2646 1272 2711 Lib.
1286 2646 1332 2712 II.

285 2732 382 2796 Ades.
407 2734 562 2797 Marcion.
588 2756 658 2819 oap.
680 2750 726 2814 17.
761 2731 903 2817 Repende
929 2741 1031 2796 autem
1054 2732 1229 2796 awsrduti
1256 2732 1333 2798 lessi·

284 2827 396 2892 tatum·
423 2841 516 2905 quum
529 2828 688 2905 annam
702 2818 884 2882 eonveneris
896 2818 931 2881 iss
944 2818 1093 2891 eramo,
1108 2819 1288 2883 inmissis
1301 2842 1334 2885 so

285 2914 313 2969 et
331 2905 420 2983 iliud,
434 2914 563 2991 prmus
576 2905 657 2991 quod
673 2904 804 2969 aarum
822 2905 924 2969 Deum
941 2904 1061 2976 arladis,⁸
1085 2904 1200 2968 tertius
1223 2912 1334 2969 autem

284 2991 318 3054 iu
331 2990 385 3056 lib.
399 2992 438 3055 ds
449 2992 548 3056 Curae
564 2990 690 3069 Christi,
702 3012 772 3076 eap.
787 3010 835 3055 11.
867 2990 931 3055 Sed
938 2990 1036 3055 eliasu
1044 2992 1334 3075 orymmatotiossm

288 3248 489 3327 Christianus,
505 3270 575 3313 eam
591 3249 759 3333 (animam)
775 3248 915 3325 eonveni‚
930 3269 986 3311 eur
999 3248 1098 3313 olisna
1111 3248 1213 3327 aaa,
1228 3250 1333 3315 Deum

284 3331 442 3407 admiuut,·
466 3356 534 3399 esus
555 3334 774 3399 nsulediooados
792 3335 922 3420 spiritus
941 3335 1070 3411 denum,
1091 3335 1242 3399 mosia
1255 3357 1332 3421 pso

284 3420 416 3497 audiat,
432 3442 489 3484 eur
501 3420 546 3485 od
558 3420 663 3484 ossius
677 3430 879 3494 soamdmurr
903 3430 931 3485 et
948 3421 993 3485 ad
1008 3430 1124 3485 terram
1141 3420 1329 3495 damur,-

285 3528 342 3573 ουν
362 3504 440 3571 abibi
460 3508 561 3585 seruit,
581 3505 659 3571 otili
680 3507 831 3571 uindicem
852 3506 1007 3571 eonvenit.
1052 3506 1092 3569 ln
1117 3528 1182 3591 quo
1202 3507 1332 3607 quidem

284 3592 354 3657 loeo
368 3594 499 3657 verbum
513 3593 651 3658 eosvenit
665 3614 737 3657 eum
751 3615 844 3657 sensu
858 3593 1029 3658 arcessendi
1041 3592 1181 3677 positum
1194 3594 1330 3670 videtur,

286 3679 420 3766 Angliee
445 3700 589 3753 mausum·
624 3679 707 3744 sieut
732 3686 853 3763 posteo,
877 3680 933 3743 ubi
956 3678 1130 3743 baeticum
1153 3680 1330 3759 convenire,

285 3788 341 3831 seu
362 3786 509 3831 astruere
530 3772 643 3830 auctor
664 3764 771 3843 habet,
787 3787 855 3851 esp.
871 3769 919 3830 16.
963 3763 1003 3828 In
1025 3765 1079 3829 illo
1097 3786 1181 3843 vero,
1204 3766 1245 3829 de
1267 3788 1332 3851 quo

284 3852 416 3937 agimus,
439 3852 524 3916 valet
546 3852 630 3915 idem
653 3858 751 3935 atque
779 3851 974 3936 deprehendo,
999 3874 1064 3929 seu,
1088 3850 1166 3916 miti
1188 3854 1331 3917 oeesna't

285 3938 439 4023 Denique,
456 3939 541 4023 quod
555 3939 597 4002 ad
611 3959 678 4001 rem
694 3944 753 4014 est,
768 3937 801 4000 in
816 3958 885 4024 eap.
894 3957 947 4022 43.
963 3936 1024 4001 hoe
1038 3944 1138 4014 extat,
1151 3937 1290 4016 Qsoen'te
1303 3948 1332 4003 st

284 4024 444 4089 inuenietis
456 4024 573 4109 ubique
587 4024 807 4088 meminerunt.

330 4110 366 4173 P.
382 4130 452 4194 131.
468 4110 489 4172 l.
506 4112 553 4173 16.
569 4115 603 4174 et
622 4109 714 4174 velim
736 4109 781 4173 sie
799 4130 964 4193 nusquam,
981 4109 1071 4193 quasi
1092 4110 1146 4194 qui
1167 4131 1331 4194 nunquam

285 4196 562 4283 apprehenderim]
584 4194 637 4260 Ita
651 4196 727 4260 edit.
744 4194 846 4260 Paris.
863 4195 1020 4279 posterior
1039 4216 1123 4259 anno
1147 4199 1230 4281 1566
1244 4196 1331 4346 typis

285 4282 447 4368 impressu,
477 4290 511 4347 et
540 4283 698 4370 probante
727 4281 836 4345 Junio.
898 4280 1050 4365 idemque
1078 4282 1259 4365 eonjeeerat
1298 4304 1330 4347 e
