2867 4817
1266 227 1306 263 κ

268 307 333 372 312
530 307 765 373 FIRMIANI
788 309 1061 377 LACTANTII

268 479 445 550 debellata
471 479 582 563 India,
608 483 732 564 victer,
752 504 835 552 cum
860 483 1005 556 Chetam
1028 483 1121 554 ferte
1146 486 1315 570 venisset,

268 592 450 664 Ariadnen
463 597 657 688 conspexit
678 597 715 665 iu
737 597 849 679 litore,
868 621 976 689 quam
1001 598 1159 670 Theseus
1179 609 1218 670 et
1241 603 1314 671 vio·

267 708 401 780 laverat
418 721 455 780 et
472 711 671 803 reliquerat.
713 711 805 780 Tum
826 735 946 784 amore
966 713 1216 797 inflammatus,
1234 737 1313 785 eam

267 825 333 894 sibi
351 825 388 894 iu
404 826 608 920 eonjugium
625 827 782 908 sociavit,
799 834 837 895 et
853 831 1021 912 coronam
1036 830 1122 919 ejus,
1139 837 1182 898 ut
1199 831 1314 921 polite

267 941 395 1022 ferunt,
430 940 522 1010 inter
555 949 649 1011 astra
685 943 847 1034 signavit.
904 942 1027 1012 Mater
1055 941 1149 1037 (sor.
1190 943 1316 1014 Mater

266 1077 394 1150 magna
416 1078 449 1124 v.
467 1057 542 1148 cap.
561 1055 728 1144 XXIII.)
754 1057 830 1149 ipsa
853 1066 934 1150 post
959 1058 1081 1150 fugam
1106 1067 1145 1128 et
1173 1059 1314 1128 obitum

266 1171 330 1240 riri
357 1193 438 1240 eum
453 1171 500 1239 in
527 1171 680 1264 Phrygia
705 1181 909 1255 moraretur,
933 1173 1041 1242 vidua
1062 1182 1100 1242 et
1126 1196 1217 1244 auus
1246 1173 1314 1242 for-

265 1307 403 1354 mosum
420 1284 682 1356 adolescentem
699 1287 736 1355 in
749 1286 884 1357 deliciis
901 1287 1036 1366 habuit,
1050 1295 1087 1356 et
1104 1290 1189 1378 quia
1205 1287 1313 1356 fidem

265 1422 336 1469 non
372 1403 595 1493 praestiterat,
630 1403 780 1472 ademtis
816 1402 1039 1496 genitalibus
1074 1403 1311 1474 effeminavit.

266 1513 352 1586 Ideo
371 1517 478 1586 etiam
496 1540 590 1587 nunc
608 1517 720 1589 Gallis
737 1516 977 1588 sacerdotibus
992 1517 1137 1618 gaudet.

682 1727 791 1800 CAP.
818 1727 887 1798 IX.

315 1879 421 1950 Ceres
446 1878 541 1948 unde
564 1877 809 1970 ProserpInam
839 1879 906 1948 nisi
934 1879 979 1948 de
1008 1888 1130 1970 stupro
1159 1878 1313 1971 genuit?

264 1993 358 2064 unde
377 1993 514 2064 Latona
535 1994 695 2086 geminos
719 1993 854 2063 nisiex
879 1993 1050 2062 crimine?
1077 1992 1205 2063 Venus
1228 1993 1313 2062 deo-

263 2225 300 2293 in
326 2223 452 2314 Cypro,
478 2233 592 2292 artem
616 2222 852 2290 meretriciam
875 2221 1016 2312 reperit,
1036 2243 1078 2289 ae
1100 2218 1312 2289 mulieribus

262 2337 458 2429 imperavit,
484 2346 526 2406 ut
556 2345 729 2428 questum
758 2336 925 2417 facerent,
952 2357 999 2404 ne
1028 2333 1102 2404 sela
1130 2340 1228 2403 esset
1257 2335 1311 2403 in-

262 2453 374 2522 famia.
427 2451 517 2544 Ipsae
542 2451 612 2546 illae
636 2451 789 2543 virgines
819 2449 985 2520 Minerva
1011 2456 1049 2518 et
1074 2447 1194 2518 Diana
1222 2471 1310 2518 num

262 2567 393 2638 eastre?
431 2566 537 2638 Unde
571 2568 680 2660 igitur
707 2564 881 2657 prosilivit
910 2563 1187 2633 Erichthonius?
1221 2587 1309 2634 num

263 2681 298 2752 in
330 2692 458 2752 terram
490 2681 673 2753 Vulcanus
703 2703 824 2750 semen
854 2678 990 2760 effudit,
1018 2686 1055 2747 et
1084 2679 1170 2747 iude
1199 2677 1309 2747 homo

262 2806 430 2888 tanquam
456 2797 585 2889 fungus
610 2805 736 2864 enatus
761 2794 842 2864 esti
883 2792 962 2862 Aut
991 2791 1053 2861 illa
1078 2816 1143 2861 cur
1170 2792 1309 2884 Hippe-

261 2913 386 3006 lytum,
404 2913 461 2981 vel
486 2914 531 2982 ad
554 2921 706 2981 secretas
732 2911 842 2992 sedes,
861 2909 919 2980 vel
939 2911 985 2980 ed
1008 2908 1197 2978 mulierem
1221 2909 1310 2978 rele-

260 3027 358 3118 gavit
383 3025 483 3116 (Vid.
510 3026 611 3118 Virg.
638 3025 717 3094 AEn.
748 3024 838 3096 VII.
864 3021 975 3116 776),
998 3023 1060 3092 ubi
1089 3022 1187 3093 solus
1216 3026 1310 3093 inter

188 3161 191 3170 ⁴
261 3139 382 3234 ignota
401 3165 545 3212 nemora
567 3149 709 3216 aetatem
732 3141 901 3232 exigeret,
918 3146 966 3220 et,
986 3139 1063 3229 jam
1079 3145 1223 3207 mutate
1247 3161 1309 3207 no-

259 3256 364 3336 mine,
384 3254 531 3325 Virbius
554 3255 761 3324 vocaretur?
788 3253 884 3337 Quid
908 3251 983 3321 haec
1006 3251 1217 3344 significant,
1241 3253 1307 3324 uisi

261 3371 444 3452 incestum,
463 3371 556 3460 quod
574 3371 690 3462 poetae
707 3391 779 3438 non
795 3368 929 3437 audent
945 3364 1129 3437 confiteri?

558 3637 561 3642 .
687 3579 797 3650 cAP.
826 3579 875 3648 X.

309 3715 449 3785 Hemm
483 3726 603 3786 autem
639 3715 798 3783 omnium
835 3735 898 3781 rex
933 3719 971 3780 et
1009 3717 1112 3802 pater
1153 3710 1305 3802 Jupiter,

259 3854 364 3922 quem
387 3839 507 3900 tenere
531 3831 568 3898 in
591 3828 680 3898 coelo
707 3849 883 3896 summam
904 3825 1053 3895 eredunt
1077 3831 1304 3915 potestatem,

259 3945 343 4035 quid
377 3944 502 4021 habuit
530 3943 727 4035 potestatis,
759 3939 852 4035 (sor.
885 3939 1041 4031 pietatis,
1075 3935 1217 4029 Duris.)
1245 3938 1302 4028 qni

167 4099 170 4106 ·
258 4058 604 4148 Satumumpatrem
625 4078 735 4148 regno
752 4053 901 4146 expulit,
919 4062 957 4122 et
977 4053 1084 4121 armis
1106 4053 1299 4146 fugientem

256 4179 460 4258 persecutus
490 4171 570 4239 est?
605 4171 688 4260 quid
719 4169 959 4248 continentiae,
985 4168 1045 4258 qui
1076 4168 1195 4236 emnia
1224 4164 1297 4233 libi·
