2867 4817
272 319 337 383 900
648 318 679 380 S.
703 315 940 381 CYPRIANI

272 492 347 563 dari
365 492 503 561 dixerat
519 492 687 582 quioquid
699 490 825 561 fuisset
837 493 913 582 ejus
929 490 1073 565 nomine
1090 490 1324 582 postulatum.

273 606 375 679 Mors
392 608 513 699 itaque
530 606 766 701 suspenditur,
785 614 825 675 et
848 606 991 698 spiritus
1013 605 1183 689 redditur,
1200 615 1240 677 et
1255 607 1326 677 mi-

271 724 430 795 rantibus
447 746 488 793 ae
505 724 731 816 stupentibus
747 722 942 794 eunetis-ad
958 722 1050 797 bauo
1066 723 1191 795 mrmdi
1204 723 1326 793 denuo

271 838 389 911 luoem
410 839 607 910 redivivum
634 862 761 932 corpus
789 840 976 910 animatur.
1031 839 1187 911 Tantum
1218 846 1326 933 potu-

270 963 376 1027 erunt
396 956 646 1025 misericordiae
667 956 805 1036 monta,
822 962 964 1026 tantum
980 978 1089 1048 opera
1104 956 1205 1048 justa
1225 954 1353 1040 volu-5

270 1079 384 1143 erunt.
436 1070 528 1155 Quas
552 1070 793 1143 laborantibus
813 1072 928 1143 viduis
950 1072 1079 1166 largita
1099 1072 1216 1145 fuerat
1238 1073 1324 1145 sub·

269 1192 358 1263 sidia
379 1191 532 1274 vivendi,
557 1192 688 1262 meruit
717 1192 764 1262 ad
791 1192 901 1261 vitam
931 1192 1117 1263 viduarum
1146 1194 1325 1285 petitione

270 1310 438 1379 revocari.

322 1424 370 1497 V.
406 1424 534 1516 Itaque
568 1426 606 1495 in
639 1424 823 1518 evangelio
859 1424 1044 1507 Dominus,
1079 1424 1204 1495 doctor
1236 1423 1324 1495 vitae

270 1550 409 1623 nostrae,
428 1550 466 1613 et
482 1543 652 1637 magister
668 1539 793 1612 salutis
809 1550 962 1625 aeternae,
980 1541 1160 1613 vivificans
1176 1540 1380 1611 creden-10

269 1659 361 1728 tium
385 1656 567 1750 populum,
592 1665 630 1727 et
651 1657 836 1728 vivificatis
860 1657 1048 1731 consulens
1072 1658 1111 1727 in
1134 1664 1324 1740 aeternum.

269 1776 363 1845 inter
379 1796 443 1845 sua
465 1775 634 1845 mandata
657 1774 776 1845 divina
797 1783 836 1846 et
856 1782 1033 1868 praesepta
1054 1770 1213 1847 eoelestia
1232 1770 1323 1845 nihil

269 1889 426 1961 erebrius
443 1889 588 1961 mandat
603 1898 641 1961 et
657 1891 820 1983 praeoipit
835 1912 943 1983 quam
959 1899 1002 1960 ut
1014 1890 1217 1962 insistamus
1227 1888 1326 1961 elee-

268 2008 425 2100 mosynis
459 2006 593 2089 dandis,
628 2030 694 2077 neo
728 2008 878 2079 terrenis
911 2007 1189 2100 possessionibus
1222 2008 1325 2080 ineu·

269 2124 405 2207 bemus,
431 2122 494 2193 sed
523 2121 686 2195 coelestes
716 2122 901 2195 thesauros
930 2125 1049 2217 potius
1078 2124 1375 2209 reoondsmus.15

107 2260 222 2311 russi.
279 2238 430 2323 Vadite,
447 2240 572 2331 inquit,
590 2262 646 2311 res
663 2248 800 2323 aestas,
818 2249 850 2313 et
864 2239 944 2311 date
964 2236 1220 2335 eleemoynam.
1272 2241 1324 2313 Et

193 2365 226 2415 vt
269 2358 409 2439 itemm
433 2352 550 2427 Nolite
574 2354 667 2427 vobis
689 2355 834 2429 conum
859 2354 1035 2429 maturos
1056 2380 1160 2451 mper
1181 2366 1323 2442 terram

269 2470 328 2543 uhi
356 2472 449 2543 tineo
473 2480 505 2543 et
530 2481 718 2545 comesturo
742 2472 960 2556 aute-rminot,
981 2480 1015 2546 et
1037 2471 1096 2545 uti
1110 2470 1218 2568 sures
1241 2472 1325 2571 effi>-

268 2587 370 2661 diunt
402 2597 434 2661 et
456 2586 642 2683 fruantur.
706 2587 956 2661 Thermae
983 2599 1097 2663 adem
1128 2589 1222 2663 soba
1252 2589 1325 2665 the·

268 2728 390 2777 sauros
424 2705 463 2777 io
496 2702 587 2789 ooeb,
622 2703 680 2779 nti
718 2728 826 2801 neque
861 2707 955 2780 tineo
987 2730 1095 2802 oeque
1131 2718 1377 2783 mmmmm

268 2822 483 2907 euoernrinot,
511 2830 543 2893 et
567 2820 745 2917 ubifures
769 2846 840 2897 non
862 2821 1029 2920 effodiunt
1056 2848 1119 2897 neo
1133 2823 1323 2920 furamur.

275 2938 344 3013 Ubi
383 2939 474 3011 euim
504 2936 622 3034 facerit
655 2936 835 3013 stastum
873 2950 960 3026 tuus,
990 2939 1065 3015 titio
1095 2942 1165 3015 en't
1196 2951 1230 3015 ot
1262 2967 1325 3017 σον

269 3065 376 3129 taam.
428 3056 585 3127 Etcum
615 3054 802 3129 observata
830 3057 911 3153 lege
939 3059 1140 3152 perfeetum
1168 3068 1208 3133 et
1236 3084 1325 3133 oon·

193 3192 244 3241 xix.
270 3180 487 3245 summatum
509 3172 618 3245 vellet
640 3175 837 3257 ostendere,
858 3174 905 3249 Si
925 3176 987 3258 vir,
1004 3176 1131 3268 inquit,
1146 3174 1325 3273 perfectu

269 3314 348 3373 aare,
372 3286 456 3360 uada
484 3297 517 3360 et
545 3288 649 3361 neoda
678 3290 796 3361 omnio
820 3300 890 3375 tua,
915 3300 949 3363 et
976 3289 1025 3365 do
1048 3292 1172 3389 manu,
1198 3303 1232 3367 et
1259 3292 1371 3380 ἠως

269 3404 358 3479 bebio
378 3402 573 3477 thesaurum
597 3406 637 3479 in
662 3405 753 3490 ooelo,
778 3416 811 3479 et
835 3408 921 3492 oeni
945 3431 1085 3503 sequere
1109 3432 1173 3481 me.
1225 3412 1324 3485 Item

269 3524 340 3595 alio
364 3522 443 3593 loeo
468 3524 727 3617 negotiatorem
752 3525 906 3598 ooelestis
930 3526 1053 3620 gratiss
1077 3536 1117 3598 et
1140 3552 1324 3622 eompara-

270 3649 385 3711 torem
407 3639 531 3711 salutis
554 3649 707 3725 aeternae,
731 3642 909 3715 distraotis
929 3644 1094 3717 omnibns
1110 3644 1216 3717 rebus
1239 3648 1323 3731 suis,

269 3758 459 3850 pretiosam
503 3760 741 3851 margaritam,
779 3760 848 3831 boo
888 3768 952 3843 est,
995 3762 1106 3831 vitam
1148 3770 1323 3835 aetemsm

271 3873 404 3945 Christi
425 3898 553 3945 eruore
582 3878 783 3969 pretiosam,
813 3877 859 3947 de
887 3880 1088 3970 quantitate
1117 3880 1324 3971 patrimonii
1330 3904 1371 3962 30

194 4022 246 4070 us.
272 3992 327 4061 sui
348 3992 436 4062 dicit
457 3991 588 4063 debere
608 3996 769 4064 mereari.
807 3992 933 4067 Simile
953 4004 1013 4077 est,
1030 3995 1156 4087 inquit,
1175 4018 1324 4092 sepum

272 4104 430 4179 osonum
460 4106 594 4181 homini
624 4109 829 4205 nepotiatori
857 4112 1025 4205 quoeranti
1052 4109 1157 4182 unas
1184 4135 1324 4209 marpa-

268 4223 369 4295 ruas
437 4222 506 4297 Ubi
542 4234 653 4297 autem
692 4226 822 4299 invenit
855 4228 1043 4323 pretiosam
1083 4228 1322 4324 Maporiton,
