2867 4817
602 439 649 504 IN

336 624 910 724 TERTULLIANI

510 840 737 917 erenum

160 1038 224 1109 DE
249 1038 671 1112 PRAESORIPTIONE
698 1041 1089 1116 HAERE'I'IOORUM

385 1236 863 1323 ANNOTATIONES.

519 1452 745 1487 —4—

149 1605 360 1672 'l'snersruun
383 1630 463 1694 quos
484 1608 545 1673 edo
561 1609 748 1675 Tertulliani
768 1610 856 1695 prior
876 1610 928 1674 ille
949 1610 987 1673 do
1007 1610 1150 1676 Oreum

112 1694 315 1759 nucariense
329 1696 455 1780 lapsum
470 1695 538 1779 ejus
555 1696 597 1760 ad
614 1695 867 1760 Montaninum
888 1696 1024 1760 attribui
1046 1696 1146 1772 solet3

112 1778 161 1841 ssd
178 1780 259 1845 alter
276 1780 403 1845 libellus
423 1779 461 1845 de
478 1781 717 1867 Proesm'ptioae
732 1782 964 1860 Heraion-ma,
979 1790 1150 1882 propterea

112 1865 187 1947 quod
201 1866 242 1930 ab
263 1888 303 1931 eo
321 1867 358 1930 in
376 1866 457 1930 libro
479 1866 581 1951 primo
600 1889 657 1932 suo
682 1868 795 1932 Gaura
815 1868 1007 1933 Marciorum
1025 1869 1151 1933 sudetur

112 1950 274 2033 promissus
292 1952 399 2029 irrisae,
423 1974 495 2017 orum
515 1952 717 2018 Montanists
737 1954 806 2039 jem
826 1953 931 2018 laotus
951 1961 1045 2032 esset,
1065 1954 1151 2018 inter

112 2056 200 2119 opera
212 2038 281 2124 ejus
295 2037 475 2123 composita
491 2046 564 2124 post
578 2046 743 2126 susceptos
760 2060 883 2103 errores
904 2040 1150 2104 Montanistioos

112 2142 331 2209 nonnunquam
341 2131 497 2202 censetur,
509 2124 610 2211 magis
621 2147 717 2210 quam
732 2132 864 2210 propter
874 2148 1041 2211 perperam
1052 2126 1148 2205 diota,

112 2230 176 2292 que
199 2210 232 2273 in
256 2211 330 2296 ipso
352 2216 495 2275 trsetatu
520 2211 731 2297 reperiantur.
775 2213 869 2277 Oerte
891 2233 950 2297 ego
975 2211 1062 2276 nulle
1084 2233 1149 2275 om-

112 2293 179 2357 nino
201 2294 297 2381 hujus
324 2295 453 2360 baeresis
477 2296 611 2383 vestigia
630 2298 665 2360 in
693 2296 755 2361 hoe
779 2297 930 2382 opuseulo
958 2297 1151 2382 deprehendi

112 2400 196 2463 posse
209 2382 368 2459 existimo,
383 2389 441 2447 sut
454 2380 500 2446 ibi
520 2403 675 2467 apparere
689 2384 876 2469 eujusqnem
891 2383 1045 2448 doetrinae
1060 2383 1151 2448 semi·

113 2472 159 2529 tas
180 2468 221 2532 ab
246 2468 381 2533 eeclesia
408 2489 473 2531 non
497 2468 645 2533 mleetss.
691 2467 799 2534 Ponss
823 2469 908 2533 enim
928 2469 1015 2533 heud
1039 2476 1151 2533 extsre

113 2551 276 2638 quidquam
302 2553 521 2619 Montanismo
546 2553 667 2619 diseors
691 2554 725 2618 in
746 2555 852 2640 eapite
872 2555 921 2620 vel
943 2572 1003 2630 223
1027 2554 1076 2618 vel
1097 2558 1149 2638 36,

112 2639 210 2703 omnia
222 2648 334 2705 temen
349 2638 504 2705 eutholioo
518 2662 606 2704 more
620 2640 778 2725 modoque
797 2641 915 2726 ubique
931 2640 1061 2725 exponit
1075 2640 1151 2704 Ter-

113 2723 264 2791 tullianus.
311 2725 434 2789 Verum
455 2726 627 2790 enimvero
648 2726 717 2790 fieri
738 2733 856 2811 potest,
871 2731 908 2790 ut
928 2748 991 2811 quo
1007 2734 1152 2811 tempore

113 2807 167 2873 beo
179 2810 364 2897 opuseulum
378 2818 491 2876 auctor
504 2812 665 2891 seriberet
681 2812 709 2876 is
731 2833 829 2877 novas
849 2812 1034 2898 prophetias
1050 2832 1152 2896 neque

113 2895 258 2981 rejieeret,
275 2918 335 2962 nee
353 2897 527 2983 reciperen
556 2898 642 2963 haud
661 2906 771 2963 minen
793 2905 964 2984 propterea
984 2897 1152 2962 baeretious

113 2981 346 3061 existimandus,
377 2982 410 3047 ui
420 2982 516 3048 fidem
527 2984 666 3049 eoelesiee
676 2983 855 3049 retinuerit.
877 2984 932 3049 Ad
946 2984 1050 3048 losum
1064 2982 1152 3047 illum

114 3068 191 3149 quod
214 3070 336 3134 attinet
404 3070 432 3133 ri
454 3070 548 3155 primi
576 3070 689 3135 Ouum
712 3071 913 3148 Marciorum,
937 3070 971 3133 iu
996 3092 1059 3155 quo
1081 3091 1152 3154 pro-

113 3152 235 3219 missum
248 3155 313 3219 hoe
327 3176 406 3240 opus
417 3154 573 3219 nonnullis
584 3156 720 3233 videtur,
732 3178 790 3221 nos
801 3156 980 3221 meminisse
991 3156 1150 3231 debemus,

114 3238 236 3305 dirersis
265 3240 395 3326 quidem
416 3242 613 3325 temporibus
635 3249 783 3307 exortem
804 3249 903 3328 atque
927 3248 1056 3307 suetam
1083 3262 1153 3306 esse

134 3322 141 3337 ’
197 3326 356 3392 tationem
376 3326 462 3391 illam
483 3327 635 3392 sdvereus
650 3328 858 3406 Mereionem
874 3328 976 3392 indioe
993 3327 1004 3391 i
1026 3348 1062 3391 so
1076 3326 1153 3392 Ter·

167 3410 175 3425 '
216 3435 237 3477 o
261 3412 356 3478 initio
379 3410 460 3476 libri.
514 3412 585 3478 Imo
606 3414 692 3499 quod
713 3414 795 3479 bene
815 3350 1073 3499 perpendendum
1092 3421 1151 3491 est,

113 3497 203 3563 rerba
228 3499 407 3582 dequibus
432 3498 565 3584 egimus,
586 3507 624 3563 ut
649 3501 729 3564 Ant.
753 3500 809 3564 Fr.
831 3498 963 3564 Vezsosi
987 3500 1031 3565 ad
1052 3500 1153 3563 oerdi-

113 3582 187 3647 mlis
211 3584 375 3649 Thomasii
399 3585 606 3650 [sutum
631 3586 728 3651 Tdeol.
748 3586 809 3651 vol.
831 3584 857 3650 l.
879 3608 910 3671 p.
935 3585 965 3648 8.
985 3586 1152 3733 ωςξθεείῢ,

113 3686 131 3730 ο
150 3690 187 3733 us
198 3669 330 3756 eliquod
344 3670 478 3757 posthae
492 3671 648 3735 edendum
662 3672 749 3736 heud
762 3671 940 3737 neoessario
961 3670 1042 3757 signs
1065 3678 1153 3736 eant.

145 3756 218 3822 erbe
247 3756 514 3844 epponem—Sed
536 3756 620 3822 olim
647 3756 774 3831 libellus,
800 3757 904 3842 inquit
929 3756 1154 3833 Tertullianus,

113 3836 185 3905 lm
205 3842 341 3927 predum
362 3840 519 3908 eminebit
541 3844 686 3909 odom
707 3844 872 3921 doerotiooa
898 3843 991 3907 aiom
1014 3842 1081 3906 aim
1107 3863 1154 3907 ro-

113 3934 241 3993 rasus
253 3928 464 3994 menarum
478 3929 678 4007 revincendos,
693 3928 775 4015 quod
792 3930 846 3994 too
861 3928 1020 4013 (baeresis)
1035 3928 1097 3992 siret
1117 3928 1155 3992 de

109 4014 500 4100 mmmmm.
523 4016 618 4081 Narro
630 4025 778 4101 quatemus
789 4014 981 4081 aarum
993 4016 1156 4098 aurasio

114 4099 376 4180 &teterrimae
389 4098 1156 4187 eonrpsedimsproeseriptioaissbiqueodooootum

113 4180 288 4267 diffidoatioe
311 4188 482 4275 dapium,
507 4188 645 4272 reputem
668 4188 845 4253 odrorsssii
861 4188 958 4272 pruses
974 4195 1154 4272 potam.

114 4266 163 4335 lib.
178 4270 205 4337 l.
219 4294 247 4339 o.
263 4294 290 4339 r.
337 4273 430 4351 Soleo,
446 4272 559 4338 soribit
573 4280 607 4339 et
621 4273 707 4352 elibi,
722 4275 758 4338 iu
765 4273 998 4359 prescriptione
1010 4273 1156 4338 mess
