2867 4817
283 312 347 376 uto
535 309 770 374 FIRMIANI
794 311 1065 376 LACTANTIl

454 520 583 532 ——
596 482 793 568 primamque
806 484 940 547 deornm

370 585 527 650 Tellurem
883 586 989 689 (Ovio.
1006 586 1101 651 Fusr.
1117 586 1179 651 VI.
1192 590 1288 671 207.)

148 742 151 751 ·
284 733 321 795 et
344 725 569 817 postmodum
594 722 711 794 Derim
731 723 854 795 Matri.
905 724 1125 796 Euhemerus
1150 736 1278 796 autern
1295 728 1332 796 in

285 864 382 912 sacra
404 840 551 931 historia
576 842 690 934 ipsum
720 842 849 912 lovem
877 843 975 925 dicit,
1000 853 1187 936 postquam
1217 845 1333 936 impe·

284 958 375 1027 rium
416 958 558 1050 ceperit,
592 958 657 1027 sibi
691 958 815 1028 multis
847 960 887 1029 in
920 958 1006 1029 locis
1044 960 1125 1029 fana
1157 962 1331 1052 posuisse.

286 1074 383 1144 Nam
408 1074 578 1143 circuiens
601 1072 734 1155 orbem,
755 1082 797 1142 ut
818 1096 995 1166 quemque
1016 1076 1054 1145 in
1078 1074 1198 1145 locum
1222 1098 1333 1147 rene·

284 1200 348 1273 rat,
377 1191 550 1283 principes
579 1189 790 1283 populorum
824 1192 981 1261 amicitia
1013 1192 1148 1262 sibiet
1182 1192 1330 1285 hospitii

278 1308 359 1401 jure
376 1308 541 1377 sociabat.
592 1306 702 1398 Cujus
718 1309 771 1377 rei
791 1316 833 1377 ut
855 1316 973 1399 posset
993 1310 1165 1379 memoria
1187 1312 1330 1392 serram,

284 1424 405 1495 funum
430 1424 495 1494 sibi
519 1424 628 1493 creari
648 1424 799 1514 jubebat
823 1433 930 1516 atquc
958 1424 1004 1493 ab
1032 1424 1233 1517 hospitibus
1257 1429 1332 1497 suis

283 1564 400 1612 annua
416 1540 506 1610 feste
522 1539 701 1610 celebrari.
752 1540 811 1611 Sic
834 1563 897 1633 per
916 1564 1038 1612 omnes
1058 1552 1170 1612 terras
1181 1542 1330 1612 cultum

284 1660 336 1729 sui
355 1659 505 1727 nominis
528 1657 725 1727 seminavit.
776 1656 927 1740 Quando
952 1667 1074 1728 autem
1098 1660 1156 1727 isti
1183 1659 1331 1741 luerint,

284 1774 385 1846 facile
411 1773 528 1867 colligi
554 1781 681 1867 potest.
739 1772 870 1843 Scribit
894 1776 990 1843 enim
1020 1773 1165 1845 Thallus
1192 1778 1231 1845 in
1258 1776 1330 1846 his-

284 1894 372 1963 toria
389 1914 461 1974 suu,
480 1890 608 1961 Belum
625 1914 744 1984 regem
764 1889 999 1983 Assyriorum,
1018 1912 1124 1982 quem
1137 1891 1330 1985 Babylonii

283 2010 414 2093 colunt,
432 2008 561 2102 quique
579 2006 723 2078 Saturni
740 2009 847 2079 fuerit
864 2008 1005 2100 aequalis
1021 2018 1059 2079 et
1076 2010 1221 2092 amicus,
1235 2012 1331 2081 anti-

283 2128 439 2220 quiorem
466 2126 572 2195 fuisse
597 2125 723 2195 Troico
748 2124 843 2195 bello
868 2127 968 2197 annis
993 2146 1155 2197 cucxxn.
1178 2136 1218 2197 et
1243 2139 1331 2198 sunt

283 2244 327 2315 sb
354 2244 421 2313 llio
442 2250 546 2335 capto
572 2244 654 2312 anni
670 2262 888 2313 mccccuxx.
941 2240 1047 2313 Unde
1070 2254 1226 2335 apparet,
1255 2266 1329 2313 non

282 2360 432 2453 amplius
466 2382 571 2452 quem
607 2379 750 2429 mcccc.
780 2381 857 2429 esse
889 2381 1008 2439 annos,
1038 2381 1083 2427 ex
1114 2382 1195 2450 quo,
1224 2364 1330 2431 novis

284 2478 441 2548 Deorum
475 2476 629 2547 cultibus
658 2476 840 2558 institutis,
873 2476 1068 2545 humanum
1098 2500 1212 2569 genus
1239 2479 1330 2548 inci-

283 2595 373 2665 derit
390 2595 425 2664 in
444 2616 607 2664 errorem.

669 2708 778 2779 OAP.
810 2708 938 2782 XXV.

333 2827 468 2898 Merito
496 2828 605 2920 igitur
633 2822 746 2919 po'e'tae
775 2836 1033 2897 commutatum
1066 2850 1144 2898 esse
1177 2851 1326 2899 aureum

283 2945 438 3016 seculum
465 2952 673 3026 memorant,
699 2945 793 3035 quod
822 2944 930 3013 fuerit
958 2952 1129 3038 regnante
1159 2944 1326 3017 Saturno.

285 3060 386 3131 Nulli
403 3062 496 3131 enim
515 3069 601 3130 tunc
623 3061 671 3130 dii
693 3060 909 3143 colebantur,
931 3062 992 3130 sed
1013 3084 1125 3129 unum
1148 3071 1187 3131 et
1210 3060 1325 3131 solum

283 3178 400 3248 Deum
418 3186 598 3248 noverant.
656 3176 848 3268 Postquam
866 3200 904 3246 se
921 3179 1068 3247 terrenis
1084 3200 1126 3247 uc
1142 3178 1326 3270 fragilibus

282 3294 566 3388 subjugaverunt,
602 3293 758 3363 colentes
791 3292 888 3387 ligna
923 3303 960 3364 et
998 3316 1066 3365 aera
1103 3302 1141 3363 et
1179 3293 1324 3386 lapides,

282 3412 512 3483 commutatio
526 3410 634 3481 seculi
648 3410 742 3481 facta
754 3420 808 3481 est
820 3434 932 3502 usque
945 3412 990 3481 ad
1003 3411 1145 3480 ferrum.
1181 3410 1327 3483 Amissa

283 3530 376 3599 enim
396 3528 463 3598 Dei
488 3530 624 3610 notitia,
642 3537 679 3597 et
702 3551 773 3598 uno
795 3527 856 3597 illo
874 3526 1015 3597 vinculo
1031 3526 1195 3597 humanae
1214 3530 1327 3599 socie-

282 3647 365 3717 tatis
388 3645 547 3738 ebrupto‚
566 3654 703 3715 vastare
727 3668 764 3715 se
787 3646 947 3727 invicem,
965 3645 1121 3737 praedari,
1139 3668 1181 3714 ac
1204 3646 1327 3716 debel-

282 3765 354 3835 lare
379 3772 571 3856 coeperunt.
623 3762 728 3846 Quod
754 3764 783 3832 si
810 3785 947 3833 sursum
974 3762 1095 3833 oculos
1117 3786 1199 3833 suos
1221 3765 1326 3835 tolle-

284 3890 371 3963 rent,
400 3902 440 3950 ac
470 3880 587 3950 Deum
615 3881 845 3962 intuerentur,
870 3881 929 3972 qui
959 3902 1019 3951 eos
1044 3881 1089 3950 ad
1115 3882 1324 3973 adspectum

201 4050 203 4055 μ
284 3997 363 4068 coeli
380 3998 503 4089 suique
521 3998 699 4079 excitavit,
718 4021 897 4089 nunquam
914 4021 953 4069 se
975 4022 1100 4069 curvos
1117 4006 1154 4069 et
1170 3998 1325 4070 humiles

282 4116 437 4185 facerent
462 4124 601 4185 terrena
626 4116 834 4198 venerando,
861 4139 1009 4209 quorum
1034 4116 1222 4187 stultitiam
1254 4118 1325 4188 Lu-

282 4232 410 4299 cretius
426 4232 579 4321 gmviter
596 4232 742 4314 incusat,
761 4234 898 4303 dicens:
