2867 4817
197 302 331 368 APUD
353 302 628 371 CONCILIUM
651 306 1057 373 CHALCEDONIUM.
1118 310 1161 377 77

107 477 381 579 ἐνανθριύιησιν
410 484 485 562 τοῖς
515 485 656 563 πιστοῖς
685 481 886 584 δεχομένας
921 483 1155 584 παρίστησιν.

106 605 195 683 ἀλλ’
213 603 400 709 ἐπειδήπερ
418 610 452 685 οῖ
468 609 533 705 τῆς
556 608 725 706 ἀληθείας
750 610 887 689 ἀθετεῖν
905 612 1161 716 ἐπιχειροῦντες

105 730 151 811 τὸ
169 729 346 835 κήρυγμα,
360 731 419 812 διά
435 738 509 812 τῶν
526 734 662 813 οἰκείων
676 734 848 837 αἱρέσεων
860 734 925 819 τάς
943 741 1161 844 κενοφωνίας

107 860 295 957 ἀπέτεκον,
315 866 349 941 οἱ
365 859 431 959 μὲν
447 859 490 942 τὸ
517 866 580 960 τῆς
609 863 651 939 δι’
671 862 764 961 ἡμᾶς
782 871 846 943 τοῦ
867 865 1001 967 Κυρίου
1020 870 1156 946 οἰκονο-

71 1020 95 1077 5
107 989 191 1086 μίας
204 987 403 1091 μυστήριον
412 989 669 1094 παραφθειρειν
681 992 965 1091 τολμῶντες,κά
982 990 1049 1093 τὴν
1062 998 1156 1073 Θεο-

108 1114 216 1195 τύκον
236 1116 295 1197 ἐπὶ
321 1120 386 1215 τῆς
412 1117 590 1220 παρθένου
617 1114 744 1222 φωνὴν
761 1118 1032 1221 ἀπαρνούμενοι·
1061 1125 1094 1201 οῖ
1121 1119 1160 1201 δέ

107 1242 293 1349 σύγχυσιν
311 1246 370 1322 καὶ
387 1249 517 1346 κρῖισιν
530 1242 747 1346 εἰσάγοντες,
761 1248 820 1325 καὶ
837 1246 922 1344 μίαν
940 1243 1028 1327 εῖναι
1046 1246 1161 1353 φύσιν

108 1375 173 1471 τῆς
189 1368 327 1475 σαρκὸς
344 1373 404 1451 καὶ
420 1375 485 1471 τῆς
496 1370 676 1471 Θεάνητος
689 1372 847 1473 ἀνοήτως
861 1376 1159 1475 ἀναπλάττοντες,

108 1502 167 1580 καὶ
198 1498 365 1599 παθιμὴν
393 1506 458 1578 τοῦ
492 1508 707 1602 μονογενοῦς
741 1498 809 1599 τὴν
841 1500 938 1581 θείαν
967 1500 1082 1607 φύσιν
1113 1508 1159 1609 τῇ

54 1670 98 1712 ιο
107 1628 288 1732 συγχύσει
305 1625 577 1730 τερατευόμενοι·
598 1625 657 1709 διά
673 1636 779 1708 τοῦτο
796 1633 922 1707 πᾶσαν
935 1629 1053 1713 αὐτοῖς
1069 1632 1159 1710 ἀπο-

107 1763 251 1836 κλεῖσαι
269 1754 360 1836 κατά
372 1759 436 1855 τῆς
449 1756 618 1855 ἀληθείας
630 1754 796 1859 μηχανὴν
809 1754 1012 1854 βουλομένη]
1030 1755 1053 1854 ἡ
1065 1790 1159 1860 παρ-

107 1892 204 1963 οῖισα
221 1891 286 1963 νῦν
303 1885 394 1984 αὕτη
412 1882 499 1984 ἀγία
516 1881 658 1984 μεγάλη
676 1886 736 1961 καὶ
755 1881 974 1981 οὶκουμενικὴ
992 1876 1157 1984 σύνοδος,

106 2008 152 2092 τὸ
169 2019 233 2091 τοῦ
257 2010 483 2115 κηρύγματος
510 2010 646 2090 ἀνωθεν
663 2006 867 2089 ἀσάλευτον
884 2007 1158 2111 ἐκδιδάσκουσα,

107 2138 217 2245 ὥρισε
268 2137 554 2243 προηγουμένως,
599 2143 673 2217 τοῖν
717 2138 934 2239 τριακοσίων
980 2140 1158 2223 δεκαοκτὼ

54 2270 221 2371 ιηάγίων
251 2266 416 2372 πατέρων
442 2266 510 2367 τὴν
539 2267 667 2348 πίστιν
692 2263 808 2364 μένειν
840 2266 1153 2370 ἀπαρεγχείρητον.

107 2399 168 2477 καὶ
183 2393 244 2476 διά
266 2395 332 2494 μὲν
348 2393 432 2481 τούς
452 2401 505 2503 τῷ
524 2391 709 2494 Πνεύματι
733 2398 784 2501 τῷ
811 2394 903 2501 ἁγίιρ
921 2394 1158 2499 μαχομενους,

106 2521 174 2625 τὴν
190 2522 332 2629 χρόνοις
350 2524 502 2627 ὕστερον
518 2520 619 2626 παρά
635 2528 708 2602 τῶν
727 2524 786 2603 ε’πὶ
807 2525 872 2623 τῆς
889 2521 1158 2625 βασιλευούσης

105 2648 248 2735 πόλεως
265 2648 517 2731 συνελθόντων
534 2646 660 2730 ἑκατὸν
675 2647 897 2749 πεντήκοντα
920 2649 1033 2751 ἁγίων
1049 2650 1157 2731 πατέ-

106 2814 182 2884 ρων
206 2781 288 2883 περὶ
316 2782 381 2879 τῆς
411 2786 476 2859 τοῦ
503 2776 713 2875 Πνεύματος
741 2777 866 2859 ούσίας
890 2780 1157 2879 παραδοθεῖσαν

57 2909 344 2989 νοδιδασκαλάιν
361 2911 473 3011 κυροῖ·
504 2902 549 3005 ἣν
565 2906 689 2985 ε’κεῖνοι
716 2910 790 2987 τοῖς
806 2910 921 2985 πᾶσιν
939 2904 1153 3008 ἐγνώρισαν,

106 3038 171 3118 ούκ
195 3035 244 3121 ἀς
269 3070 305 3116 τι
331 3044 458 3117 λεῖπον
476 3039 549 3117 τοῖς
566 3038 819 3135 προλαβοῦσιν
836 3030 1037 3133 ἀνάγοντες,
1056 3031 1157 3117 ἀλλά

106 3163 174 3265 τὴν
199 3166 282 3267 περὶ
305 3170 370 3243 τοῦ
392 3161 495 3265 ἀγίου
523 3158 732 3258 Πνεύματος
761 3159 878 3238 αὐτῶν
905 3156 1041 3241 ἔννοιαν
1064 3160 1157 3241 κατά

106 3301 180 3374 τῶν
203 3291 271 3393 τὴν
293 3294 402 3373 affro&
428 3291 640 3371 δεσποτείαν
664 3291 801 3370 ἀθετεῖν
817 3288 1043 3391 πειρωμένων
1060 3322 1152 3392 γρα-

106 3427 230 3529 φακοῖς
253 3420 461 3524 μαρτυρίας
484 3415 743 3520 τρανιύσαντες.
791 3412 850 3494 διά
868 3413 906 3494 δὲ
932 3412 1014 3497 τούς
1032 3413 1074 3496 τὸ
1092 3420 1156 3516 τῆς

59 3578 97 3637 25
108 3550 308 3647 οἰκονομίας
342 3546 600 3651 παραφθείρειν
637 3546 900 3649 ἐπιχειροῦντας
947 3542 1155 3648 μυστήριον,

108 3680 167 3758 καὶ
183 3674 300 3782 ψιλὸν
317 3674 509 3778 ἀνθριαπον
526 3670 614 3752 εἶναι
630 3669 694 3751 τὸν
711 3674 751 3751 ἐκ
778 3674 842 3771 τῆς
866 3671 970 3771 ἁγίας
987 3672 1156 3775 τεχθέντα

110 3803 256 3907 Μαρίας
292 3805 444 3886 ἀνοιδῶς
480 3804 741 3907 ληρτρδοῦντας,
780 3798 845 3885 τάς
880 3806 945 3878 τοῦ
981 3799 1156 3903 μακαρίου

110 3935 309 4038 Κυρίλλον,
340 3939 405 4011 τοῦ
435 3934 499 4030 τῆς
525 3926 797 4036 Ἀλεξανδρέων
829 3928 1022 4027 ἐκκλησίας
1046 3960 1153 4029 γενο-

108 4062 217 4162 μένου
237 4058 414 4160 ποιμένος,
434 4055 626 4141 συναδικεῖς
657 4053 854 4139 ἐπιστολάς
884 4052 975 4157 πρὸς
1006 4052 1153 4136 Νεστό-

59 4223 100 4279 30
107 4224 186 4294 ρων
213 4191 271 4268 καὶ
298 4185 388 4291 πρὸς
416 4183 497 4269 τοὺς
525 4188 590 4283 τῆς
619 4187 798 4282 ἀνατολῆς
828 4182 1017 4286 ἀρμοδίους
1043 4184 1156 4267 οὔσας
