<?xml version="1.0" encoding="UTF-8"?>
<!DOCTYPE html PUBLIC "-//W3C//DTD XHTML 1.0 Transitional//EN"
    "http://www.w3.org/TR/xhtml1/DTD/xhtml1-transitional.dtd">
<html xmlns="http://www.w3.org/1999/xhtml" xml:lang="en" lang="en">
 <head>
  <title>
</title>
<meta http-equiv="Content-Type" content="text/html;charset=utf-8" />
  <meta name='ocr-system' content='tesseract 3.04.00' />
  <meta name='ocr-capabilities' content='ocr_page ocr_carea ocr_par ocr_line ocrx_word'/>
</head>
<body>
  <div class='ocr_page' id='page_1' title='image "./scriptorumeccle03routgoog_0570.png"; bbox 0 0 2867 4817; ppageno 0'>
   <div class='ocr_carea' id='block_1_1' title="bbox 279 328 967 395">
    <p class='ocr_par' dir='ltr' id='par_1_1' title="bbox 279 328 967 395">
     <span class='ocr_line' id='line_1_1' title="bbox 279 328 967 395; baseline 0.006 -4"><span class='ocrx_word' id='word_1_1' title='bbox 279 330 343 392; x_wconf 80' lang='lat'><strong>118</strong></span> <span class='ocrx_word' id='word_1_2' title='bbox 586 328 967 395; x_wconf 85' lang='lat' dir='ltr'><strong>ANNOTATIONES</strong></span> 
     </span>
    </p>
   </div>
   <div class='ocr_carea' id='block_1_2' title="bbox 278 497 1335 3590">
    <p class='ocr_par' dir='ltr' id='par_1_2' title="bbox 278 497 1334 1101">
     <span class='ocr_line' id='line_1_2' title="bbox 279 497 1332 586; baseline -0.001 -23"><span class='ocrx_word' id='word_1_3' title='bbox 279 501 385 576; x_wconf 86' lang='lat' dir='ltr'><strong>immo,</strong></span> <span class='ocrx_word' id='word_1_4' title='bbox 418 506 455 564; x_wconf 89' lang='lat' dir='ltr'><strong>ut</strong></span> <span class='ocrx_word' id='word_1_5' title='bbox 481 499 550 584; x_wconf 87' lang='lat' dir='ltr'><strong>jem</strong></span> <span class='ocrx_word' id='word_1_6' title='bbox 579 501 693 586; x_wconf 87' lang='lat' dir='ltr'><strong>reperi,</strong></span> <span class='ocrx_word' id='word_1_7' title='bbox 722 500 920 585; x_wconf 81' lang='lat' dir='ltr'><strong>Nicephorus</strong></span> <span class='ocrx_word' id='word_1_8' title='bbox 949 497 1108 576; x_wconf 69' lang='lat' dir='ltr'><strong>callista,</strong></span> <span class='ocrx_word' id='word_1_9' title='bbox 1134 497 1188 585; x_wconf 89' lang='lat' dir='ltr'><strong>qui</strong></span> <span class='ocrx_word' id='word_1_10' title='bbox 1216 498 1250 562; x_wconf 90' lang='lat' dir='ltr'><strong>in</strong></span> <span class='ocrx_word' id='word_1_11' title='bbox 1276 498 1332 565; x_wconf 92' lang='lat' dir='ltr'><strong>lib.</strong></span> 
     </span>
     <span class='ocr_line' id='line_1_3' title="bbox 281 584 1334 670; baseline 0 -21"><span class='ocrx_word' id='word_1_12' title='bbox 281 588 311 649; x_wconf 90' lang='grc' dir='ltr'><strong>Ι.</strong></span> <span class='ocrx_word' id='word_1_13' title='bbox 336 585 419 649; x_wconf 80' lang='lat' dir='ltr'><strong>Hist.</strong></span> <span class='ocrx_word' id='word_1_14' title='bbox 437 585 522 649; x_wconf 75' lang='lat' dir='ltr'><strong>Ecol.</strong></span> <span class='ocrx_word' id='word_1_15' title='bbox 545 606 573 649; x_wconf 86' lang='lat' dir='ltr'><strong>e.</strong></span> <span class='ocrx_word' id='word_1_16' title='bbox 592 588 622 651; x_wconf 90' lang='lat'><strong>6.</strong></span> <span class='ocrx_word' id='word_1_17' title='bbox 655 594 688 652; x_wconf 89' lang='lat' dir='ltr'><strong>et</strong></span> <span class='ocrx_word' id='word_1_18' title='bbox 721 586 919 653; x_wconf 81' lang='lat' dir='ltr'><strong>Theorianus</strong></span> <span class='ocrx_word' id='word_1_19' title='bbox 949 586 983 649; x_wconf 90' lang='lat' dir='ltr'><strong>in</strong></span> <span class='ocrx_word' id='word_1_20' title='bbox 1013 584 1144 670; x_wconf 72' lang='lat' dir='ltr'><strong>Dialoyo</strong></span> <span class='ocrx_word' id='word_1_21' title='bbox 1174 606 1234 649; x_wconf 88' lang='lat' dir='ltr'><strong>suo</strong></span> <span class='ocrx_word' id='word_1_22' title='bbox 1263 606 1334 649; x_wconf 84' lang='grc' dir='ltr'>οοιο</span> 
     </span>
     <span class='ocr_line' id='line_1_4' title="bbox 282 670 1333 759; baseline -0.001 -24"><span class='ocrx_word' id='word_1_23' title='bbox 282 671 432 735; x_wconf 80' lang='lat' dir='ltr'><strong>Outtolioo</strong></span> <span class='ocrx_word' id='word_1_24' title='bbox 453 672 669 736; x_wconf 70' lang='lat' dir='ltr'><strong>Arineatbrum</strong></span> <span class='ocrx_word' id='word_1_25' title='bbox 689 673 775 759; x_wconf 88' lang='lat' dir='ltr'><strong>apud</strong></span> <span class='ocrx_word' id='word_1_26' title='bbox 793 674 979 739; x_wconf 71' lang='lat' dir='ltr'><strong><em>Auctarium</em></strong></span> <span class='ocrx_word' id='word_1_27' title='bbox 998 672 1190 735; x_wconf 74' lang='lat' dir='ltr'><strong>Drwoeemrm</strong></span> <span class='ocrx_word' id='word_1_28' title='bbox 1214 670 1333 735; x_wconf 83' lang='lat' dir='ltr'><strong>Biblio-</strong></span> 
     </span>
     <span class='ocr_line' id='line_1_5' title="bbox 279 756 1333 845; baseline 0.001 -25"><span class='ocrx_word' id='word_1_29' title='bbox 279 758 370 821; x_wconf 78' lang='lat' dir='ltr'><strong>tloooe</strong></span> <span class='ocrx_word' id='word_1_30' title='bbox 380 758 557 843; x_wconf 74' lang='lat' dir='ltr'><strong>Potramp.</strong></span> <span class='ocrx_word' id='word_1_31' title='bbox 567 764 641 841; x_wconf 87' lang='lat'><strong>476.</strong></span> <span class='ocrx_word' id='word_1_32' title='bbox 657 759 803 825; x_wconf 85' lang='lat' dir='ltr'><strong>similiter</strong></span> <span class='ocrx_word' id='word_1_33' title='bbox 817 766 915 845; x_wconf 83' lang='lat' dir='ltr'><strong>atque</strong></span> <span class='ocrx_word' id='word_1_34' title='bbox 927 757 1085 843; x_wconf 77' lang='lat' dir='ltr'><strong>Euagrius</strong></span> <span class='ocrx_word' id='word_1_35' title='bbox 1101 756 1333 823; x_wconf 91' lang='lat' dir='ltr'><strong>Definitionem</strong></span> 
     </span>
     <span class='ocr_line' id='line_1_6' title="bbox 279 844 1333 931; baseline 0.002 -23"><span class='ocrx_word' id='word_1_36' title='bbox 279 852 513 927; x_wconf 78' lang='lat' dir='ltr'><strong>excerpserunt.</strong></span> <span class='ocrx_word' id='word_1_37' title='bbox 559 844 784 931; x_wconf 86' lang='lat' dir='ltr'><strong>Theophanius</strong></span> <span class='ocrx_word' id='word_1_38' title='bbox 804 852 913 911; x_wconf 87' lang='lat' dir='ltr'><strong>autem</strong></span> <span class='ocrx_word' id='word_1_39' title='bbox 939 866 998 929; x_wconf 89' lang='lat' dir='ltr'><strong>pro</strong></span> <span class='ocrx_word' id='word_1_40' title='bbox 1020 846 1204 925; x_wconf 75' lang='grc' dir='ltr'>κενοφωνίας</span> <span class='ocrx_word' id='word_1_41' title='bbox 1224 844 1333 928; x_wconf 79' lang='lat' dir='ltr'>posuit</span> 
     </span>
     <span class='ocr_line' id='line_1_7' title="bbox 280 930 1333 1017; baseline -0.001 -23"><span class='ocrx_word' id='word_1_42' title='bbox 280 932 488 1008; x_wconf 83' lang='grc' dir='ltr'>κοινοφονίας,</span> <span class='ocrx_word' id='word_1_43' title='bbox 511 932 658 996; x_wconf 89' lang='lat' dir='ltr'><strong>omnibus</strong></span> <span class='ocrx_word' id='word_1_44' title='bbox 679 931 908 1017; x_wconf 74' lang='lat' dir='ltr'><strong>interpretibus</strong></span> <span class='ocrx_word' id='word_1_45' title='bbox 927 930 1009 995; x_wconf 87' lang='lat' dir='ltr'><strong>bane</strong></span> <span class='ocrx_word' id='word_1_46' title='bbox 1028 950 1137 993; x_wconf 78' lang='lat' dir='ltr'><strong>vocem</strong></span> <span class='ocrx_word' id='word_1_47' title='bbox 1160 937 1250 993; x_wconf 87' lang='lat' dir='ltr'><strong>reete</strong></span> <span class='ocrx_word' id='word_1_48' title='bbox 1271 930 1333 993; x_wconf 82' lang='lat' dir='ltr'><strong>lor-</strong></span> 
     </span>
     <span class='ocr_line' id='line_1_8' title="bbox 278 1016 635 1101; baseline 0.003 -21"><span class='ocrx_word' id='word_1_49' title='bbox 278 1022 366 1080; x_wconf 84' lang='lat' dir='ltr'><strong>tasse</strong></span> <span class='ocrx_word' id='word_1_50' title='bbox 379 1016 635 1101; x_wconf 81' lang='lat' dir='ltr'><strong>agnoscentibus.</strong></span> 
     </span>
    </p>

    <p class='ocr_par' dir='ltr' id='par_1_3' title="bbox 278 1101 1333 1425">
     <span class='ocr_line' id='line_1_9' title="bbox 323 1101 1333 1251; baseline 0 -87"><span class='ocrx_word' id='word_1_51' title='bbox 323 1101 363 1164; x_wconf 90' lang='lat' dir='ltr'><strong>P.</strong></span> <span class='ocrx_word' id='word_1_52' title='bbox 380 1118 430 1183; x_wconf 87' lang='lat'><strong>77.</strong></span> <span class='ocrx_word' id='word_1_53' title='bbox 453 1102 474 1165; x_wconf 91' lang='lat' dir='ltr'><strong>l.</strong></span> <span class='ocrx_word' id='word_1_54' title='bbox 491 1121 542 1167; x_wconf 87' lang='lat'><strong>21.</strong></span> <span class='ocrx_word' id='word_1_55' title='bbox 565 1102 742 1191; x_wconf 73' lang='grc' dir='ltr'>ἐπάγοντες]</span> <span class='ocrx_word' id='word_1_56' title='bbox 768 1103 939 1168; x_wconf 86' lang='lat' dir='ltr'><strong>Adnotata</strong></span> <span class='ocrx_word' id='word_1_57' title='bbox 960 1108 1011 1167; x_wconf 89' lang='lat' dir='ltr'><strong>est</strong></span> <span class='ocrx_word' id='word_1_58' title='bbox 1031 1102 1074 1167; x_wconf 83' lang='lat' dir='ltr'><strong>ed</strong></span> <span class='ocrx_word' id='word_1_59' title='bbox 1095 1122 1197 1251; x_wconf 48' lang='lat' dir='ltr'><strong>marg.</strong></span> <span class='ocrx_word' id='word_1_60' title='bbox 1220 1101 1333 1165; x_wconf 79' lang='lat' dir='ltr'><strong>Oenei·</strong></span> 
     </span>
     <span class='ocr_line' id='line_1_10' title="bbox 278 1187 1332 1273; baseline 0.001 -23"><span class='ocrx_word' id='word_1_61' title='bbox 278 1187 393 1251; x_wconf 88' lang='lat' dir='ltr'><strong>liorum</strong></span> <span class='ocrx_word' id='word_1_62' title='bbox 418 1187 512 1252; x_wconf 74' lang='lat' dir='ltr'><strong>lectio</strong></span> <span class='ocrx_word' id='word_1_63' title='bbox 534 1190 661 1253; x_wconf 79' lang='lat' dir='ltr'><strong>varians</strong></span> <span class='ocrx_word' id='word_1_64' title='bbox 691 1188 912 1270; x_wconf 75' lang='grc' dir='ltr'>ἐπεισάγοντες,</span> <span class='ocrx_word' id='word_1_65' title='bbox 940 1208 1011 1272; x_wconf 85' lang='lat' dir='ltr'><strong>quae</strong></span> <span class='ocrx_word' id='word_1_66' title='bbox 1039 1187 1125 1273; x_wconf 88' lang='lat' dir='ltr'><strong>apud</strong></span> <span class='ocrx_word' id='word_1_67' title='bbox 1208 1188 1332 1273; x_wconf 82' lang='lat' dir='ltr'><strong>agrium</strong></span> 
     </span>
     <span class='ocr_line' id='line_1_11' title="bbox 280 1272 1333 1359; baseline -0.002 -21"><span class='ocrx_word' id='word_1_68' title='bbox 280 1272 494 1358; x_wconf 85' lang='lat' dir='ltr'><strong>Nioephorum</strong></span> <span class='ocrx_word' id='word_1_69' title='bbox 513 1273 789 1359; x_wconf 80' lang='lat' dir='ltr'><strong>Theorianumque</strong></span> <span class='ocrx_word' id='word_1_70' title='bbox 803 1281 905 1339; x_wconf 88' lang='lat' dir='ltr'><strong>extat.</strong></span> <span class='ocrx_word' id='word_1_71' title='bbox 944 1276 985 1337; x_wconf 92' lang='lat' dir='ltr'><strong>ln</strong></span> <span class='ocrx_word' id='word_1_72' title='bbox 1005 1282 1130 1337; x_wconf 84' lang='lat' dir='ltr'><strong>textum</strong></span> <span class='ocrx_word' id='word_1_73' title='bbox 1150 1273 1249 1358; x_wconf 78' lang='lat' dir='ltr'><strong>recipi</strong></span> <span class='ocrx_word' id='word_1_74' title='bbox 1272 1274 1333 1338; x_wconf 87' lang='lat' dir='ltr'><strong>lor-</strong></span> 
     </span>
     <span class='ocr_line' id='line_1_12' title="bbox 279 1358 545 1425; baseline 0.004 -1"><span class='ocrx_word' id='word_1_75' title='bbox 279 1367 367 1424; x_wconf 83' lang='lat' dir='ltr'><strong>tasse</strong></span> <span class='ocrx_word' id='word_1_76' title='bbox 380 1358 545 1425; x_wconf 89' lang='lat' dir='ltr'><strong>debuerat.</strong></span> 
     </span>
    </p>

    <p class='ocr_par' dir='ltr' id='par_1_4' title="bbox 280 1443 1333 1618">
     <span class='ocr_line' id='line_1_13' title="bbox 324 1443 1333 1531; baseline 0.003 -24"><span class='ocrx_word' id='word_1_77' title='bbox 324 1444 409 1509; x_wconf 91' lang='lat' dir='ltr'><strong>Ibid.</strong></span> <span class='ocrx_word' id='word_1_78' title='bbox 432 1446 452 1509; x_wconf 97' lang='lat' dir='ltr'><strong>l.</strong></span> <span class='ocrx_word' id='word_1_79' title='bbox 475 1465 527 1531; x_wconf 82' lang='lat'><strong>23.</strong></span> <span class='ocrx_word' id='word_1_80' title='bbox 554 1453 714 1529; x_wconf 81' lang='grc' dir='ltr'>γραφικοῖς</span> <span class='ocrx_word' id='word_1_81' title='bbox 737 1448 908 1529; x_wconf 77' lang='grc' dir='ltr'>μαρτυρίαις</span> <span class='ocrx_word' id='word_1_82' title='bbox 929 1446 1149 1527; x_wconf 81' lang='grc' dir='ltr'>τρανιίσαντες]</span> <span class='ocrx_word' id='word_1_83' title='bbox 1177 1443 1333 1510; x_wconf 74' lang='lat' dir='ltr'><strong>Fortasse</strong></span> 
     </span>
     <span class='ocr_line' id='line_1_14' title="bbox 280 1530 1013 1618; baseline -0.001 -23"><span class='ocrx_word' id='word_1_84' title='bbox 280 1530 489 1613; x_wconf 76' lang='lat' dir='ltr'><strong>designantur</strong></span> <span class='ocrx_word' id='word_1_85' title='bbox 503 1532 632 1618; x_wconf 75' lang='lat' dir='ltr'><strong>scripta,</strong></span> <span class='ocrx_word' id='word_1_86' title='bbox 647 1554 717 1617; x_wconf 84' lang='lat' dir='ltr'><strong>quae</strong></span> <span class='ocrx_word' id='word_1_87' title='bbox 733 1532 819 1596; x_wconf 90' lang='lat' dir='ltr'><strong>haud</strong></span> <span class='ocrx_word' id='word_1_88' title='bbox 834 1538 1013 1617; x_wconf 77' lang='lat' dir='ltr'><strong>supersunt.</strong></span> 
     </span>
    </p>

    <p class='ocr_par' dir='ltr' id='par_1_5' title="bbox 326 1616 1333 1701">
     <span class='ocr_line' id='line_1_15' title="bbox 326 1616 1333 1701; baseline 0.002 -22"><span class='ocrx_word' id='word_1_89' title='bbox 326 1616 407 1681; x_wconf 91' lang='lat' dir='ltr'><strong>Ibid.</strong></span> <span class='ocrx_word' id='word_1_90' title='bbox 421 1618 442 1681; x_wconf 95' lang='lat' dir='ltr'><strong>l.</strong></span> <span class='ocrx_word' id='word_1_91' title='bbox 458 1638 509 1701; x_wconf 89' lang='lat'><strong>29.</strong></span> <span class='ocrx_word' id='word_1_92' title='bbox 533 1622 688 1685; x_wconf 79' lang='grc' dir='ltr'>συνοδικᾶς</span> <span class='ocrx_word' id='word_1_93' title='bbox 711 1622 874 1685; x_wconf 79' lang='grc' dir='ltr'>ἐπιστολὰς</span> <span class='ocrx_word' id='word_1_94' title='bbox 898 1618 972 1700; x_wconf 82' lang='grc' dir='ltr'>πρὸς</span> <span class='ocrx_word' id='word_1_95' title='bbox 996 1618 1162 1698; x_wconf 88' lang='grc' dir='ltr'>Νεστόριον</span> <span class='ocrx_word' id='word_1_96' title='bbox 1187 1617 1236 1680; x_wconf 80' lang='grc' dir='ltr'>καί</span> <span class='ocrx_word' id='word_1_97' title='bbox 1259 1617 1333 1699; x_wconf 83' lang='grc' dir='ltr'>πρὸς</span> 
     </span>
    </p>

    <p class='ocr_par' dir='ltr' id='par_1_6' title="bbox 279 1702 1335 2991">
     <span class='ocr_line' id='line_1_16' title="bbox 280 1702 1330 1789; baseline -0.001 -23"><span class='ocrx_word' id='word_1_98' title='bbox 280 1705 349 1770; x_wconf 82' lang='grc' dir='ltr'>τοὺς</span> <span class='ocrx_word' id='word_1_99' title='bbox 371 1709 423 1782; x_wconf 82' lang='grc' dir='ltr'>τῆς</span> <span class='ocrx_word' id='word_1_100' title='bbox 442 1703 600 1789; x_wconf 76' lang='grc' dir='ltr'>ἀνατολῆς]</span> <span class='ocrx_word' id='word_1_101' title='bbox 627 1704 733 1769; x_wconf 86' lang='lat' dir='ltr'><strong>Addit</strong></span> <span class='ocrx_word' id='word_1_102' title='bbox 756 1706 934 1770; x_wconf 78' lang='grc' dir='ltr'>ἐπισκόπους</span> <span class='ocrx_word' id='word_1_103' title='bbox 960 1702 1157 1789; x_wconf 88' lang='lat' dir='ltr'><strong>Nioephorus</strong></span> <span class='ocrx_word' id='word_1_104' title='bbox 1183 1702 1330 1785; x_wconf 74' lang='lat' dir='ltr'><strong>quiderm</strong></span> 
     </span>
     <span class='ocr_line' id='line_1_17' title="bbox 281 1788 1333 1877; baseline 0.001 -25"><span class='ocrx_word' id='word_1_105' title='bbox 281 1789 363 1853; x_wconf 84' lang='lat' dir='ltr'><strong>hane</strong></span> <span class='ocrx_word' id='word_1_106' title='bbox 389 1811 463 1853; x_wconf 88' lang='lat' dir='ltr'><strong>vero</strong></span> <span class='ocrx_word' id='word_1_107' title='bbox 487 1812 595 1854; x_wconf 85' lang='lat' dir='ltr'><strong>veoem</strong></span> <span class='ocrx_word' id='word_1_108' title='bbox 620 1798 798 1875; x_wconf 78' lang='lat' dir='ltr'><strong>agnoscunt</strong></span> <span class='ocrx_word' id='word_1_109' title='bbox 820 1812 921 1877; x_wconf 89' lang='lat' dir='ltr'><strong>neque</strong></span> <span class='ocrx_word' id='word_1_110' title='bbox 944 1789 1038 1853; x_wconf 87' lang='lat' dir='ltr'><strong>alteri</strong></span> <span class='ocrx_word' id='word_1_111' title='bbox 1063 1788 1246 1873; x_wconf 79' lang='lat' dir='ltr'><strong>scriptores,</strong></span> <span class='ocrx_word' id='word_1_112' title='bbox 1274 1810 1333 1853; x_wconf 84' lang='lat' dir='ltr'><strong>nee</strong></span> 
     </span>
     <span class='ocr_line' id='line_1_18' title="bbox 281 1874 1334 1961; baseline 0.001 -23"><span class='ocrx_word' id='word_1_113' title='bbox 281 1883 359 1940; x_wconf 84' lang='lat' dir='ltr'><strong>vett.</strong></span> <span class='ocrx_word' id='word_1_114' title='bbox 378 1876 583 1961; x_wconf 86' lang='lat' dir='ltr'><strong>Interpretes.</strong></span> <span class='ocrx_word' id='word_1_115' title='bbox 626 1876 755 1941; x_wconf 88' lang='lat' dir='ltr'><strong>Interea</strong></span> <span class='ocrx_word' id='word_1_116' title='bbox 773 1876 807 1939; x_wconf 89' lang='lat' dir='ltr'><strong>iu</strong></span> <span class='ocrx_word' id='word_1_117' title='bbox 824 1876 906 1941; x_wconf 81' lang='lat' dir='ltr'><strong>eutis</strong></span> <span class='ocrx_word' id='word_1_118' title='bbox 926 1874 1094 1960; x_wconf 85' lang='lat' dir='ltr'><strong>Ephesinis</strong></span> <span class='ocrx_word' id='word_1_119' title='bbox 1113 1874 1201 1938; x_wconf 78' lang='lat' dir='ltr'><strong>nulla</strong></span> <span class='ocrx_word' id='word_1_120' title='bbox 1219 1884 1334 1939; x_wconf 79' lang='lat' dir='ltr'><strong>extare</strong></span> 
     </span>
     <span class='ocr_line' id='line_1_19' title="bbox 280 1960 980 2049; baseline 0.001 -25"><span class='ocrx_word' id='word_1_121' title='bbox 280 1961 407 2025; x_wconf 83' lang='lat' dir='ltr'><strong>videtur</strong></span> <span class='ocrx_word' id='word_1_122' title='bbox 421 1962 571 2046; x_wconf 75' lang='lat' dir='ltr'><strong>synodice</strong></span> <span class='ocrx_word' id='word_1_123' title='bbox 584 1962 720 2049; x_wconf 86' lang='lat' dir='ltr'><strong>epistola</strong></span> <span class='ocrx_word' id='word_1_124' title='bbox 734 1962 777 2027; x_wconf 94' lang='lat' dir='ltr'><strong>ad</strong></span> <span class='ocrx_word' id='word_1_125' title='bbox 792 1960 980 2026; x_wconf 83' lang='lat' dir='ltr'><strong>Orientales.</strong></span> 
     </span>
     <span class='ocr_line' id='line_1_20' title="bbox 279 2045 1334 2131; baseline 0 -20"><span class='ocrx_word' id='word_1_126' title='bbox 279 2072 283 2077; x_wconf 90' lang='grc'>·</span> <span class='ocrx_word' id='word_1_127' title='bbox 326 2047 365 2111; x_wconf 93' lang='grc' dir='ltr'><strong>Ρ.</strong></span> <span class='ocrx_word' id='word_1_128' title='bbox 379 2049 430 2128; x_wconf 86' lang='lat'><strong>78.</strong></span> <span class='ocrx_word' id='word_1_129' title='bbox 444 2046 464 2109; x_wconf 95' lang='lat' dir='ltr'><strong>l.</strong></span> <span class='ocrx_word' id='word_1_130' title='bbox 480 2065 509 2112; x_wconf 84' lang='lat'><strong>2.</strong></span> <span class='ocrx_word' id='word_1_131' title='bbox 525 2051 681 2131; x_wconf 76' lang='grc' dir='ltr'>ἑρμηνείαν</span> <span class='ocrx_word' id='word_1_132' title='bbox 695 2052 728 2111; x_wconf 75' lang='grc' dir='ltr'><strong>δὲ</strong></span> <span class='ocrx_word' id='word_1_133' title='bbox 743 2054 802 2111; x_wconf 83' lang='grc' dir='ltr'><strong>τῶν</strong></span> <span class='ocrx_word' id='word_1_134' title='bbox 818 2050 851 2112; x_wconf 72' lang='grc' dir='ltr'><strong>ἐν</strong></span> <span class='ocrx_word' id='word_1_135' title='bbox 867 2049 990 2127; x_wconf 80' lang='grc' dir='ltr'>εὐσεβεῖ</span> <span class='ocrx_word' id='word_1_136' title='bbox 1004 2045 1094 2131; x_wconf 76' lang='grc' dir='ltr'>ζήλῳ]</span> <span class='ocrx_word' id='word_1_137' title='bbox 1111 2045 1177 2109; x_wconf 90' lang='lat' dir='ltr'><strong>Pro</strong></span> <span class='ocrx_word' id='word_1_138' title='bbox 1191 2066 1230 2109; x_wconf 87' lang='lat' dir='ltr'><strong>eo</strong></span> <span class='ocrx_word' id='word_1_139' title='bbox 1246 2048 1334 2130; x_wconf 84' lang='lat' dir='ltr'><strong>quod</strong></span> 
     </span>
     <span class='ocr_line' id='line_1_21' title="bbox 281 2132 1335 2219; baseline 0 -22"><span class='ocrx_word' id='word_1_140' title='bbox 281 2139 341 2210; x_wconf 88' lang='lat' dir='ltr'><strong>est,</strong></span> <span class='ocrx_word' id='word_1_141' title='bbox 364 2132 524 2197; x_wconf 86' lang='lat' dir='ltr'><strong>institutio</strong></span> <span class='ocrx_word' id='word_1_142' title='bbox 547 2134 709 2198; x_wconf 88' lang='lat' dir='ltr'><strong>hominum</strong></span> <span class='ocrx_word' id='word_1_143' title='bbox 733 2136 773 2198; x_wconf 89' lang='lat' dir='ltr'><strong>de</strong></span> <span class='ocrx_word' id='word_1_144' title='bbox 798 2154 891 2197; x_wconf 90' lang='lat' dir='ltr'><strong>sensu</strong></span> <span class='ocrx_word' id='word_1_145' title='bbox 917 2133 1059 2219; x_wconf 88' lang='lat' dir='ltr'><strong>symboli.</strong></span> <span class='ocrx_word' id='word_1_146' title='bbox 1106 2132 1218 2195; x_wconf 80' lang='lat' dir='ltr'><strong>Habet</strong></span> <span class='ocrx_word' id='word_1_147' title='bbox 1240 2140 1335 2197; x_wconf 85' lang='lat' dir='ltr'><strong>vetus</strong></span> 
     </span>
     <span class='ocr_line' id='line_1_22' title="bbox 284 2217 1335 2304; baseline 0 -22"><span class='ocrx_word' id='word_1_148' title='bbox 284 2217 521 2304; x_wconf 82' lang='lat' dir='ltr'><strong>Interpretetio‚</strong></span> <span class='ocrx_word' id='word_1_149' title='bbox 549 2242 620 2304; x_wconf 84' lang='lat' dir='ltr'><strong>quae</strong></span> <span class='ocrx_word' id='word_1_150' title='bbox 642 2241 664 2284; x_wconf 89' lang='lat' dir='ltr'><strong>a</strong></span> <span class='ocrx_word' id='word_1_151' title='bbox 687 2219 817 2284; x_wconf 83' lang='lat' dir='ltr'><strong>Beluzio</strong></span> <span class='ocrx_word' id='word_1_152' title='bbox 842 2219 930 2282; x_wconf 87' lang='lat' dir='ltr'><strong>edita</strong></span> <span class='ocrx_word' id='word_1_153' title='bbox 954 2224 1004 2283; x_wconf 89' lang='lat' dir='ltr'><strong>est</strong></span> <span class='ocrx_word' id='word_1_154' title='bbox 1028 2240 1100 2303; x_wconf 86' lang='lat' dir='ltr'><strong>pag.</strong></span> <span class='ocrx_word' id='word_1_155' title='bbox 1117 2236 1207 2303; x_wconf 85' lang='lat'><strong>1391.</strong></span> <span class='ocrx_word' id='word_1_156' title='bbox 1232 2220 1335 2282; x_wconf 80' lang='lat' dir='ltr'><strong>Nenoe</strong></span> 
     </span>
     <span class='ocr_line' id='line_1_23' title="bbox 285 2304 1333 2391; baseline 0.001 -23"><span class='ocrx_word' id='word_1_157' title='bbox 285 2305 469 2370; x_wconf 72' lang='lat' dir='ltr'><strong>Oolbotiouie</strong></span> <span class='ocrx_word' id='word_1_158' title='bbox 495 2306 708 2383; x_wconf 71' lang='lat' dir='ltr'><strong>consiiiarius,</strong></span> <span class='ocrx_word' id='word_1_159' title='bbox 737 2304 1018 2391; x_wconf 70' lang='lat' dir='ltr'><strong>Interpretationen</strong></span> <span class='ocrx_word' id='word_1_160' title='bbox 1042 2324 1151 2380; x_wconf 79' lang='grc' dir='ltr'>οοτιινο,</span> <span class='ocrx_word' id='word_1_161' title='bbox 1179 2304 1234 2389; x_wconf 80' lang='lat' dir='ltr'><strong>qai</strong></span> <span class='ocrx_word' id='word_1_162' title='bbox 1262 2304 1333 2369; x_wconf 83' lang='lat' dir='ltr'><strong>reli·</strong></span> 
     </span>
     <span class='ocr_line' id='line_1_24' title="bbox 279 2389 1334 2477; baseline -0.001 -23"><span class='ocrx_word' id='word_1_163' title='bbox 279 2391 360 2477; x_wconf 79' lang='grc' dir='ltr'>ρίοιο</span> <span class='ocrx_word' id='word_1_164' title='bbox 372 2391 434 2454; x_wconf 75' lang='lat' dir='ltr'><strong>zelo</strong></span> <span class='ocrx_word' id='word_1_165' title='bbox 447 2392 593 2457; x_wconf 67' lang='grc' dir='ltr'>οαίιιίοιίο</span> <span class='ocrx_word' id='word_1_166' title='bbox 605 2390 729 2476; x_wconf 74' lang='lat' dir='ltr'><strong>symboli</strong></span> <span class='ocrx_word' id='word_1_167' title='bbox 747 2392 873 2476; x_wconf 81' lang='lat' dir='ltr'><strong>capiunt</strong></span> <span class='ocrx_word' id='word_1_168' title='bbox 891 2390 1079 2455; x_wconf 64' lang='lat' dir='ltr'><strong>imitation.</strong></span> <span class='ocrx_word' id='word_1_169' title='bbox 1117 2389 1183 2453; x_wconf 88' lang='lat' dir='ltr'><strong>Nee</strong></span> <span class='ocrx_word' id='word_1_170' title='bbox 1198 2390 1334 2453; x_wconf 87' lang='lat' dir='ltr'><strong>dissimi-</strong></span> 
     </span>
     <span class='ocr_line' id='line_1_25' title="bbox 284 2476 1333 2563; baseline 0.002 -23"><span class='ocrx_word' id='word_1_171' title='bbox 284 2477 358 2541; x_wconf 87' lang='lat' dir='ltr'><strong>liter</strong></span> <span class='ocrx_word' id='word_1_172' title='bbox 372 2478 514 2543; x_wconf 75' lang='lat' dir='ltr'><strong>aertitur</strong></span> <span class='ocrx_word' id='word_1_173' title='bbox 535 2479 569 2542; x_wconf 89' lang='lat' dir='ltr'><strong>in</strong></span> <span class='ocrx_word' id='word_1_174' title='bbox 590 2486 727 2563; x_wconf 87' lang='lat' dir='ltr'><strong>utraque</strong></span> <span class='ocrx_word' id='word_1_175' title='bbox 750 2476 867 2541; x_wconf 87' lang='lat' dir='ltr'><strong>Latina</strong></span> <span class='ocrx_word' id='word_1_176' title='bbox 889 2476 1161 2561; x_wconf 75' lang='lat' dir='ltr'><strong>interpretatione</strong></span> <span class='ocrx_word' id='word_1_177' title='bbox 1182 2476 1333 2542; x_wconf 81' lang='lat' dir='ltr'><strong>Goneiliis</strong></span> 
     </span>
     <span class='ocr_line' id='line_1_26' title="bbox 283 2560 1335 2648; baseline -0.002 -21"><span class='ocrx_word' id='word_1_178' title='bbox 283 2563 421 2648; x_wconf 81' lang='lat' dir='ltr'><strong>adjecta.</strong></span> <span class='ocrx_word' id='word_1_179' title='bbox 462 2564 527 2629; x_wconf 84' lang='lat' dir='ltr'><strong>Sed</strong></span> <span class='ocrx_word' id='word_1_180' title='bbox 540 2564 665 2629; x_wconf 79' lang='lat' dir='ltr'><strong>variant</strong></span> <span class='ocrx_word' id='word_1_181' title='bbox 679 2564 764 2627; x_wconf 87' lang='lat' dir='ltr'><strong>inter</strong></span> <span class='ocrx_word' id='word_1_182' title='bbox 777 2584 811 2626; x_wconf 91' lang='lat' dir='ltr'><strong>se</strong></span> <span class='ocrx_word' id='word_1_183' title='bbox 831 2562 864 2625; x_wconf 90' lang='lat' dir='ltr'><strong>in</strong></span> <span class='ocrx_word' id='word_1_184' title='bbox 878 2561 1006 2626; x_wconf 79' lang='lat' dir='ltr'><strong>vocibus</strong></span> <span class='ocrx_word' id='word_1_185' title='bbox 1021 2560 1179 2626; x_wconf 88' lang='lat' dir='ltr'><strong>vertendis</strong></span> <span class='ocrx_word' id='word_1_186' title='bbox 1194 2568 1335 2646; x_wconf 86' lang='lat' dir='ltr'><strong>quatuor</strong></span> 
     </span>
     <span class='ocr_line' id='line_1_27' title="bbox 283 2647 1335 2735; baseline 0 -22"><span class='ocrx_word' id='word_1_187' title='bbox 283 2649 337 2713; x_wconf 92' lang='lat' dir='ltr'><strong>alii</strong></span> <span class='ocrx_word' id='word_1_188' title='bbox 359 2650 445 2735; x_wconf 88' lang='lat' dir='ltr'><strong>apud</strong></span> <span class='ocrx_word' id='word_1_189' title='bbox 466 2650 587 2714; x_wconf 86' lang='lat' dir='ltr'><strong>Baluzii</strong></span> <span class='ocrx_word' id='word_1_190' title='bbox 608 2672 688 2735; x_wconf 89' lang='lat' dir='ltr'><strong>opus</strong></span> <span class='ocrx_word' id='word_1_191' title='bbox 708 2649 803 2734; x_wconf 91' lang='lat' dir='ltr'><strong>hujus</strong></span> <span class='ocrx_word' id='word_1_192' title='bbox 825 2647 1027 2712; x_wconf 83' lang='lat' dir='ltr'><strong>Definitionis</strong></span> <span class='ocrx_word' id='word_1_193' title='bbox 1046 2648 1112 2712; x_wconf 85' lang='lat' dir='ltr'><strong>inte</strong></span> <span class='ocrx_word' id='word_1_194' title='bbox 1151 2656 1245 2725; x_wconf 87' lang='lat' dir='ltr'><strong>retes,</strong></span> <span class='ocrx_word' id='word_1_195' title='bbox 1262 2649 1335 2713; x_wconf 86' lang='lat' dir='ltr'><strong>aliis</strong></span> 
     </span>
     <span class='ocr_line' id='line_1_28' title="bbox 283 2733 1334 2814; baseline 0 -15"><span class='ocrx_word' id='word_1_196' title='bbox 283 2736 327 2799; x_wconf 88' lang='lat' dir='ltr'><strong>ad</strong></span> <span class='ocrx_word' id='word_1_197' title='bbox 347 2737 485 2814; x_wconf 78' lang='lat' dir='ltr'><strong>literam,</strong></span> <span class='ocrx_word' id='word_1_198' title='bbox 500 2736 570 2800; x_wconf 90' lang='lat' dir='ltr'><strong>aliis</strong></span> <span class='ocrx_word' id='word_1_199' title='bbox 589 2738 631 2801; x_wconf 83' lang='lat' dir='ltr'><strong>ed</strong></span> <span class='ocrx_word' id='word_1_200' title='bbox 650 2756 776 2799; x_wconf 89' lang='lat' dir='ltr'><strong>sensum</strong></span> <span class='ocrx_word' id='word_1_201' title='bbox 796 2733 856 2799; x_wconf 88' lang='lat' dir='ltr'><strong>loei</strong></span> <span class='ocrx_word' id='word_1_202' title='bbox 876 2736 1082 2799; x_wconf 89' lang='lat' dir='ltr'><strong>vertentibus.</strong></span> <span class='ocrx_word' id='word_1_203' title='bbox 1154 2734 1253 2798; x_wconf 89' lang='lat' dir='ltr'><strong>abent</strong></span> <span class='ocrx_word' id='word_1_204' title='bbox 1273 2740 1334 2799; x_wconf 79' lang='grc' dir='ltr'><strong>τῶν</strong></span> 
     </span>
     <span class='ocr_line' id='line_1_29' title="bbox 285 2818 1335 2908; baseline -0.002 -21"><span class='ocrx_word' id='word_1_205' title='bbox 285 2826 320 2887; x_wconf 78' lang='grc' dir='ltr'><strong>ἐν</strong></span> <span class='ocrx_word' id='word_1_206' title='bbox 342 2824 467 2902; x_wconf 82' lang='grc' dir='ltr'>εὐσεβεῖ</span> <span class='ocrx_word' id='word_1_207' title='bbox 484 2822 562 2907; x_wconf 77' lang='grc' dir='ltr'>ζήλῳ</span> <span class='ocrx_word' id='word_1_208' title='bbox 583 2818 751 2908; x_wconf 74' lang='lat' dir='ltr'><strong>Euagrius,</strong></span> <span class='ocrx_word' id='word_1_209' title='bbox 769 2819 1037 2904; x_wconf 89' lang='lat' dir='ltr'><strong>Nieepborusque,</strong></span> <span class='ocrx_word' id='word_1_210' title='bbox 1058 2821 1114 2883; x_wconf 86' lang='lat' dir='ltr'><strong>sed</strong></span> <span class='ocrx_word' id='word_1_211' title='bbox 1135 2818 1277 2885; x_wconf 71' lang='lat' dir='ltr'><strong>(bacilia</strong></span> <span class='ocrx_word' id='word_1_212' title='bbox 1299 2828 1335 2885; x_wconf 91' lang='lat' dir='ltr'><strong>et</strong></span> 
     </span>
     <span class='ocr_line' id='line_1_30' title="bbox 284 2904 934 2991; baseline -0.005 -19"><span class='ocrx_word' id='word_1_213' title='bbox 284 2908 481 2973; x_wconf 83' lang='lat' dir='ltr'><strong>Theorianus</strong></span> <span class='ocrx_word' id='word_1_214' title='bbox 496 2908 530 2972; x_wconf 80' lang='grc' dir='ltr'><strong>ἐν</strong></span> <span class='ocrx_word' id='word_1_215' title='bbox 545 2909 707 2985; x_wconf 88' lang='lat' dir='ltr'><strong>omittunt,</strong></span> <span class='ocrx_word' id='word_1_216' title='bbox 721 2906 806 2991; x_wconf 89' lang='lat' dir='ltr'><strong>quod</strong></span> <span class='ocrx_word' id='word_1_217' title='bbox 820 2904 934 2990; x_wconf 84' lang='lat' dir='ltr'><strong>reeepi.</strong></span> 
     </span>
    </p>

    <p class='ocr_par' dir='ltr' id='par_1_7' title="bbox 282 2989 1335 3252">
     <span class='ocr_line' id='line_1_31' title="bbox 328 2989 1335 3076; baseline -0.003 -18"><span class='ocrx_word' id='word_1_218' title='bbox 328 2995 408 3058; x_wconf 93' lang='lat' dir='ltr'><strong>lbid.</strong></span> <span class='ocrx_word' id='word_1_219' title='bbox 424 2994 446 3056; x_wconf 96' lang='lat' dir='ltr'><strong>l.</strong></span> <span class='ocrx_word' id='word_1_220' title='bbox 461 3017 492 3071; x_wconf 90' lang='lat'><strong>4.</strong></span> <span class='ocrx_word' id='word_1_221' title='bbox 512 2997 563 3073; x_wconf 81' lang='grc' dir='ltr'>τῆς</span> <span class='ocrx_word' id='word_1_222' title='bbox 575 2996 717 3076; x_wconf 78' lang='grc' dir='ltr'>μεγίστης</span> <span class='ocrx_word' id='word_1_223' title='bbox 733 2993 780 3055; x_wconf 79' lang='grc' dir='ltr'>καὶ</span> <span class='ocrx_word' id='word_1_224' title='bbox 794 2990 999 3073; x_wconf 72' lang='grc' dir='ltr'>πρεσβυτέρας</span> <span class='ocrx_word' id='word_1_225' title='bbox 1011 2990 1134 3075; x_wconf 78' lang='grc' dir='ltr'>Ῥώμης]</span> <span class='ocrx_word' id='word_1_226' title='bbox 1157 2989 1264 3055; x_wconf 81' lang='lat' dir='ltr'><strong>Voces</strong></span> <span class='ocrx_word' id='word_1_227' title='bbox 1285 2993 1335 3056; x_wconf 79' lang='grc' dir='ltr'>καὶ</span> 
     </span>
     <span class='ocr_line' id='line_1_32' title="bbox 282 3075 1334 3165; baseline -0.004 -21"><span class='ocrx_word' id='word_1_228' title='bbox 282 3078 489 3162; x_wconf 70' lang='grc' dir='ltr'>πρεσβυτέρας</span> <span class='ocrx_word' id='word_1_229' title='bbox 509 3101 549 3143; x_wconf 84' lang='lat' dir='ltr'><strong>ex</strong></span> <span class='ocrx_word' id='word_1_230' title='bbox 572 3079 713 3165; x_wconf 83' lang='lat' dir='ltr'><strong>Euagrio</strong></span> <span class='ocrx_word' id='word_1_231' title='bbox 734 3076 845 3160; x_wconf 74' lang='lat' dir='ltr'><strong>adjeci,</strong></span> <span class='ocrx_word' id='word_1_232' title='bbox 872 3076 1089 3161; x_wconf 83' lang='lat' dir='ltr'><strong>adstipulante</strong></span> <span class='ocrx_word' id='word_1_233' title='bbox 1114 3075 1213 3141; x_wconf 82' lang='lat' dir='ltr'><strong>veteri</strong></span> <span class='ocrx_word' id='word_1_234' title='bbox 1234 3077 1334 3142; x_wconf 84' lang='lat' dir='ltr'><strong>inter·</strong></span> 
     </span>
     <span class='ocr_line' id='line_1_33' title="bbox 283 3162 953 3252; baseline -0.009 -21"><span class='ocrx_word' id='word_1_235' title='bbox 283 3167 462 3252; x_wconf 80' lang='lat' dir='ltr'><strong>pretatione</strong></span> <span class='ocrx_word' id='word_1_236' title='bbox 476 3165 526 3229; x_wconf 89' lang='lat' dir='ltr'><strong>hie</strong></span> <span class='ocrx_word' id='word_1_237' title='bbox 541 3166 694 3250; x_wconf 77' lang='lat' dir='ltr'><strong>subjecte,</strong></span> <span class='ocrx_word' id='word_1_238' title='bbox 709 3186 748 3228; x_wconf 85' lang='lat' dir='ltr'><strong>ee</strong></span> <span class='ocrx_word' id='word_1_239' title='bbox 764 3162 953 3247; x_wconf 82' lang='lat' dir='ltr'><strong>Nicephoro.</strong></span> 
     </span>
    </p>

    <p class='ocr_par' dir='ltr' id='par_1_8' title="bbox 281 3247 1334 3413">
     <span class='ocr_line' id='line_1_34' title="bbox 327 3247 1334 3401; baseline -0.003 -85"><span class='ocrx_word' id='word_1_240' title='bbox 327 3253 408 3316; x_wconf 89' lang='lat' dir='ltr'><strong>lbid.</strong></span> <span class='ocrx_word' id='word_1_241' title='bbox 423 3251 444 3315; x_wconf 95' lang='lat' dir='ltr'><strong>l.</strong></span> <span class='ocrx_word' id='word_1_242' title='bbox 457 3253 486 3315; x_wconf 89' lang='lat'><strong>8.</strong></span> <span class='ocrx_word' id='word_1_243' title='bbox 509 3256 545 3401; x_wconf 52' lang='lat' dir='ltr'><strong>gl</strong></span> <span class='ocrx_word' id='word_1_244' title='bbox 561 3258 611 3315; x_wconf 82' lang='grc' dir='ltr'>τοῦ</span> <span class='ocrx_word' id='word_1_245' title='bbox 624 3250 758 3333; x_wconf 82' lang='grc' dir='ltr'>μεγάλου</span> <span class='ocrx_word' id='word_1_246' title='bbox 774 3249 890 3327; x_wconf 76' lang='grc' dir='ltr'>Πέτρου</span> <span class='ocrx_word' id='word_1_247' title='bbox 905 3247 1062 3332; x_wconf 73' lang='grc' dir='ltr'>ὁμολογία]</span> <span class='ocrx_word' id='word_1_248' title='bbox 1085 3247 1185 3333; x_wconf 90' lang='lat' dir='ltr'><strong>Apud</strong></span> <span class='ocrx_word' id='word_1_249' title='bbox 1201 3250 1235 3312; x_wconf 75' lang='lat' dir='ltr'><strong>S.</strong></span> <span class='ocrx_word' id='word_1_250' title='bbox 1245 3249 1334 3313; x_wconf 68' lang='lat' dir='ltr'><strong>Mat</strong></span> 
     </span>
     <span class='ocr_line' id='line_1_35' title="bbox 281 3337 1069 3413; baseline -0.004 -10"><span class='ocrx_word' id='word_1_251' title='bbox 281 3339 401 3413; x_wconf 71' lang='lat' dir='ltr'><strong>thaam,</strong></span> <span class='ocrx_word' id='word_1_252' title='bbox 417 3337 510 3401; x_wconf 77' lang='lat' dir='ltr'><strong>xvir</strong></span> <span class='ocrx_word' id='word_1_253' title='bbox 539 3386 547 3399; x_wconf 97' lang='lat'><strong>.</strong></span> <span class='ocrx_word' id='word_1_254' title='bbox 1061 3400 1069 3413; x_wconf 73' lang='grc'>,</span> 
     </span>
    </p>

    <p class='ocr_par' dir='ltr' id='par_1_9' title="bbox 281 3417 1335 3590">
     <span class='ocr_line' id='line_1_36' title="bbox 327 3417 1335 3503; baseline -0.004 -16"><span class='ocrx_word' id='word_1_255' title='bbox 327 3424 509 3488; x_wconf 86' lang='lat' dir='ltr'><strong>Ibid.l.11.</strong></span> <span class='ocrx_word' id='word_1_256' title='bbox 532 3423 586 3503; x_wconf 72' lang='grc' dir='ltr'><strong>τὴν</strong></span> <span class='ocrx_word' id='word_1_257' title='bbox 606 3428 666 3485; x_wconf 82' lang='grc' dir='ltr'><strong>τῶν</strong></span> <span class='ocrx_word' id='word_1_258' title='bbox 687 3423 784 3501; x_wconf 79' lang='grc' dir='ltr'>ὀρθῶν</span> <span class='ocrx_word' id='word_1_259' title='bbox 806 3417 961 3501; x_wconf 82' lang='grc' dir='ltr'>δογμάτων</span> <span class='ocrx_word' id='word_1_260' title='bbox 982 3419 1163 3503; x_wconf 81' lang='grc' dir='ltr'>βεβαίωσιν]</span> <span class='ocrx_word' id='word_1_261' title='bbox 1190 3418 1335 3483; x_wconf 81' lang='lat' dir='ltr'><strong>Ooneilia</strong></span> 
     </span>
     <span class='ocr_line' id='line_1_37' title="bbox 281 3503 1334 3590; baseline -0.007 -15"><span class='ocrx_word' id='word_1_262' title='bbox 281 3517 315 3575; x_wconf 88' lang='lat' dir='ltr'><strong>et</strong></span> <span class='ocrx_word' id='word_1_263' title='bbox 331 3509 527 3573; x_wconf 84' lang='lat' dir='ltr'><strong>Theorianus</strong></span> <span class='ocrx_word' id='word_1_264' title='bbox 541 3509 714 3590; x_wconf 75' lang='grc' dir='ltr'>ὀρθοδόξαν.</span> <span class='ocrx_word' id='word_1_265' title='bbox 763 3506 814 3571; x_wconf 85' lang='lat' dir='ltr'><strong>Ex</strong></span> <span class='ocrx_word' id='word_1_266' title='bbox 830 3504 970 3590; x_wconf 86' lang='lat' dir='ltr'><strong>Euagrio</strong></span> <span class='ocrx_word' id='word_1_267' title='bbox 985 3516 1018 3569; x_wconf 89' lang='lat' dir='ltr'><strong>et</strong></span> <span class='ocrx_word' id='word_1_268' title='bbox 1033 3503 1213 3589; x_wconf 80' lang='lat' dir='ltr'><strong>Nicephoro</strong></span> <span class='ocrx_word' id='word_1_269' title='bbox 1227 3504 1334 3568; x_wconf 86' lang='lat' dir='ltr'><strong>laeum</strong></span> 
     </span>
    </p>
   </div>
   <div class='ocr_carea' id='block_1_3' title="bbox 279 3618 1333 4363">
    <p class='ocr_par' dir='ltr' id='par_1_10' title="bbox 280 3618 414 3660">
     <span class='ocr_line' id='line_1_38' title="bbox 280 3618 414 3660; baseline -0.015 0"><span class='ocrx_word' id='word_1_270' title='bbox 280 3618 414 3660; x_wconf 77' lang='lat' dir='ltr'><strong>correxi.</strong></span> 
     </span>
    </p>

    <p class='ocr_par' dir='ltr' id='par_1_11' title="bbox 279 3675 1333 4109">
     <span class='ocr_line' id='line_1_39' title="bbox 327 3675 1333 3761; baseline -0.005 -16"><span class='ocrx_word' id='word_1_271' title='bbox 327 3682 409 3745; x_wconf 91' lang='lat' dir='ltr'><strong>lbid.</strong></span> <span class='ocrx_word' id='word_1_272' title='bbox 424 3681 444 3745; x_wconf 94' lang='lat' dir='ltr'><strong>l.</strong></span> <span class='ocrx_word' id='word_1_273' title='bbox 460 3680 509 3743; x_wconf 87' lang='lat'><strong>18.</strong></span> <span class='ocrx_word' id='word_1_274' title='bbox 524 3684 577 3742; x_wconf 79' lang='grc' dir='ltr'>τοῦ</span> <span class='ocrx_word' id='word_1_275' title='bbox 591 3679 698 3742; x_wconf 77' lang='grc' dir='ltr'>δούλου</span> <span class='ocrx_word' id='word_1_276' title='bbox 712 3676 832 3758; x_wconf 78' lang='grc' dir='ltr'>μορφὴν</span> <span class='ocrx_word' id='word_1_277' title='bbox 846 3676 1080 3761; x_wconf 86' lang='grc' dir='ltr'>παραποίουτας]</span> <span class='ocrx_word' id='word_1_278' title='bbox 1106 3676 1254 3739; x_wconf 76' lang='lat' dir='ltr'><strong>Famam</strong></span> <span class='ocrx_word' id='word_1_279' title='bbox 1269 3675 1333 3740; x_wconf 89' lang='lat' dir='ltr'><strong>Dei</strong></span> 
     </span>
     <span class='ocr_line' id='line_1_40' title="bbox 279 3760 1333 3853; baseline -0.006 -21"><span class='ocrx_word' id='word_1_280' title='bbox 279 3778 428 3853; x_wconf 73' lang='lat' dir='ltr'><strong>tepentes,</strong></span> <span class='ocrx_word' id='word_1_281' title='bbox 454 3766 552 3830; x_wconf 88' lang='lat' dir='ltr'><strong>habet</strong></span> <span class='ocrx_word' id='word_1_282' title='bbox 578 3762 818 3848; x_wconf 84' lang='lat' dir='ltr'><strong>Interpretatio,</strong></span> <span class='ocrx_word' id='word_1_283' title='bbox 845 3784 915 3847; x_wconf 73' lang='lat' dir='ltr'><strong>quae</strong></span> <span class='ocrx_word' id='word_1_284' title='bbox 941 3762 1093 3846; x_wconf 91' lang='lat' dir='ltr'><strong>sequitur,</strong></span> <span class='ocrx_word' id='word_1_285' title='bbox 1121 3760 1248 3839; x_wconf 87' lang='lat' dir='ltr'><strong>Latina,</strong></span> <span class='ocrx_word' id='word_1_286' title='bbox 1275 3763 1333 3826; x_wconf 88' lang='lat' dir='ltr'><strong>sed</strong></span> 
     </span>
     <span class='ocr_line' id='line_1_41' title="bbox 280 3849 1331 3937; baseline -0.004 -19"><span class='ocrx_word' id='word_1_287' title='bbox 280 3856 361 3918; x_wconf 73' lang='lat' dir='ltr'><strong>servi</strong></span> <span class='ocrx_word' id='word_1_288' title='bbox 379 3854 423 3917; x_wconf 91' lang='lat' dir='ltr'><strong>ad</strong></span> <span class='ocrx_word' id='word_1_289' title='bbox 441 3874 542 3937; x_wconf 81' lang='lat' dir='ltr'><strong>marg.</strong></span> <span class='ocrx_word' id='word_1_290' title='bbox 560 3849 698 3935; x_wconf 88' lang='lat' dir='ltr'><strong>pesitum</strong></span> <span class='ocrx_word' id='word_1_291' title='bbox 720 3860 780 3912; x_wconf 86' lang='lat' dir='ltr'><strong>est.</strong></span> <span class='ocrx_word' id='word_1_292' title='bbox 820 3849 960 3912; x_wconf 89' lang='lat' dir='ltr'><strong>Verbum</strong></span> <span class='ocrx_word' id='word_1_293' title='bbox 974 3854 1082 3911; x_wconf 84' lang='lat' dir='ltr'><strong>autem</strong></span> <span class='ocrx_word' id='word_1_294' title='bbox 1097 3850 1331 3929; x_wconf 85' lang='grc' dir='ltr'>παραπαίοντας,</span> 
     </span>
     <span class='ocr_line' id='line_1_42' title="bbox 281 3933 1332 4018; baseline -0.006 -15"><span class='ocrx_word' id='word_1_295' title='bbox 281 3941 442 4004; x_wconf 79' lang='lat' dir='ltr'><strong>delirantes</strong></span> <span class='ocrx_word' id='word_1_296' title='bbox 455 3939 569 4014; x_wconf 71' lang='lat' dir='ltr'><strong>dissuit,</strong></span> <span class='ocrx_word' id='word_1_297' title='bbox 589 3937 668 3998; x_wconf 84' lang='lat' dir='ltr'><strong>bene</strong></span> <span class='ocrx_word' id='word_1_298' title='bbox 687 3934 832 3999; x_wconf 89' lang='lat' dir='ltr'><strong>redditur</strong></span> <span class='ocrx_word' id='word_1_299' title='bbox 849 3935 882 3996; x_wconf 92' lang='lat' dir='ltr'><strong>in</strong></span> <span class='ocrx_word' id='word_1_300' title='bbox 904 3933 1226 4018; x_wconf 85' lang='lat' dir='ltr'><strong>Interpretationibus</strong></span> <span class='ocrx_word' id='word_1_301' title='bbox 1244 3936 1332 4017; x_wconf 91' lang='lat' dir='ltr'><strong>apud</strong></span> 
     </span>
     <span class='ocr_line' id='line_1_43' title="bbox 282 4020 1331 4109; baseline -0.007 -19"><span class='ocrx_word' id='word_1_302' title='bbox 282 4026 422 4090; x_wconf 82' lang='lat' dir='ltr'><strong>Onneilia</strong></span> <span class='ocrx_word' id='word_1_303' title='bbox 436 4023 559 4109; x_wconf 86' lang='lat' dir='ltr'><strong>positis.</strong></span> <span class='ocrx_word' id='word_1_304' title='bbox 592 4022 702 4084; x_wconf 79' lang='lat' dir='ltr'><strong>Verba</strong></span> <span class='ocrx_word' id='word_1_305' title='bbox 712 4020 822 4085; x_wconf 87' lang='lat' dir='ltr'><strong>addidi</strong></span> <span class='ocrx_word' id='word_1_306' title='bbox 838 4020 1101 4105; x_wconf 86' lang='lat' dir='ltr'><strong>Interpretationi</strong></span> <span class='ocrx_word' id='word_1_307' title='bbox 1115 4020 1331 4103; x_wconf 88' lang='lat' dir='ltr'><strong>subsequenti.</strong></span> 
     </span>
    </p>

    <p class='ocr_par' dir='ltr' id='par_1_12' title="bbox 281 4106 1332 4363">
     <span class='ocr_line' id='line_1_44' title="bbox 324 4106 1331 4191; baseline -0.005 -15"><span class='ocrx_word' id='word_1_308' title='bbox 324 4113 407 4176; x_wconf 89' lang='lat' dir='ltr'><strong>lbid.</strong></span> <span class='ocrx_word' id='word_1_309' title='bbox 423 4111 443 4175; x_wconf 94' lang='lat' dir='ltr'><strong>l.</strong></span> <span class='ocrx_word' id='word_1_310' title='bbox 457 4130 507 4177; x_wconf 83' lang='lat'><strong>22.</strong></span> <span class='ocrx_word' id='word_1_311' title='bbox 524 4110 578 4173; x_wconf 72' lang='lat' dir='ltr'><strong>lua</strong></span> <span class='ocrx_word' id='word_1_312' title='bbox 594 4109 709 4171; x_wconf 75' lang='grc' dir='ltr'>καὶτὸν</span> <span class='ocrx_word' id='word_1_313' title='bbox 725 4107 815 4171; x_wconf 81' lang='grc' dir='ltr'>αὐτὸν</span> <span class='ocrx_word' id='word_1_314' title='bbox 834 4106 1133 4188; x_wconf 82' lang='grc' dir='ltr'>ὁμολογοῦμεν-καὶ</span> <span class='ocrx_word' id='word_1_315' title='bbox 1151 4106 1331 4191; x_wconf 69' lang='grc' dir='ltr'>συμφώνως]</span> 
     </span>
     <span class='ocr_line' id='line_1_45' title="bbox 283 4192 1329 4277; baseline -0.009 -14"><span class='ocrx_word' id='word_1_316' title='bbox 283 4200 336 4266; x_wconf 86' lang='lat' dir='ltr'><strong>lta</strong></span> <span class='ocrx_word' id='word_1_317' title='bbox 365 4199 469 4263; x_wconf 88' lang='lat' dir='ltr'><strong>loeum</strong></span> <span class='ocrx_word' id='word_1_318' title='bbox 497 4217 537 4260; x_wconf 90' lang='lat' dir='ltr'><strong>ex</strong></span> <span class='ocrx_word' id='word_1_319' title='bbox 564 4194 706 4277; x_wconf 85' lang='lat' dir='ltr'><strong>Euagrio</strong></span> <span class='ocrx_word' id='word_1_320' title='bbox 731 4193 947 4257; x_wconf 81' lang='lat' dir='ltr'><strong>consentiente</strong></span> <span class='ocrx_word' id='word_1_321' title='bbox 976 4192 1156 4276; x_wconf 87' lang='lat' dir='ltr'><strong>Nieephoro</strong></span> <span class='ocrx_word' id='word_1_322' title='bbox 1185 4192 1329 4265; x_wconf 78' lang='lat' dir='ltr'><strong>eorrexi3</strong></span> 
     </span>
     <span class='ocr_line' id='line_1_46' title="bbox 281 4276 1332 4363; baseline -0.01 -12"><span class='ocrx_word' id='word_1_323' title='bbox 281 4288 358 4351; x_wconf 89' lang='lat' dir='ltr'><strong>dnm</strong></span> <span class='ocrx_word' id='word_1_324' title='bbox 379 4285 484 4349; x_wconf 87' lang='lat' dir='ltr'><strong>miuus</strong></span> <span class='ocrx_word' id='word_1_325' title='bbox 505 4278 679 4357; x_wconf 76' lang='lat' dir='ltr'><strong>commode,</strong></span> <span class='ocrx_word' id='word_1_326' title='bbox 702 4278 758 4344; x_wconf 85' lang='lat' dir='ltr'><strong>sed</strong></span> <span class='ocrx_word' id='word_1_327' title='bbox 780 4278 959 4343; x_wconf 86' lang='lat' dir='ltr'><strong>laventibus</strong></span> <span class='ocrx_word' id='word_1_328' title='bbox 984 4278 1225 4363; x_wconf 88' lang='lat' dir='ltr'><strong>Interpretibus‚</strong></span> <span class='ocrx_word' id='word_1_329' title='bbox 1249 4276 1332 4343; x_wconf 80' lang='lat' dir='ltr'><strong>Gon·</strong></span> 
     </span>
    </p>
   </div>
   <div class='ocr_carea' id='block_1_4' title="bbox 0 0 1438 4817">
    <p class='ocr_par' dir='ltr' id='par_1_13' title="bbox 0 0 1438 4817">
     <span class='ocr_line' id='line_1_47' title="bbox 0 0 1438 4817; baseline 0 0"><span class='ocrx_word' id='word_1_330' title='bbox 0 0 1438 4817; x_wconf 95' lang='lat' dir='ltr'><strong> </strong></span> 
     </span>
    </p>
   </div>
  </div>
 </body>
</html>
