2867 4817
497 350 727 415 EPITOME.
1074 348 1138 415 329

90 530 315 623 sapientiam.
367 526 505 612 Dicam,
536 548 580 595 ne
615 524 773 595 studium
806 523 949 615 quidem
979 546 1055 595 esse
1085 546 1139 594 sa·

91 648 249 741 pientiae,
275 668 344 738 quo
370 644 540 736 sapientia
568 664 639 712 non
670 640 988 733 comprehenditur.
1050 639 1138 724 Quis

93 765 194 835 enim
212 763 353 835 studere
370 761 506 831 dicatur
528 761 560 829 ei
584 760 645 842 rei,
663 780 769 850 quam
785 756 885 827 nullo
905 756 1011 827 modo
1027 757 1138 849 possit

94 880 298 975 attingere?
328 878 399 963 Qui
421 876 612 959 medicinae,
630 882 692 947 aut
714 875 961 969 grammaticae,
978 882 1041 944 aut
1063 896 1139 944 ora-

95 1000 198 1068 torios
224 997 353 1079 studet,
369 995 555 1065 studiosus
580 992 655 1085 ejus
682 992 775 1075 artis,
798 1014 904 1083 quam
930 991 1043 1075 discit,
1069 992 1139 1061 dici

96 1120 240 1205 potest3
270 1112 330 1181 ubi
348 1110 480 1192 didicit,
497 1110 573 1202 jam
596 1108 763 1191 medicus,
783 1109 860 1200 jam
879 1109 1139 1202 grammaticus,

90 1230 171 1322 jam
196 1234 312 1297 orator
336 1226 474 1297 dicitur.
525 1223 586 1295 sic
611 1225 769 1317 oportuit
792 1232 830 1295 et
854 1224 1028 1295 studiosos
1050 1224 1141 1316 sapi-

98 1344 214 1425 eutiae,
238 1351 441 1435 ‘postquem
485 1341 696 1423 didicissent,
736 1341 911 1433 sapientes
956 1341 1138 1411 nominari.

99 1460 194 1531 Cum
219 1468 339 1531 autem
364 1458 510 1531 studiosi
535 1459 724 1551 sapientise,
741 1458 909 1549 quamdiu
932 1460 1061 1540 vivant,
1078 1480 1140 1528 vo-

99 1586 236 1661 centur,
261 1587 405 1671 apparet
430 1576 517 1647 illud
543 1575 698 1647 studium
724 1574 795 1645 non
820 1598 905 1660 esse,
931 1572 1026 1668 qudd
1042 1576 1137 1672 (for.

100 1699 188 1789 quo)
205 1696 249 1767 ad
274 1696 384 1789 ipsam
410 1718 495 1778 rem,
516 1717 593 1787 quae
617 1693 732 1764 studio
756 1694 898 1786 petitur,
924 1717 995 1764 non
1021 1702 1140 1787 potest

100 1813 295 1905 perveniri;
326 1812 392 1882 nisi
421 1810 512 1881 forte
541 1811 601 1903 qui
627 1812 672 1881 ad
698 1810 807 1880 finem
835 1833 947 1903 usque
975 1812 1067 1894 vitae,
1097 1818 1139 1881 ut

100 1930 248 2022 sapiant,
265 1930 420 2012 student,
432 1928 526 2021 apud
544 1926 673 1997 inferos
690 1928 865 2020 sapientes
882 1937 996 1998 erunt.
1030 1928 1138 2000 Omni

78 2053 223 2117 'autem
240 2046 357 2117 studio
375 2045 535 2139 subjacet
555 2043 646 2114 finis.
698 2042 738 2113 N
739 2066 785 2114 on
808 2054 863 2115 est
883 2045 992 2138 igitur
1011 2046 1049 2115 id
1066 2052 1140 2116 stu-

100 2162 202 2233 dium
218 2170 364 2244 rectum,
381 2163 474 2255 quod
491 2183 563 2231 non
578 2161 686 2232 habet
702 2161 820 2231 finem.

480 2376 590 2447 OAP.
617 2375 767 2447 XXXI.

156 2509 329 2581 Proeterea
354 2510 424 2582 duo
448 2520 540 2595 sunt,
566 2534 643 2604 quae
668 2511 793 2582 cadere
821 2511 858 2580 in
885 2510 1139 2604 philosophiam

102 2627 277 2711 videntur,
311 2628 457 2699 scientia
489 2638 527 2697 et
560 2629 724 2722 opinatio,
754 2651 832 2720 quse
864 2628 893 2699 si
926 2628 1139 2711 auferantur,

102 2752 183 2814 tota
206 2742 426 2837 philosophia
448 2746 587 2814 corruit.
639 2743 751 2837 Atqui
777 2753 965 2837 utrumque
989 2745 1142 2838 philoso-

104 2860 196 2954 phiae
211 2862 277 2953 ipsi
292 2861 579 2955 philosophorum
600 2862 775 2954 principes
796 2862 1013 2932 ademerunt.
1065 2862 1141 2934 Sci-

104 2978 237 3048 entiam
273 2976 443 3062 Socrates,
473 2978 710 3071 opinationem
743 2978 886 3049 sustulit
914 2978 1023 3049 Zeno.
1075 2978 1141 3052 Vi-

105 3097 251 3166 deamus
273 3110 320 3165 an'
342 3103 459 3179 recte;
485 3096 655 3188 sapientia
677 3102 743 3177 est,
759 3103 800 3165 ut
825 3092 948 3165 Cicero
971 3094 1139 3179 delinivit,

105 3210 302 3283 divinarum
328 3221 359 3283 et
385 3208 611 3283 humanorum
636 3234 752 3282 rorum
780 3212 944 3282 edentia:
975 3235 1052 3305 quae
1081 3213 1141 3282 de·

106 3330 219 3400 linitio
242 3332 269 3400 si
297 3352 378 3399 vers
404 3340 469 3413 est,
486 3352 557 3399 non
580 3330 674 3400 cadit
698 3330 735 3398 in
758 3328 937 3399 hominem
960 3330 1139 3422 sapientia

107 3444 196 3530 Quis
220 3448 315 3516 enim
340 3446 540 3516 mortalium
565 3444 633 3517 hoc
662 3446 728 3516 sibi
752 3445 863 3540 possit
888 3468 1074 3530 assumere,
1099 3456 1142 3517 ut

107 3563 224 3633 divina
257 3572 294 3633 et
328 3562 482 3633 humane
514 3563 602 3634 scire
631 3585 669 3633 se
701 3563 930 3655 profiteatur?
974 3562 1142 3633 Humano

107 3676 243 3764 omitto,
268 3703 347 3773 quae
374 3704 583 3774 quamquam
611 3704 691 3751 curn
717 3681 843 3751 divinis
868 3696 1028 3752 connexa
1048 3690 1141 3764 sunt,

107 3806 227 3867 tamen
253 3800 335 3890 quia
357 3806 440 3869 sunt
461 3796 622 3880 hominis,
640 3798 872 3881 concedamus
888 3805 930 3869 ut
951 3799 1058 3869 homo
1080 3798 1142 3870 illa

107 3916 195 3985 scire
220 3918 340 4009 possit.
392 3914 521 3987 Divino
547 3924 642 3987 certe
666 3938 790 4009 perse
811 3917 899 3986 scire
921 3937 991 3984 non
1013 3923 1141 4008 potest,

108 4035 190 4125 quia
213 4032 319 4105 homo
337 4042 409 4105 est:
435 4036 495 4127 qui
516 4041 635 4104 autem
658 4034 725 4105 scit
746 4030 817 4115 illa,
834 4033 972 4104 divinus
992 4034 1037 4104 sit
1060 4057 1142 4105 nec·

108 4172 182 4220 esse
205 4157 269 4233 cst,
287 4174 327 4221 ac
352 4159 536 4244 propterea
558 4149 666 4221 Deus.
719 4149 840 4220 Homo
862 4159 982 4221 autem
1004 4174 1070 4222 nec
1090 4152 1142 4221 di-

108 4270 218 4350 vinus,
244 4290 309 4338 nec
336 4266 433 4338 Deus
462 4278 525 4339 est.
578 4266 662 4337 Non
687 4276 805 4360 potest
830 4268 939 4362 igitur
961 4286 1026 4361 per
1053 4270 1141 4339 scire
