2867 4817
281 340 343 403 108
515 393 522 399 .
634 339 978 403 TERTULLIANI

279 538 343 609 pcr
362 537 446 585 eum
471 514 604 585 faceret
626 515 831 608 exemplum
857 524 1032 608 praecepto
1054 537 1127 599 suo,
1149 536 1220 607 quo
1245 537 1333 585 mox

280 641 518 726 praecepturus
551 640 637 714 erat,
663 654 779 725 neque
810 633 957 726 pignora
988 631 1068 702 Deo
1102 632 1237 701 cariora
1269 630 1333 701 lra-

281 749 407 820 benda.
460 747 542 841 lpse
570 770 593 818 a
623 748 764 820 diabolo
789 757 957 831 tentatus,
982 748 1166 842 praesidcm
1188 756 1225 819 et
1247 748 1334 819 arti-

280 868 385 938 ficem
402 866 609 937 tentationis
626 866 890 936 demonstravit.
943 865 1052 936 Hunc
1077 865 1196 936 locum
1213 874 1334 958 poste-

281 984 431 1055 rioribus
457 983 661 1054 confirmet:
690 981 805 1066 Orate,
824 982 953 1064 dicens,
971 1004 1015 1052 ae
1032 981 1208 1053 tentemini
1225 980 1361 1071 (Lucs

282 1102 369 1172 xxii.
388 1098 487 1194 46.).·
526 1097 630 1169 Adeo
650 1100 781 1170 tentati
804 1107 887 1169 sunt
905 1098 1098 1169 Dominum
1125 1098 1332 1181 deserendo,

282 1218 343 1311 qui
372 1239 496 1287 somno
523 1217 642 1309 potius
670 1214 899 1297 indulserant,
927 1238 1033 1307 quam
1062 1216 1221 1285 orationi.
1275 1214 1332 1285 Eo

281 1334 471 1428 respondet
505 1332 672 1416 clausula,
706 1334 941 1425 interpretans
975 1330 1060 1423 quid
1094 1333 1150 1414 sit,
1179 1330 1234 1402 Ne
1266 1355 1333 1403 nos

282 1451 429 1524 deducus
456 1451 496 1523 in
525 1452 767 1533 tentationem
792 1449 861 1521 hoc
891 1458 945 1521 est
970 1452 1066 1520 enim
1093 1470 1158 1521 san
1182 1471 1334 1523 navans

281 1590 350 1643 NOS
367 1592 392 1640 Α
407 1589 517 1641 MALO.
1350 1592 1386 1630 ιο

124 1700 266 1750 ΟΑΡΛΧ.
332 1686 559 1780 Compendiis
600 1684 832 1780 pauculorum
866 1683 1066 1768 verborum,
1102 1694 1189 1778 quot
1221 1686 1334 1756 attin·

116 1765 258 1881 mh*
280 1813 414 1900 guntur
440 1803 557 1875 edicta
589 1803 851 1897 prophetarum,
886 1802 1159 1896 evangeliorum,
1189 1812 1334 1896 aposto-

280 1922 406 2006 lorum,
434 1944 613 1992 sermones
643 1920 799 2003 Domini,
827 1919 1009 2012 parabolae,
1037 1919 1211 2013 exempla,
1238 1944 1334 2013 prae-

279 2038 402 2132 oepta!
429 2038 527 2122 Quot
547 2037 652 2108 simul
679 2044 933 2131 expunguntur
958 2034 1091 2106 officia!
1119 2034 1188 2106 Dei
1215 2037 1333 2107 honor

279 2156 316 2226 in
332 2164 443 2249 patre,
460 2156 543 2226 fidei
568 2154 814 2225 testimonium
840 2154 878 2223 in
901 2152 1054 2237 nomine,
1072 2151 1205 2222 oblatio
1228 2153 1383 2233 obse-15

279 2275 353 2367 quii
366 2275 404 2343 in
416 2272 610 2355 voluntate,
622 2271 912 2342 commemoratio
925 2270 1000 2362 spei
1017 2270 1054 2340 in
1071 2292 1190 2364 regno,
1201 2271 1331 2362 petitio

280 2392 365 2460 vitae
391 2392 429 2459 in
457 2412 558 2481 pane,
584 2387 842 2481 exomologesis
868 2386 1068 2457 debitorum
1096 2387 1134 2455 in
1163 2386 1333 2479 depreca-

278 2509 386 2590 tione,
404 2505 590 2577 solicitudo
608 2505 847 2577 tentationum
873 2506 911 2573 in
936 2502 1173 2596 postulatione
1190 2502 1331 2575 tutelae.

279 2622 375 2707 Quid
391 2625 546 2695 mirum?
573 2624 672 2693 Deus
694 2619 790 2693 solus
808 2621 935 2690 docere
957 2622 1085 2713 potuit,
1104 2630 1145 2691 ut
1163 2643 1200 2692 sc
1217 2620 1331 2691 vellet

279 2741 379 2811 orari.
431 2739 492 2811 Ab
514 2743 590 2834 ipso
617 2741 728 2835 igitur
756 2737 917 2807 ordinata
946 2736 1069 2830 religio
1093 2737 1270 2819 orationis,
1289 2746 1331 2807 et
1344 2764 1384 2803 20

278 2855 324 2927 de
356 2858 481 2950 spiritu
510 2859 628 2951 ipsius,
656 2860 734 2950 jam
764 2866 860 2935 tuno,
895 2876 1005 2946 quum
1036 2876 1081 2924 ex
1116 2876 1176 2924 ore
1206 2853 1330 2925 (lirino

278 2967 429 3039 ferretur
453 2972 618 3050 animata,
640 2992 704 3039 suo
733 2970 916 3065 privilegio
944 2971 1102 3041 ascendit
1123 2973 1160 3040 in
1186 2971 1330 3056 coelum,

277 3086 530 3155 commendans
547 3085 645 3155 Patri
663 3108 744 3177 quae
763 3084 874 3158 Filius
892 3088 1025 3157 docuit.

127 3218 210 3267 car.
223 3219 257 3268 rc
328 3201 505 3286 Quoniam
544 3210 665 3271 tamen
700 3201 875 3274 Dominus
916 3212 1121 3297 prospector
1156 3204 1332 3276 humana-

115 3284 246 3412 ξῇᾚῗῑ,
278 3340 357 3387 mm
390 3320 653 3399 necessitatum,
687 3340 845 3389 seorsum
879 3328 959 3414 post
993 3319 1161 3391 traditam
1204 3322 1330 3391 orandi
1343 3348 1380 3407 ²5

114 3430 175 3464 ⁰⁸¹⁰
279 3434 509 3527 disciplinam,
527 3433 650 3517 Petite,
672 3435 798 3527 inquit,
822 3445 853 3507 et
883 3436 1067 3530 accipietis,
1085 3435 1189 3524 (Luc.
1207 3438 1255 3507 xi.
1275 3443 1329 3532 8.)

278 3562 316 3623 et
345 3562 428 3623 sunt
455 3577 536 3644 quae
563 3562 732 3644 petantur
755 3576 820 3645 pro
847 3554 1112 3624 circumstantia
1134 3554 1330 3647 cujusque;

277 3670 458 3761 praemissa
484 3668 644 3761 legitima
672 3678 710 3737 et
734 3670 908 3739 ordinaria
935 3672 1092 3739 oratione
1123 3672 1220 3761 quasi
1247 3672 1332 3743 firn-

277 3786 454 3867 damento,
487 3785 725 3855 accidentium
761 3782 853 3879 (sor.
890 3788 1136 3857 accedentium
1177 3788 1331 3862 Latinus

275 3899 454 3994 Latinius)
477 3900 739 3983 desideriorum,
751 3901 812 3993 jus
830 3910 883 3972 est
904 3904 1167 3995 superstruendi
1192 3908 1331 3977 extrin-
1342 3936 1384 3993 30

277 4038 378 4088 secus
401 4018 600 4110 petitiones,
618 4040 700 4087 cum
718 4018 889 4087 memoria
909 4028 1030 4090 tamen
1050 4030 1330 4115 praeceptorum,

276 4156 323 4203 ne
352 4141 524 4225 quantum
555 4157 576 4203 a
609 4135 806 4227 praeceptis,
834 4142 974 4206 tantum
1006 4136 1051 4208 ab
1081 4138 1224 4209 auribus
1257 4138 1330 4212 Dei

277 4248 383 4342 longe
399 4250 517 4319 simus.
