2867 4817
196 315 248 380 IN
273 318 495 382 CANONES
520 318 737 383 CONCILIl
763 308 1069 385 CHALCEDON.
1108 322 1167 384 111

118 496 229 553 antem
244 488 384 554 eoelesiae
399 488 542 554 oPtsnae
554 489 712 554 defensori
723 489 854 555 olerioos
864 498 898 556 et
912 485 1085 557 monaohos
1099 492 1171 558 aliis

117 575 256 640 eoolesiis
275 576 421 640 subditos
436 597 476 640 ex
498 575 578 641 urbe
592 576 623 640 vi
644 576 811 661 expellere,
827 577 877 641 vel
893 577 987 643 offioii
1007 578 1056 643 sui
1075 579 1170 664 privi-

115 661 207 747 legio,
222 661 271 725 vel
286 668 457 748 propterea
472 663 558 748 qued
572 662 696 726 oonoilii
710 662 806 747 hujus
822 684 959 728 oenones
974 665 1170 730 auotoritate

116 747 271 848 impe1inli
286 747 400 813 sanoiti
416 748 556 813 Iuenmt.
590 749 685 813 (lons.
698 748 809 814 Photii
820 750 1024 815 Νοιιιοοαιιοιι.
1040 750 1091 816 tit.
1103 751 1170 817 viii.

118 855 147 902 2.
162 834 195 898 ri.
210 856 241 913 4.
272 834 323 898 De
339 855 469 899 munere
483 856 558 898 vero
573 835 749 899 defensoris
763 836 842 913 vido,
854 858 924 921 quoe
939 859 979 900 ex
995 836 1169 923 Beveregio

116 942 214 1005 supra
227 921 270 985 ad
285 921 396 986 Oanon
412 918 457 984 11.
476 920 646 1021 desumpsi.
693 920 726 985 Is
743 929 853 987 oenset
872 923 1000 987 eosdem
1014 944 1084 987 esse
1104 923 1168 1010 epi-

116 1028 283 1093 seoporum
298 1006 504 1071 cancellarios
525 1007 696 1071 hodiernos
709 1015 808 1093 atque
828 1009 886 1073 hos
902 1011 1044 1088 ἐκδίκους,
1060 1011 1114 1094 qui
1134 1018 1169 1075 et

115 1095 309 1175 πρατέκδικοι
322 1099 357 1157 et
372 1092 606 1173 ἐκκλησιέκδικοι
620 1093 708 1158 dieti,

484 1265 638 1331 OANON
661 1265 799 1331 XXIV.

160 1384 199 1449 P.
216 1386 267 1450 66.
291 1385 313 1451 l.
334 1384 383 1449 18.
408 1388 585 1450 ὑποκεῖσθαι
608 1392 670 1453 τοῖς
696 1389 810 1450 ἐκτῶν
839 1389 973 1452 κανόνων
999 1388 1167 1477 ἐπιτιμίοις]

117 1471 382 1572 Praepositionom
397 1474 431 1535 ἐκ
441 1472 511 1555 jam
520 1471 581 1536 hoo
596 1472 665 1536 loeo
679 1473 806 1557 reposui
818 1496 858 1538 ox
870 1473 1035 1539 (lenonum
1049 1474 1168 1540 Oelleo·

117 1557 259 1623 tionibus
285 1558 415 1637 Graeois,
443 1558 621 1643 Isidorique
648 1557 804 1623 Versione
832 1558 956 1637 Latina,
982 1567 1017 1625 et
1042 1567 1166 1646 septem

116 1644 278 1710 codicibus
291 1643 482 1721 Bodleianis,
497 1645 554 1709 sed
569 1646 692 1709 duobus
707 1666 747 1708 ex
767 1644 828 1709 illis
842 1651 902 1709 τῶν
917 1648 1050 1710 κανόνων
1064 1647 1098 1711 in
1113 1653 1167 1712 τοῦ

117 1732 242 1798 κανόνος
250 1730 459 1795 mutantibus.
482 1730 575 1795 Solus
584 1732 685 1795 codex
696 1750 768 1815 205,
779 1738 874 1816 prout
884 1732 1033 1811 Concilio,
1044 1733 1167 1799 omittit

116 1816 1167 1969 titillatorii?“elssttlllltllttell‘ttittt

116 1989 158 2053 do
179 2010 336 2054 oanormm
358 1990 471 2075 poenis,
498 2012 645 2074 quaenam
670 1989 797 2069 luerint,
820 1988 1002 2075 inquirenti,
1025 1990 1165 2055 ooourrit

116 2075 318 2141 Balsamonis
343 2076 589 2140 oommentarius
603 2076 781 2140 constituta
802 2076 949 2160 qnaedam
972 2077 1165 2160 synodorum

115 2162 328 2247 posteriorum
354 2163 523 2237 addnoens,
547 2161 663 2247 quibus
687 2162 719 2239 ii,
744 2162 797 2247 qui
823 2183 914 2227 saera
939 2163 1082 2247 profana,
1110 2186 1165 2227 sou

115 2249 305 2333 eommunia,
328 2248 470 2327 iecerint,
494 2249 638 2312 simodo
663 2249 846 2313 saoerdotes
870 2255 985 2326 essent,
1011 2249 1165 2313 deberent

116 2333 243 2419 deponi,
258 2334 331 2400 laioi
345 2356 420 2399 vero
434 2342 468 2399 et
481 2334 628 2399 monaehi
643 2334 803 2421 segregari
818 2356 839 2399 a
852 2334 1008 2400 fidelibus.
1043 2335 1166 2399 Extitit

117 2427 152 2486 et
173 2427 250 2485 ante
272 2422 427 2507 synodum
443 2420 606 2485 Nioaenom
627 2442 730 2485 oanon
746 2421 886 2485 decimus
908 2421 1037 2505 quintus
1060 2423 1165 2507 Aney-

115 2529 214 2571 ranns
240 2529 299 2592 pro
323 2529 431 2571 rerum
456 2506 742 2573 ecclesiasticarum
766 2507 966 2571 revooatione
992 2508 1167 2594 prudenter

116 2592 274 2658 oonditns.
312 2593 466 2659 Oonl'eras
479 2602 548 2658 not.
563 2615 661 2680 snpra
675 2594 717 2657 ad
732 2591 853 2657 Canon.
871 2592 995 2658 XXII.

495 2763 648 2830 GANON
670 2764 790 2829 XXV.

160 2884 244 2951 Ibid.
261 2883 282 2948 l.
296 2905 347 2953 20.
360 2884 555 2971 Ἐπειδήπερ]
577 2885 711 2952 Habent
730 2885 831 2965 ἐπειδὴ
851 2886 883 2949 δέ
900 2884 1050 2963 Oenoilia,
1066 2884 1164 2969 serip-

114 2979 223 3037 turam
236 2993 312 3037 vero
325 2972 453 3058 praetuli
467 2980 656 3037 oaetorarum
670 2972 836 3037 Oanonum
846 2971 1075 3049 oolleotionum,
1092 2993 1163 3057 quse

115 3064 239 3144 septem
258 3057 418 3123 oodioibus
437 3058 620 3124 Bodleianis
638 3058 796 3123 firmatur.
841 3058 958 3135 (lodex,
980 3059 1034 3141 qui
1049 3064 1161 3133 restat,

117 3160 190 3229 205,
206 3166 270 3229 quo
284 3166 348 3209 uno
362 3167 403 3209 ex
421 3145 603 3210 Bodleianis
623 3168 698 3209 usus
717 3151 768 3209 est
787 3144 986 3230 Bereregins,
1005 3165 1163 3228 quemque

114 3230 176 3294 heo
189 3230 261 3295 loeo
274 3237 402 3295 sooutns
416 3254 485 3296 esse
497 3232 635 3307 videtur,
649 3230 751 3309 ἐπειδὴ
765 3230 833 3295 sine
847 3232 880 3294 δὲ
895 3229 1034 3294 exhibet.

160 3316 199 3381 Ρ.
221 3319 271 3399 67.
298 3318 319 3383 l.
345 3335 375 3400 7.
404 3316 652 3418 ἐκκλησιαστικοῑν]
689 3319 843 3403 Κανανικῷ
868 3315 1008 3383 Oonoilin
1032 3315 1163 3390 habent,

115 3403 174 3467 sed
198 3403 306 3468 eaeteri
330 3403 402 3468 libri
428 3427 500 3468 oum
525 3406 630 3469 Graeor
654 3409 725 3468 tum
755 3402 866 3467 Latini
895 3402 1030 3467 alteram
1055 3423 1165 3465 vooem

115 3495 267 3596 tuentur,
295 3496 424 3556 tantum
443 3491 529 3576 quod
550 3489 716 3555 Bodleiani
742 3489 883 3553 nonnulli
906 3488 1164 3568 ἐκκλησιαστικαῖς

115 3582 454 3727 11111111111111111111111.
465 3665 547 3745 παρα
571 3663 612 3748 τῷ
637 3664 781 3747 οἰκονόμῳ
811 3665 861 3742 τῆς
889 3662 977 3740 αιἀἢς
1003 3658 1162 3739 ἐκκλησίας

115 3746 337 3833 φνλάττεσθαι]
362 3748 416 3813 Ita
429 3770 538 3813 omnes
551 3760 670 3834 praeter
685 3747 835 3826 (lonoilia,
851 3770 923 3832 quse
942 3746 1063 3812 habent
1078 3747 1163 3810 σκίαν

114 3834 323 3916 φνλάττεσθαι
335 3839 416 3917 παρὰ
430 3839 470 3921 τῷ
485 3836 630 3919 οἰκονόμῳ
643 3838 695 3914 τῆς
709 3834 869 3916 ἐκκλησίας
884 3834 951 3899 sine
967 3834 1064 3912 αἶα-ῆς,
1077 3832 1162 3917 quod

114 3921 223 3987 omisit
238 3928 272 3986 et
285 3922 404 3987 oodiois
418 3921 534 3986 Tiliani
547 3919 782 4005 interpretatio

483 4074 636 4142 OANON
659 4072 797 4139 XXVI.

161 4195 247 4260 Ibid.
263 4196 346 4280 l.17.
364 4198 402 4261 τα
416 4200 468 4277 τῆς
481 4196 569 4276 αὐτῆς
589 4196 762 4281 ἐκκλησίας]
782 4194 901 4260 Voeem
921 4197 1019 4277 αὐτῆς,
1035 4198 1067 4262 in
1083 4198 1165 4265 Oen-

115 4281 205 4360 oiliis,
228 4281 373 4368 Dionysii
395 4281 513 4370 Exigui
534 4281 808 4369 interpretatione,
824 4281 1049 4369 Beveregiique
1065 4285 1163 4366 Syno-
