2867 4817
249 351 299 416 IN
324 351 543 416 CANONES
568 351 750 417 NICAENI
774 353 1001 419 CONCILII.
1089 357 1154 422 407

98 522 237 608 praesule
261 522 553 608 Hierosolymitano
576 532 779 610 exposuerat,
804 527 894 593 Τινὲς
915 529 948 590 δὲ
970 528 1153 608 μητρόπολιν

97 610 156 689 τὴν
185 608 370 691 Καισάρειαν
398 609 542 690 λέγουσιν
567 609 716 690 ὀνομάσαι
740 611 795 676 τὸν
823 614 946 676 κανόνα.
992 613 1062 676 lmo
1088 615 1152 678 duo

97 695 195 760 alteri
210 701 478 760 commentatores
489 695 638 761 Balsamo
649 704 684 761 et
694 696 866 762 Aristonus
876 704 1034 775 statuunt,
1047 699 1150 786 desig-

97 782 171 846 nari
196 783 300 846 verbis
323 781 443 846 ultimis
466 783 561 867 hujus
585 783 715 847 canonis
737 783 935 859 Caesaream
967 785 1152 870 relegstque

96 868 253 932 lectorem
278 889 371 933 suum
392 869 435 933 ad
461 867 662 932 Chalcedonii
689 868 821 934 Ooncilii
847 870 1008 934 (lenonem
1034 872 1150 936 duode-

96 955 218 1018 cimum
238 955 427 1029 Aristonus3
453 953 509 1018 ubi
524 955 599 1039 jura
618 955 735 1019 veteris
756 956 908 1040 cujusque
929 957 1014 1021 sedis
1034 964 1151 1022 metro-

141 1040 251 1105 litsnae
266 1040 418 1105 adversus
431 1062 546 1104 novam
560 1041 605 1104 sio
620 1041 740 1106 dictam
759 1042 1025 1127 metropoliticam
1044 1045 1152 1108 sedem

96 1063 151 1191 filli
165 1127 269 1191 verbis
279 1132 491 1204 reservantur,
503 1126 679 1208 σωζομένων
693 1129 729 1213 τῇ
743 1127 804 1191 κατ’
817 1130 961 1208 ἆληθείαν
971 1134 1152 1210 μητροπόλει

96 1219 160 1276 τῶν
184 1213 301 1278 οἰκείων
324 1214 452 1282 δικαίων.
498 1213 550 1276 Ex
576 1235 638 1298 quo
661 1214 788 1296 quidem
811 1236 941 1290 canone,
967 1215 1151 1301 decimoque

96 1298 238 1383 septimo
256 1299 399 1384 ejusdem
417 1299 539 1364 concilii
559 1299 834 1378 Chalcedonensis,
854 1300 888 1364 id
907 1300 1027 1385 liquido
1048 1309 1149 1386 patet,

96 1384 242 1470 regimen
259 1385 505 1450 ecclesiasticum
524 1385 567 1449 ad
585 1385 722 1450 formam
743 1387 841 1450 civilis
860 1387 984 1472 imperii
1002 1387 1150 1472 primitus

96 1493 171 1536 esse
185 1471 405 1538 constitutum.
445 1472 547 1536 Porro
567 1493 720 1536 canonem
743 1471 908 1537 Niosenum
930 1481 1018 1538 reete
1035 1495 1150 1559 reprse

96 1558 241 1623 sentavit
263 1557 296 1621 in
319 1559 403 1622 hunc
426 1558 555 1622 modum
575 1558 718 1635 Rufinus,
738 1559 784 1622 Es
800 1568 834 1622 ut
852 1560 988 1645 episcopo
1010 1561 1150 1624 Hieroso-

97 1644 250 1728 lymorum
277 1645 446 1729 ueliqmtus
474 1644 594 1710 traditu
621 1644 741 1708 amaa
766 1647 978 1730 proeroyutioa
1006 1655 1149 1723 ιαννιίαν,

95 1739 237 1794 masone
254 1730 451 1795 αἱαιῗίοννὶιιιιο
469 1740 497 1795 et
514 1730 738 1816 metropolitani
751 1730 850 1816 ι’ροίιιο
860 1732 1032 1817 pemseia
1049 1733 1151 1818 siqni-

98 1825 170 1882 sare.
194 1815 301 1882 Rufini
317 1817 403 1882 Hist.
417 1817 504 1882 Ecol.
520 1817 547 1882 I.
559 1833 590 1903 5.
603 1837 659 1881 seu
671 1816 717 1880 X.
730 1832 762 1902 5.

489 1985 643 2050 OANON
666 1983 765 2051 VIII.

144 2089 182 2154 P.
195 2105 236 2175 37
239 2105 269 2175 5.
286 2089 308 2154 l.
320 2109 353 2176 3.
375 2093 412 2176 τῇ
435 2093 576 2170 καθολικῇ
598 2089 647 2152 καὶ
666 2090 850 2167 ἆποατολικῆ
870 2089 1028 2176 ἐκκλησίᾳ]
1045 2090 1150 2157 Voces

98 2177 149 2242 καὶ
172 2178 365 2255 decorasset,
389 2197 459 2260 quae
482 2176 668 2240 exciderunt
691 2197 709 2239 e
735 2155 882 2240 Oonciliis
906 2197 927 2240 a
954 2177 1094 2242 Labbaco
1117 2186 1151 2243 et

97 2269 214 2349 postea
227 2263 269 2326 ab
284 2261 454 2326 Harduino
469 2262 572 2336 editis,
589 2281 725 2346 quorum
740 2262 867 2346 quidem
884 2268 1070 2328 contextum
1084 2264 1150 2329 fere

98 2355 229 2414 secutus
236 2369 325 2426 sum,
340 2347 402 2414 huc
416 2347 578 2424 revocavi3
603 2353 717 2413 extant
732 2348 816 2412 enim
830 2369 877 2413 eae
891 2370 955 2412 non
969 2356 1098 2414 tantum
1116 2351 1151 2414 in

98 2435 241 2500 editione
263 2435 405 2521 principe
428 2433 647 2513 Oonoiliorum,
671 2433 728 2499 sed
751 2434 849 2499 etism
870 2435 904 2498 in
924 2436 1070 2502 omnibus
1084 2438 1151 2502 lere

98 2521 264 2587 (lenonum
292 2521 530 2586 collectionibus
550 2520 674 2586 excusis
694 2519 892 2606 scriptisque.
933 2521 1080 2586 Positum
1100 2530 1150 2587 est

98 2613 135 2688 νῇ
150 2607 298 2690 ἁγιωτάτῃ
314 2609 496 2695 ἆποστολικῇ
513 2607 560 2672 καὶ
572 2607 712 2686 καθολικῇ
728 2608 770 2670 ἐκ.
785 2606 818 2670 in
829 2607 1000 2672 novissima
1010 2607 1150 2673 editione

98 2693 322 2759 Oonciliorum.

144 2779 227 2843 Ibid.
239 2779 262 2843 l.
272 2795 304 2865 5.
319 2777 613 2863 χειροθετουμένους]
629 2777 749 2843 Fateor
760 2779 906 2863 equidem
919 2779 1088 2845 haerotIcos
1102 2803 1150 2846 re-

98 2865 287 2952 sipiscentes
303 2887 361 2968 per
377 2886 529 2930 manuum
544 2865 779 2966 impositionem
792 2865 825 2928 in
840 2866 1004 2930 ecclesiam
1019 2866 1150 2933 catholi-

98 2973 172 3017 cam
194 2952 372 3037 antiqmtus
393 2958 538 3036 receptos
560 2951 665 3015 luisse.
704 2951 769 3016 Sed
788 2952 867 3017 satis
885 2953 994 3017 mirari
1016 2975 1148 3039 nequeo,

98 3059 199 3125 quare
226 3037 473 3124 (lhristophorus
498 3036 654 3101 Justellus
681 3037 797 3122 aliique
822 3037 907 3102 hunc
932 3061 1085 3104 canonem
1109 3040 1150 3104 de

97 3124 278 3190 istiusmodi
299 3124 472 3209 χειροθεσίρ
493 3123 792 3209 interpretarentur.
845 3124 961 3189 Patres
980 3127 1065 3189 enim
1085 3147 1150 3190 non

98 3213 140 3276 de
153 3211 323 3296 quibusvis,
336 3211 393 3275 sed
407 3210 447 3274 de
462 3209 536 3274 solis
551 3209 671 3274 clericis
687 3209 885 3288 Novatianis,
897 3209 951 3296 qui
966 3213 1150 3276 canonicam

97 3298 249 3362 nimirum
263 3297 496 3362 ordinationem
510 3302 586 3361 ante
597 3303 796 3382 acceperant,
808 3319 866 3382 per
879 3303 986 3361 totum
1000 3299 1084 3363 huno
1099 3320 1149 3363 ca-

97 3405 216 3448 nonem
227 3390 342 3470 agunt;
361 3389 570 3469 statuuntque
584 3383 627 3447 ad
642 3383 806 3448 ecclesiam
817 3403 983 3449 conversos
994 3385 1027 3448 in
1038 3386 1149 3450 eodem

97 3471 267 3536 clericatus
288 3469 391 3556 gradu
416 3491 554 3548 manere,
573 3491 636 3554 quo
658 3469 742 3534 inter
764 3469 961 3535 Novatianos
982 3471 1150 3536 constituti

97 3557 237 3635 fuerant,
248 3563 285 3621 ut
300 3578 341 3620 ex
353 3556 430 3642 ipsis
445 3555 544 3621 etiam
559 3556 688 3620 canonis
698 3556 812 3635 verbis,
824 3556 886 3620 rite
899 3557 1072 3642 perpensis,
1086 3557 1150 3621 elu-

97 3643 209 3708 cescit.
253 3641 317 3707 Hic
336 3643 421 3707 enim
443 3643 482 3707 de
505 3641 692 3708 Novatianis
714 3643 904 3721 decernitur,
920 3640 1000 3706 ὥστε
1016 3647 1150 3726 χειροθε-

96 3727 260 3810 τουμέναυς
280 3729 393 3806 αὐτοὺς,
408 3727 511 3809 μένειν
525 3729 616 3796 οὕτως
631 3730 665 3792 ἐν
679 3729 720 3814 τῷ
741 3727 847 3814 κλήρῳ.
892 3727 964 3810 Quo
978 3737 1087 3793 autem
1101 3751 1150 3794 re-

97 3815 223 3880 feratur
244 3813 322 3878 illud
343 3817 443 3893 οὕτως,
465 3813 526 3878 nisi
547 3814 589 3878 ad
611 3814 909 3899 Xespodsrovpdvovsl
934 3823 968 3880 et
990 3816 1150 3901 quomodo

97 3901 174 3966 illuc
189 3900 355 3980 referatur,
367 3900 428 3965 nisi
438 3903 613 3984 χειροθεσία
626 3900 691 3964 ista
704 3899 933 3987 praecessisset!
946 3923 1051 3986 neque
1066 3901 1150 3966 enim

96 3989 146 4053 itu
162 3989 195 4051 in
209 3988 292 4052 clero
307 4008 435 4052 manere
448 3992 591 4072 possunt,
603 3985 664 4050 nisi
678 3988 767 4072 prius
781 3986 815 4051 in
829 3987 913 4050 clero
926 3987 1079 4064 fuissent;
1096 4009 1150 4053 ne-

98 4096 162 4161 que
177 4073 264 4160 prius
279 4074 312 4138 in
327 4074 410 4138 clero
426 4095 494 4138 esse
508 4079 670 4158 poterunt,
686 4073 746 4138 nisi
761 4076 1018 4157 χειροθετούρενοι
1033 4083 1149 4152 essent,

97 4183 137 4227 ac
153 4160 286 4246 proinde
300 4161 369 4226 haec
384 4159 636 4224 Novatianorum
647 4161 822 4243 χειροθεσία
835 4160 977 4244 ipsorum
987 4161 1030 4225 ad
1041 4161 1151 4226 catho-

97 4248 194 4312 licam
209 4246 372 4313 ecolesiam
388 4245 622 4312 conversionem
636 4247 799 4330 praecedat
812 4267 941 4311 necesse
955 4253 1013 4326 ost,
1025 4269 1090 4311 non
1103 4269 1150 4312 se·

99 4341 233 4419 quatum
249 4354 351 4419 neque
366 4355 405 4400 eu
419 4340 478 4414 est,
491 4353 554 4420 qua
568 4332 602 4398 in
616 4331 782 4399 eeclesiam
796 4355 817 4398 a
830 4333 1004 4412 catholicis,
1015 4335 1072 4399 sed
1086 4355 1152 4420 qua
