2867 4817
268 290 332 353 308
523 286 757 353 FIRMIANI
782 290 1056 355 LACTANTll

270 460 442 532 estimare
477 482 583 531 sensu
612 462 729 532 valeat
762 462 918 534 humana
948 484 1059 544 mens,
1095 484 1162 532 nec
1199 459 1323 553 eloqui

270 575 393 667 lingua
408 576 577 646 mortalis.
626 576 822 647 Sublimior
834 579 930 647 enim
942 602 986 649 ac
1001 578 1113 668 major
1129 585 1194 657 est,
1213 598 1325 666 quam

272 698 314 761 ut
331 690 442 781 possit
464 698 527 759 aut
550 692 768 783 cogitatione
791 692 943 762 hominis
965 699 1029 763 aut
1046 714 1209 761 sermone
1226 712 1328 759 com-

226 892 228 897 ,
271 803 452 897 prehendi.
505 802 678 895 Denique,
708 813 751 874 ut
775 814 914 876 taceam
939 809 985 877 de
1008 805 1193 898 prophetis
1216 806 1327 873 unius

274 918 345 987 Dei
385 917 680 1009 praedicatoribus,
717 922 831 1010 poetae
869 943 1010 1011 quoque
1044 930 1083 989 et
1121 917 1327 1011 philosophi

274 1034 518 1104 testimonium
556 1033 725 1125 singulari
768 1033 848 1104 Deo
889 1035 1089 1127 perhibent.
1158 1032 1327 1124 Orpheus

274 1147 505 1243 principalem
531 1146 650 1217 Deum
674 1149 770 1231 dicit,
794 1151 855 1240 qui
876 1149 1007 1219 coelum
1032 1147 1217 1239 solemque
1241 1171 1326 1218 cum

275 1264 410 1333 ceteris
449 1263 561 1344 astris,
596 1264 657 1353 qui
698 1272 838 1346 terram,
873 1266 933 1355 qui
971 1264 1082 1334 maria
1115 1264 1328 1333 condiderit.

276 1379 372 1447 Item
397 1385 519 1447 noster
544 1377 649 1447 Maro
675 1400 853 1447 summum
876 1378 996 1448 Deum
1017 1378 1125 1447 modo
1148 1378 1327 1470 spiritum,

276 1493 382 1562 modo
415 1501 574 1561 mentem
608 1502 801 1585 nuncupat,
836 1515 986 1585 eamque
1019 1493 1119 1562 velut
1156 1492 1329 1561 membris

277 1608 440 1689 infusam,
466 1607 577 1677 totius
600 1608 724 1677 mundi
750 1631 877 1700 corpus
901 1610 1055 1702 agitare3
1086 1609 1175 1677 item
1206 1606 1329 1677 Deum

276 1745 341 1816 per
368 1720 543 1814 profunda
572 1722 662 1804 coeli,
692 1745 756 1815 per
784 1731 919 1793 tractus
946 1722 1053 1792 maris
1081 1730 1330 1813 terrarumque

278 1836 482 1919 discurrere,
499 1845 607 1929 atque
630 1838 676 1907 ab
700 1861 743 1907 eo
766 1839 945 1909 universas
967 1838 1165 1908 animantes
1186 1836 1331 1907 trahere

279 1952 399 2022 vitam.
452 1950 512 2023 Ne
548 1951 697 2022 Ovidius
728 1954 872 2043 quidem
905 1953 1081 2046 ignoravit
1109 1976 1133 2021 a
1161 1950 1244 2021 Deo
1275 1952 1332 2021 in-

279 2075 455 2138 structum
485 2089 560 2137 esse
589 2068 773 2149 mundum,
809 2090 916 2158 quem
950 2068 1130 2138 interdum
1162 2066 1331 2159 opificem

280 2204 407 2264 rerum,
425 2181 604 2253 interdum
621 2183 746 2252 mundi
762 2182 1009 2253 fabricatorem
1028 2189 1142 2252 vocat

702 2379 812 2477 car.
839 2380 910 2450 rv.

338 2524 410 2595 Sed
447 2527 629 2603 veniamus
666 2528 710 2595 ad
745 2526 982 2618 philosophos,
1016 2546 1165 2617 quorum
1198 2523 1335 2594 certior

281 2639 434 2709 habetur
455 2640 655 2723 auctoritas,
679 2662 786 2732 quam
811 2644 1006 2733 poetarum.
1058 2637 1162 2709 Plato
1189 2660 1335 2709 monar-

282 2754 399 2825 chiam
416 2755 557 2838 adserit,
575 2777 687 2825 unum
705 2754 825 2826 Deum
843 2757 973 2838 dicens,
990 2779 1012 2826 a
1028 2777 1098 2845 quo
1115 2755 1161 2824 sit
1173 2755 1334 2825 mundus

283 2871 484 2951 instructus,
502 2879 540 2939 et
556 2871 708 2941 mirabili
726 2872 863 2942 ratione
878 2872 1066 2965 perfectus.
1115 2868 1335 2941 Aristoteles

283 2986 423 3056 auditor
446 2986 521 3076 ejus
545 3008 654 3055 unam
678 2980 754 3058 esse
776 2995 1040 3079 mentemque
1056 2985 1189 3055 mundo
1209 2986 1335 3077 praesi-

284 3102 377 3182 deat,
404 3098 602 3176 confitetur.
654 3098 888 3173 Antisthenes
912 3124 1024 3172 unum
1053 3123 1130 3172 esse
1155 3100 1244 3169 dicit
1269 3122 1334 3169 na-

283 3214 435 3291 turalem
460 3213 590 3299 Deum,
612 3217 723 3287 totius
744 3240 890 3288 summae
912 3219 1196 3311 gubernatorem.
1236 3215 1335 3286 Lon-

283 3335 369 3424 gum
395 3338 449 3399 est
475 3352 658 3403 recensere
683 3356 761 3424 quae
786 3335 832 3403 de
857 3356 996 3403 summo
1022 3332 1103 3403 Deo
1125 3332 1182 3403 vel
1201 3332 1332 3403 Thales

284 3445 341 3515 vel
378 3445 595 3539 Pythagoras
631 3457 668 3517 et
704 3447 947 3519 Anaximenes
981 3456 1096 3531 antea,
1134 3446 1194 3517 rel
1234 3456 1334 3540 post-

284 3561 431 3631 modum
458 3560 582 3645 Stoici,
608 3562 800 3636 Cleanthes
825 3573 863 3634 et
890 3564 1106 3657 Chrysippus
1130 3572 1168 3633 et
1194 3562 1333 3646 Zenon,

284 3676 342 3745 vel
359 3686 558 3747 nostrorum
572 3676 718 3761 Seneca,
734 3678 873 3750 Stoicos
890 3689 1041 3762 secutus,
1055 3679 1181 3771 etipse
1193 3676 1333 3749 lhrllius

284 3792 560 3884 praedicaverint,
572 3816 656 3862 cum
679 3792 717 3862 hi
735 3818 867 3877 omnes,
885 3804 923 3865 et
946 3796 1030 3886 quid
1054 3797 1100 3865 sit
1118 3792 1226 3873 Deus,
1245 3793 1333 3863 defi-

284 3908 359 3977 nire
385 3910 609 3989 tentaverint,
629 3918 666 3979 et
691 3910 737 3979 ab
762 3934 806 3979 eo
831 3910 905 3980 solo
930 3913 1004 4004 regi
1029 3912 1202 3980 mundum
1227 3908 1333 3978 adfir-

283 4024 469 4105 maverim,
496 4047 561 4093 nec
587 4023 652 4094 ulli
678 4026 878 4117 subjectum
905 4050 981 4097 esse
1008 4036 1152 4109 naturae,
1177 4046 1261 4095 cum
1286 4026 1333 4095 ab

284 4130 360 4229 ipso
391 4140 437 4208 sit
467 4140 580 4209 omnis
611 4149 738 4213 natura
770 4152 949 4235 generata
1001 4142 1164 4224 Hermes,
1193 4141 1255 4234 qui
1285 4142 1333 4211 ob
