2867 4817
455 321 523 385 DE
546 319 809 385 ORATIONE.
1096 320 1159 383 los

103 497 232 591 Itaque
248 498 303 569 sic
319 497 512 569 adorantes
528 496 638 567 etiam
658 504 874 589 preceptum
892 492 1040 564 obimus.
1094 492 1160 567 Fe-

101 612 187 687 lices
212 613 278 705 qui
303 612 451 684 Putrem
476 622 683 707 agnoscimt.
736 610 818 681 Hoc
841 618 906 694 est,
924 612 1018 703 quod
1037 610 1159 681 Israeli

101 730 335 823 exprobatur,
362 731 460 822 quod
488 730 619 801 ooelum
655 752 698 800 ao
728 738 860 798 terram
891 726 1044 821 Spiritus
1078 752 1161 799 oon-

101 855 268 929 rotatur,
286 844 417 929 Filios,
442 848 574 931 dicens,
593 846 701 936 (Esai.
720 846 743 915 i.
758 848 807 939 1.)
829 843 945 942 penui,
971 852 1003 915 et
1028 842 1083 915 illi
1108 868 1161 916 mo

78 974 172 1037 snos
187 974 417 1061 equove-unt.
452 964 616 1035 Dicendo
631 972 755 1035 autem
771 972 920 1055 patrem,
938 961 1057 1032 Deum
1075 986 1162 1055 quo-

104 1104 173 1172 que
198 1081 510 1175 cognominamus.
560 1078 769 1173 Appellatio
796 1080 865 1150 ista
891 1088 929 1150 et
953 1080 1097 1172 pietatis
1123 1088 1162 1149 et

104 1200 296 1288 potestatis
320 1206 388 1269 cst
440 1197 535 1268 Item
561 1197 599 1267 in
616 1196 723 1267 Patro
740 1195 853 1267 Filius
873 1196 1066 1279 invocatur,
1083 1194 1161 1293 Epo

105 1314 207 1397 enin,
223 1315 357 1407 inquit,
375 1312 448 1403 (Jo.
466 1337 503 1383 x.
521 1316 595 1407 30.)
613 1322 645 1384 et
660 1312 771 1385 Pater
787 1336 894 1385 onum
920 1336 1047 1384 summ.
1100 1312 1162 1383 Ne

104 1440 222 1501 mater
237 1432 388 1523 quidem
405 1428 556 1501 ecelesia
570 1432 778 1523 praeteritur.
831 1430 1016 1523 Siquidem
1033 1432 1070 1499 in
1086 1430 1160 1500 filio

62 1556 145 1617 noes
181 1556 289 1641 patre
322 1557 440 1619 mater
467 1548 739 1641 recognoscitur,
770 1548 815 1617 de
849 1570 920 1639 qua
953 1556 1093 1619 constat
1122 1556 1159 1618 et

105 1666 216 1756 patris
242 1673 284 1735 ot
298 1664 365 1735 lilii
390 1686 532 1733 nomen.
585 1662 668 1734 Uno
695 1664 805 1758 igitur
831 1686 962 1759 genere
987 1672 1051 1734 aut
1068 1662 1161 1759 (sor.

104 1782 282 1876 generali)
300 1781 475 1853 vocabulo
500 1790 538 1852 et
556 1780 676 1851 Deum
693 1803 776 1851 cum
794 1782 866 1850 suis
882 1780 1106 1865 honoramus,
1125 1788 1163 1851 et

104 1902 277 1992 prnoepti
294 1900 533 1980 meminimus,
549 1906 587 1968 et
603 1896 735 1967 oblitos
752 1896 867 1967 Patris
885 1898 1104 1969 denotamus.

157 2014 310 2087 Nomen
324 2014 394 2087 Dei
408 2015 524 2085 Patris
538 2015 673 2084 nemini
689 2014 870 2106 proditum
887 2015 1013 2086 inierat.
1041 2015 1162 2087 Etiam
1180 2028 1257 2078 oar.
1265 2026 1317 2077 111.

60 2132 168 2224 ¹5qui
203 2133 251 2203 de
286 2133 364 2224 ipso
396 2134 676 2225 interrogaverat
709 2129 866 2223 Moyses,
894 2130 990 2203 uliud
1018 2135 1161 2225 quidem

104 2272 242 2321 minen
257 2248 431 2319 andierat.
469 2246 801 2323 Nobisrevelatum
818 2252 928 2320 estin
946 2248 1045 2321 Filio.
1078 2252 1162 2322 Jam

103 2363 206 2433 enim
236 2360 351 2432 Filius
378 2384 512 2433 nomm
541 2361 658 2434 Patris
691 2388 822 2436 nomen
849 2374 932 2451 est3
969 2366 1048 2464 Epo
1074 2367 1162 2449 veni,

102 2480 236 2571 inquit,
267 2476 341 2566 (Jo.
368 2501 402 2547 v.
430 2482 506 2574 42.)
534 2480 574 2550 in
600 2482 739 2553 nomina
764 2481 898 2553 Patris
951 2484 1001 2555 Et
1033 2508 1161 2569 rursus,

100 2594 222 2667 Pater
250 2593 411 2692 ploriflcc
443 2620 566 2669 nomen
600 2607 705 2669 mum.
758 2600 808 2670 Et
835 2604 1000 2694 apertius,
1028 2601 1163 2675 Nomos

57 2734 93 2775 20
101 2722 208 2784 imus
236 2710 458 2807 manifestavi
482 2710 688 2785 hominibus.
740 2716 784 2786 Id
809 2740 895 2811 orgo
919 2728 961 2789 ut
985 2740 1164 2791 saserni-

100 2849 234 2901 crrun
247 2828 480 2921 postulamus.
533 2828 619 2901 Non
635 2830 733 2924 quod
750 2832 875 2904 deceat
891 2835 1055 2907 homines
1071 2837 1163 2908 bene

102 2944 193 3017 Deo
211 2954 346 3037 optare,
363 2947 463 3038 quasi
479 2948 526 3017 sit
542 2957 581 3019 ct
597 2948 687 3019 alim
709 2949 754 3019 do
771 2973 843 3043 quo
860 2952 894 3021 ei
911 2954 1022 3043 possit
1039 2955 1162 3045 optari,

99 3070 169 3134 aut
208 3060 360 3143 laboret,
388 3063 456 3135 nisi
490 3071 664 3155 optemus.
716 3064 829 3138 Plane
862 3066 1015 3140 benedici
1047 3068 1163 3143 Deum

100 3177 225 3268 (Psal.
242 3178 311 3249 ciii.
329 3180 403 3271 22.)
427 3180 524 3251 omni
553 3178 633 3251 loco
660 3207 702 3254 ac
727 3191 890 3277 tempore
915 3189 1098 3273 condecet,
1116 3189 1163 3259 ob

56 3306 89 3364 25
99 3296 274 3368 debitam
307 3316 446 3387 semper
471 3298 679 3371 memoriam
712 3298 966 3373 beneficiorum
1001 3304 1086 3398 ejus,
1116 3307 1162 3377 ab

98 3413 210 3485 omni
238 3408 391 3482 homine.
443 3412 515 3487 sed
531 3424 571 3487 et
586 3413 655 3487 hoc
672 3415 928 3490 benedictionis
945 3422 1023 3492 vice
1046 3422 1164 3517 fungi·-

98 3544 176 3605 τω.
238 3526 406 3599 Getarum
422 3530 563 3622 quando
579 3554 651 3601 non
668 3542 831 3607 sanctum
849 3544 887 3607 et
904 3539 1162 3610 sanctificatum

97 3662 161 3721 est
177 3667 253 3740 per
267 3647 496 3739 semetipsum
513 3670 644 3721 nomen
654 3647 736 3734 Dei,
753 3674 864 3743 quum
881 3662 1019 3725 ceteros
1035 3657 1165 3727 suncti-

98 3764 194 3834 fioet
212 3782 265 3833 ex
280 3763 470 3856 semetipso
484 3763 500 3835 2
523 3762 591 3835 Cui
607 3762 671 3836 illa
688 3764 887 3863 msyelorom
904 3770 1165 3843 cirmmstontia

52 3904 177 3961 3⁰¹⁰·
202 3886 339 3950 cmm
363 3876 487 3964 dicere,
508 3879 672 3969 Saucius,
697 3881 859 3967 Samius,
878 3883 1028 3959 Sancite!
1053 3886 1162 3977 (Em.

99 3998 151 4068 vi.
170 4002 213 4067 3.
233 3992 348 4088 Apoo.
364 3998 412 4070 iv.
429 4000 491 4091 8.).
542 3997 698 4072 Proinde
722 4002 832 4096 igitur
861 4012 900 4074 et
928 4028 992 4076 nos
1021 4006 1165 4101 angelo-

98 4136 201 4195 rum,
227 4113 258 4183 si
283 4114 526 4198 meruerimus,
556 4117 734 4189 candidati
762 4120 839 4211 jam
869 4120 952 4192 hinc
981 4122 1162 4196 coelestem

98 4230 208 4303 illam
241 4230 279 4301 in
302 4229 423 4311 Deum
445 4254 580 4317 vocem,
597 4242 636 4304 et
656 4234 812 4307 officium
836 4238 964 4309 futnrae
994 4240 1164 4315 claritatis
