<?xml version="1.0" encoding="UTF-8"?>
<!DOCTYPE html PUBLIC "-//W3C//DTD XHTML 1.0 Transitional//EN"
    "http://www.w3.org/TR/xhtml1/DTD/xhtml1-transitional.dtd">
<html xmlns="http://www.w3.org/1999/xhtml" xml:lang="en" lang="en">
 <head>
  <title>
</title>
<meta http-equiv="Content-Type" content="text/html;charset=utf-8" />
  <meta name='ocr-system' content='tesseract 3.04.00' />
  <meta name='ocr-capabilities' content='ocr_page ocr_carea ocr_par ocr_line ocrx_word'/>
</head>
<body>
  <div class='ocr_page' id='page_1' title='image "./scriptorumeccle03routgoog_0088.png"; bbox 0 0 2867 4817; ppageno 0'>
   <div class='ocr_carea' id='block_1_1' title="bbox 291 317 976 392">
    <p class='ocr_par' dir='ltr' id='par_1_1' title="bbox 291 317 976 392">
     <span class='ocr_line' id='line_1_1' title="bbox 291 317 976 392; baseline -0.018 -1"><span class='ocrx_word' id='word_1_1' title='bbox 291 327 334 392; x_wconf 76' lang='lat'>70</span> <span class='ocrx_word' id='word_1_2' title='bbox 650 323 682 383; x_wconf 93' lang='lat' dir='ltr'>S.</span> <span class='ocrx_word' id='word_1_3' title='bbox 706 317 976 383; x_wconf 87' lang='lat' dir='ltr'>HIPPOLYTI</span> 
     </span>
    </p>
   </div>
   <div class='ocr_carea' id='block_1_2' title="bbox 286 485 1392 2388">
    <p class='ocr_par' dir='ltr' id='par_1_2' title="bbox 286 485 1392 2388">
     <span class='ocr_line' id='line_1_2' title="bbox 290 485 1344 601; baseline -0.011 -24"><span class='ocrx_word' id='word_1_4' title='bbox 290 496 363 601; x_wconf 81' lang='grc' dir='ltr'>γὰρ</span> <span class='ocrx_word' id='word_1_5' title='bbox 381 495 440 595; x_wconf 83' lang='grc' dir='ltr'>εἷς,</span> <span class='ocrx_word' id='word_1_6' title='bbox 458 492 640 599; x_wconf 87' lang='grc' dir='ltr'>πρόσωπα</span> <span class='ocrx_word' id='word_1_7' title='bbox 657 492 695 572; x_wconf 77' lang='grc' dir='ltr'>δὲ</span> <span class='ocrx_word' id='word_1_8' title='bbox 714 492 789 590; x_wconf 87' lang='grc' dir='ltr'>δύο,</span> <span class='ocrx_word' id='word_1_9' title='bbox 807 491 863 571; x_wconf 76' lang='grc' dir='ltr'>ἵπι</span> <span class='ocrx_word' id='word_1_10' title='bbox 881 493 940 570; x_wconf 80' lang='grc' dir='ltr'>καὶ</span> <span class='ocrx_word' id='word_1_11' title='bbox 958 491 979 569; x_wconf 84' lang='lat' dir='ltr'>d</span> <span class='ocrx_word' id='word_1_12' title='bbox 997 488 1095 587; x_wconf 79' lang='grc' dir='ltr'>Υἱὸς,</span> <span class='ocrx_word' id='word_1_13' title='bbox 1109 487 1152 567; x_wconf 85' lang='grc' dir='ltr'>τὸ</span> <span class='ocrx_word' id='word_1_14' title='bbox 1167 485 1206 567; x_wconf 81' lang='grc' dir='ltr'>δὲ</span> <span class='ocrx_word' id='word_1_15' title='bbox 1220 486 1344 591; x_wconf 87' lang='grc' dir='ltr'>τρίτον</span> 
     </span>
     <span class='ocr_line' id='line_1_3' title="bbox 291 612 1344 727; baseline -0.012 -22"><span class='ocrx_word' id='word_1_16' title='bbox 291 624 333 705; x_wconf 78' lang='grc' dir='ltr'>τὸ</span> <span class='ocrx_word' id='word_1_17' title='bbox 351 622 455 727; x_wconf 79' lang='grc' dir='ltr'>ἅγιον</span> <span class='ocrx_word' id='word_1_18' title='bbox 474 628 632 722; x_wconf 85' lang='grc' dir='ltr'>Πνεῦμα.</span> <span class='ocrx_word' id='word_1_19' title='bbox 680 618 810 724; x_wconf 81' lang='grc' dir='ltr'>Πατὴρ</span> <span class='ocrx_word' id='word_1_20' title='bbox 829 617 1047 712; x_wconf 76' lang='grc' dir='ltr'>ἐντέλλεται,</span> <span class='ocrx_word' id='word_1_21' title='bbox 1070 612 1189 717; x_wconf 86' lang='grc' dir='ltr'>Λόγος</span> <span class='ocrx_word' id='word_1_22' title='bbox 1211 616 1344 696; x_wconf 78' lang='grc' dir='ltr'>ἀποτε-</span> 
     </span>
     <span class='ocr_line' id='line_1_4' title="bbox 291 744 1344 850; baseline -0.009 -18"><span class='ocrx_word' id='word_1_23' title='bbox 291 759 358 850; x_wconf 86' lang='grc' dir='ltr'>λεῖ,</span> <span class='ocrx_word' id='word_1_24' title='bbox 377 750 464 836; x_wconf 78' lang='grc' dir='ltr'>Υἱὸς</span> <span class='ocrx_word' id='word_1_25' title='bbox 483 748 521 830; x_wconf 75' lang='grc' dir='ltr'>δὲ</span> <span class='ocrx_word' id='word_1_26' title='bbox 539 750 722 846; x_wconf 78' lang='grc' dir='ltr'>δείκνυται,</span> <span class='ocrx_word' id='word_1_27' title='bbox 740 750 783 828; x_wconf 89' lang='grc' dir='ltr'>δι’</span> <span class='ocrx_word' id='word_1_28' title='bbox 802 747 844 826; x_wconf 82' lang='grc' dir='ltr'>οὗ</span> <span class='ocrx_word' id='word_1_29' title='bbox 863 744 992 850; x_wconf 79' lang='grc' dir='ltr'>Πατὴρ</span> <span class='ocrx_word' id='word_1_30' title='bbox 1009 744 1227 824; x_wconf 80' lang='grc' dir='ltr'>πιστεύεται.</span> <span class='ocrx_word' id='word_1_31' title='bbox 1273 748 1344 822; x_wconf 85' lang='grc' dir='ltr'>Οἱ-</span> 
     </span>
     <span class='ocr_line' id='line_1_5' title="bbox 291 870 1343 986; baseline -0.005 -26"><span class='ocrx_word' id='word_1_32' title='bbox 291 880 440 986; x_wconf 76' lang='grc' dir='ltr'>κονομίᾳ</span> <span class='ocrx_word' id='word_1_33' title='bbox 460 879 532 978; x_wconf 81' lang='lat' dir='ltr'>(for.</span> <span class='ocrx_word' id='word_1_34' title='bbox 553 880 611 957; x_wconf 86' lang='grc' dir='ltr'>καὶ</span> <span class='ocrx_word' id='word_1_35' title='bbox 629 876 826 982; x_wconf 76' lang='grc' dir='ltr'>οἰκονομία)</span> <span class='ocrx_word' id='word_1_36' title='bbox 845 875 1060 979; x_wconf 76' lang='grc' dir='ltr'>συμφωνίας</span> <span class='ocrx_word' id='word_1_37' title='bbox 1077 870 1275 974; x_wconf 78' lang='grc' dir='ltr'>συνάγεται</span> <span class='ocrx_word' id='word_1_38' title='bbox 1292 876 1343 955; x_wconf 81' lang='grc' dir='ltr'>εἰς</span> 
     </span>
     <span class='ocr_line' id='line_1_6' title="bbox 291 997 1369 1109; baseline -0.009 -20"><span class='ocrx_word' id='word_1_39' title='bbox 291 1009 353 1089; x_wconf 81' lang='grc' dir='ltr'>ἕνα</span> <span class='ocrx_word' id='word_1_40' title='bbox 372 1005 477 1105; x_wconf 81' lang='grc' dir='ltr'>Θεὸν,</span> <span class='ocrx_word' id='word_1_41' title='bbox 493 1005 540 1092; x_wconf 82' lang='grc' dir='ltr'>εἷς</span> <span class='ocrx_word' id='word_1_42' title='bbox 558 1003 630 1109; x_wconf 82' lang='grc' dir='ltr'>γάρ</span> <span class='ocrx_word' id='word_1_43' title='bbox 643 1007 745 1084; x_wconf 82' lang='grc' dir='ltr'>ἐστιν</span> <span class='ocrx_word' id='word_1_44' title='bbox 758 1005 778 1082; x_wconf 83' lang='grc' dir='ltr'>ὀ</span> <span class='ocrx_word' id='word_1_45' title='bbox 791 1002 895 1102; x_wconf 84' lang='grc' dir='ltr'>Θεδς,</span> <span class='ocrx_word' id='word_1_46' title='bbox 908 1005 957 1083; x_wconf 91' lang='grc' dir='ltr'>Ὁ</span> <span class='ocrx_word' id='word_1_47' title='bbox 968 1000 1040 1106; x_wconf 75' lang='grc' dir='ltr'>γὰρ</span> <span class='ocrx_word' id='word_1_48' title='bbox 1056 1002 1127 1101; x_wconf 81' lang='lat' dir='ltr'>(for.</span> <span class='ocrx_word' id='word_1_49' title='bbox 1136 997 1190 1080; x_wconf 87' lang='grc' dir='ltr'><strong>Ὅ</strong></span> <span class='ocrx_word' id='word_1_50' title='bbox 1205 1007 1264 1104; x_wconf 91' lang='grc' dir='ltr'>γε)</span> <span class='ocrx_word' id='word_1_51' title='bbox 1276 1035 1338 1080; x_wconf 88' lang='grc' dir='ltr'>κε·</span> <span class='ocrx_word' id='word_1_52' title='bbox 1353 1038 1369 1095; x_wconf 82' lang='lat'><strong>5</strong></span> 
     </span>
     <span class='ocr_line' id='line_1_7' title="bbox 292 1125 1344 1237; baseline -0.011 -21"><span class='ocrx_word' id='word_1_53' title='bbox 292 1135 418 1234; x_wconf 87' lang='grc' dir='ltr'>λεύων,</span> <span class='ocrx_word' id='word_1_54' title='bbox 438 1132 578 1237; x_wconf 82' lang='grc' dir='ltr'>Πατὴρ,</span> <span class='ocrx_word' id='word_1_55' title='bbox 597 1135 617 1212; x_wconf 85' lang='grc' dir='ltr'>ὁ</span> <span class='ocrx_word' id='word_1_56' title='bbox 636 1132 672 1212; x_wconf 78' lang='grc' dir='ltr'>δὲ</span> <span class='ocrx_word' id='word_1_57' title='bbox 691 1130 888 1228; x_wconf 76' lang='grc' dir='ltr'>ὑπακούων,</span> <span class='ocrx_word' id='word_1_58' title='bbox 907 1129 1005 1228; x_wconf 76' lang='grc' dir='ltr'>Υἱὸς,</span> <span class='ocrx_word' id='word_1_59' title='bbox 1022 1128 1065 1208; x_wconf 78' lang='grc' dir='ltr'>τὸ</span> <span class='ocrx_word' id='word_1_60' title='bbox 1090 1128 1129 1208; x_wconf 79' lang='grc' dir='ltr'>δέ</span> <span class='ocrx_word' id='word_1_61' title='bbox 1146 1125 1344 1229; x_wconf 65' lang='grc' dir='ltr'>σννετίᾷιν,</span> 
     </span>
     <span class='ocr_line' id='line_1_8' title="bbox 292 1255 1343 1367; baseline -0.006 -25"><span class='ocrx_word' id='word_1_62' title='bbox 292 1261 394 1367; x_wconf 81' lang='grc' dir='ltr'>ἅγιον</span> <span class='ocrx_word' id='word_1_63' title='bbox 413 1267 575 1362; x_wconf 85' lang='grc' dir='ltr'>Πνεῦμα.</span> <span class='ocrx_word' id='word_1_64' title='bbox 624 1263 672 1340; x_wconf 85' lang='lat' dir='ltr'>‘O</span> <span class='ocrx_word' id='word_1_65' title='bbox 698 1257 748 1339; x_wconf 77' lang='lat' dir='ltr'>aiv</span> <span class='ocrx_word' id='word_1_66' title='bbox 769 1260 839 1359; x_wconf 81' lang='lat' dir='ltr'>(for.</span> <span class='ocrx_word' id='word_1_67' title='bbox 860 1260 938 1366; x_wconf 80' lang='grc' dir='ltr'>οὖν)</span> <span class='ocrx_word' id='word_1_68' title='bbox 960 1256 1090 1360; x_wconf 78' lang='grc' dir='ltr'>Πατὴρ</span> <span class='ocrx_word' id='word_1_69' title='bbox 1107 1259 1165 1338; x_wconf 80' lang='grc' dir='ltr'>ἐπὶ</span> <span class='ocrx_word' id='word_1_70' title='bbox 1182 1255 1343 1353; x_wconf 82' lang='grc' dir='ltr'>πάντων,</span> 
     </span>
     <span class='ocr_line' id='line_1_9' title="bbox 292 1383 1341 1490; baseline -0.008 -19"><span class='ocrx_word' id='word_1_71' title='bbox 292 1393 313 1471; x_wconf 83' lang='grc' dir='ltr'><strong>ὁ</strong></span> <span class='ocrx_word' id='word_1_72' title='bbox 331 1389 369 1472; x_wconf 78' lang='grc' dir='ltr'>δέ</span> <span class='ocrx_word' id='word_1_73' title='bbox 387 1391 474 1474; x_wconf 78' lang='grc' dir='ltr'>Υἱὸς</span> <span class='ocrx_word' id='word_1_74' title='bbox 492 1388 551 1469; x_wconf 75' lang='grc' dir='ltr'>διὰ</span> <span class='ocrx_word' id='word_1_75' title='bbox 568 1387 725 1486; x_wconf 78' lang='grc' dir='ltr'>πάντων,</span> <span class='ocrx_word' id='word_1_76' title='bbox 743 1387 785 1466; x_wconf 83' lang='grc' dir='ltr'>τὸ</span> <span class='ocrx_word' id='word_1_77' title='bbox 804 1387 842 1466; x_wconf 77' lang='grc' dir='ltr'>δὲ</span> <span class='ocrx_word' id='word_1_78' title='bbox 864 1383 967 1490; x_wconf 82' lang='grc' dir='ltr'>ἅγιον</span> <span class='ocrx_word' id='word_1_79' title='bbox 985 1390 1136 1483; x_wconf 86' lang='grc' dir='ltr'>Πνεῦμα</span> <span class='ocrx_word' id='word_1_80' title='bbox 1154 1387 1192 1464; x_wconf 83' lang='grc' dir='ltr'>ἐν</span> <span class='ocrx_word' id='word_1_81' title='bbox 1209 1391 1341 1464; x_wconf 80' lang='grc' dir='ltr'>πᾶσιν.</span> 
     </span>
     <span class='ocr_line' id='line_1_10' title="bbox 286 1510 1345 1614; baseline -0.008 -15"><span class='ocrx_word' id='word_1_82' title='bbox 286 1517 440 1603; x_wconf 79' lang='grc' dir='ltr'>Ἀλλως</span> <span class='ocrx_word' id='word_1_83' title='bbox 467 1554 505 1599; x_wconf 91' lang='grc' dir='ltr'>τε</span> <span class='ocrx_word' id='word_1_84' title='bbox 531 1519 593 1598; x_wconf 83' lang='grc' dir='ltr'>ἕνα</span> <span class='ocrx_word' id='word_1_85' title='bbox 619 1514 715 1596; x_wconf 81' lang='grc' dir='ltr'>Θεὸν</span> <span class='ocrx_word' id='word_1_86' title='bbox 743 1517 888 1614; x_wconf 85' lang='grc' dir='ltr'>νομίσαι</span> <span class='ocrx_word' id='word_1_87' title='bbox 915 1511 966 1614; x_wconf 79' lang='grc' dir='ltr'>μὴ</span> <span class='ocrx_word' id='word_1_88' title='bbox 993 1510 1182 1612; x_wconf 85' lang='grc' dir='ltr'>δυναίμεθα,</span> <span class='ocrx_word' id='word_1_89' title='bbox 1200 1510 1264 1591; x_wconf 79' lang='grc' dir='ltr'>ε’δν</span> <span class='ocrx_word' id='word_1_90' title='bbox 1289 1511 1345 1612; x_wconf 78' lang='grc' dir='ltr'>μη</span> 
     </span>
     <span class='ocr_line' id='line_1_11' title="bbox 292 1641 1392 1753; baseline -0.012 -24"><span class='ocrx_word' id='word_1_91' title='bbox 292 1648 402 1733; x_wconf 82' lang='grc' dir='ltr'>ὅντως</span> <span class='ocrx_word' id='word_1_92' title='bbox 421 1650 541 1750; x_wconf 82' lang='grc' dir='ltr'>Πατρὶ</span> <span class='ocrx_word' id='word_1_93' title='bbox 558 1648 617 1726; x_wconf 81' lang='grc' dir='ltr'>καὶ</span> <span class='ocrx_word' id='word_1_94' title='bbox 634 1650 712 1753; x_wconf 77' lang='grc' dir='ltr'>Υίῷ</span> <span class='ocrx_word' id='word_1_95' title='bbox 730 1647 789 1724; x_wconf 83' lang='grc' dir='ltr'>καὶ</span> <span class='ocrx_word' id='word_1_96' title='bbox 814 1645 905 1750; x_wconf 82' lang='grc' dir='ltr'>ἀγίιρ</span> <span class='ocrx_word' id='word_1_97' title='bbox 924 1642 1107 1740; x_wconf 86' lang='grc' dir='ltr'>Πνεύματι</span> <span class='ocrx_word' id='word_1_98' title='bbox 1128 1641 1339 1722; x_wconf 87' lang='grc' dir='ltr'>πιστεύσω·</span> <span class='ocrx_word' id='word_1_99' title='bbox 1359 1679 1392 1716; x_wconf 85' lang='grc' dir='ltr'>ιο</span> 
     </span>
     <span class='ocr_line' id='line_1_12' title="bbox 291 1769 1345 1877; baseline -0.007 -22"><span class='ocrx_word' id='word_1_100' title='bbox 291 1810 368 1877; x_wconf 88' lang='grc' dir='ltr'>μεν.</span> <span class='ocrx_word' id='word_1_101' title='bbox 412 1777 574 1854; x_wconf 65' lang='grc' dir='ltr'>Ἰουδαῖοι</span> <span class='ocrx_word' id='word_1_102' title='bbox 602 1772 668 1872; x_wconf 74' lang='grc' dir='ltr'>μὲν</span> <span class='ocrx_word' id='word_1_103' title='bbox 695 1771 766 1876; x_wconf 85' lang='grc' dir='ltr'>γὰρ</span> <span class='ocrx_word' id='word_1_104' title='bbox 790 1770 970 1877; x_wconf 76' lang='grc' dir='ltr'>ἐδόξασαν</span> <span class='ocrx_word' id='word_1_105' title='bbox 988 1769 1147 1874; x_wconf 88' lang='grc' dir='ltr'>Πατέρα,</span> <span class='ocrx_word' id='word_1_106' title='bbox 1172 1771 1257 1850; x_wconf 83' lang='grc' dir='ltr'>ἀλλ’</span> <span class='ocrx_word' id='word_1_107' title='bbox 1277 1772 1345 1850; x_wconf 82' lang='grc' dir='ltr'>οὐκ</span> 
     </span>
     <span class='ocr_line' id='line_1_13' title="bbox 291 1897 1346 2008; baseline -0.004 -26"><span class='ocrx_word' id='word_1_108' title='bbox 291 1904 575 2008; x_wconf 79' lang='grc' dir='ltr'>ηὐχαρίστησαν,</span> <span class='ocrx_word' id='word_1_109' title='bbox 593 1901 695 1982; x_wconf 79' lang='grc' dir='ltr'>Ὕίδν</span> <span class='ocrx_word' id='word_1_110' title='bbox 723 1897 794 2003; x_wconf 80' lang='grc' dir='ltr'>γὰρ</span> <span class='ocrx_word' id='word_1_111' title='bbox 814 1900 877 1978; x_wconf 85' lang='grc' dir='ltr'>οὐκ</span> <span class='ocrx_word' id='word_1_112' title='bbox 904 1900 1126 2000; x_wconf 80' lang='grc' dir='ltr'>ἐπέγνωσαν.</span> <span class='ocrx_word' id='word_1_113' title='bbox 1168 1901 1346 1998; x_wconf 82' lang='grc' dir='ltr'>Μαθηταὶ</span> 
     </span>
     <span class='ocr_line' id='line_1_14' title="bbox 290 2025 1346 2134; baseline -0.006 -23"><span class='ocrx_word' id='word_1_114' title='bbox 290 2032 500 2133; x_wconf 77' lang='grc' dir='ltr'>ἐπέγνωσαν</span> <span class='ocrx_word' id='word_1_115' title='bbox 523 2027 633 2126; x_wconf 80' lang='grc' dir='ltr'>Ὕὶδν,</span> <span class='ocrx_word' id='word_1_116' title='bbox 658 2030 742 2108; x_wconf 81' lang='grc' dir='ltr'>ἀλλ’</span> <span class='ocrx_word' id='word_1_117' title='bbox 767 2029 831 2107; x_wconf 86' lang='grc' dir='ltr'>ούκ</span> <span class='ocrx_word' id='word_1_118' title='bbox 858 2029 895 2106; x_wconf 80' lang='grc' dir='ltr'>ἐν</span> <span class='ocrx_word' id='word_1_119' title='bbox 924 2026 1107 2126; x_wconf 87' lang='grc' dir='ltr'>Πνεύματι</span> <span class='ocrx_word' id='word_1_120' title='bbox 1124 2027 1227 2134; x_wconf 83' lang='grc' dir='ltr'>ἁγίιρ,</span> <span class='ocrx_word' id='word_1_121' title='bbox 1244 2027 1288 2105; x_wconf 90' lang='grc' dir='ltr'>δι’</span> <span class='ocrx_word' id='word_1_122' title='bbox 1323 2025 1346 2105; x_wconf 83' lang='grc' dir='ltr'>δ</span> 
     </span>
     <span class='ocr_line' id='line_1_15' title="bbox 291 2152 1347 2264; baseline -0.003 -26"><span class='ocrx_word' id='word_1_123' title='bbox 291 2161 350 2238; x_wconf 82' lang='grc' dir='ltr'>καὶ</span> <span class='ocrx_word' id='word_1_124' title='bbox 368 2156 582 2261; x_wconf 78' lang='grc' dir='ltr'>ἠρνήσαντο.</span> <span class='ocrx_word' id='word_1_125' title='bbox 624 2156 821 2236; x_wconf 82' lang='grc' dir='ltr'>Γινώσκων</span> <span class='ocrx_word' id='word_1_126' title='bbox 840 2157 902 2236; x_wconf 79' lang='grc' dir='ltr'>οὖν</span> <span class='ocrx_word' id='word_1_127' title='bbox 920 2159 941 2235; x_wconf 84' lang='grc' dir='ltr'>ὁ</span> <span class='ocrx_word' id='word_1_128' title='bbox 958 2161 1125 2264; x_wconf 78' lang='grc' dir='ltr'>πατρῷος</span> <span class='ocrx_word' id='word_1_129' title='bbox 1139 2152 1258 2256; x_wconf 78' lang='grc' dir='ltr'>Λθγος</span> <span class='ocrx_word' id='word_1_130' title='bbox 1276 2154 1347 2255; x_wconf 74' lang='grc' dir='ltr'>τὴν</span> 
     </span>
     <span class='ocr_line' id='line_1_16' title="bbox 292 2283 1392 2388; baseline 0.002 -23"><span class='ocrx_word' id='word_1_131' title='bbox 292 2286 492 2385; x_wconf 79' lang='grc' dir='ltr'>οἰκονομίαν</span> <span class='ocrx_word' id='word_1_132' title='bbox 511 2288 569 2366; x_wconf 85' lang='grc' dir='ltr'>καὶ</span> <span class='ocrx_word' id='word_1_133' title='bbox 589 2285 630 2365; x_wconf 86' lang='grc' dir='ltr'>τὸ</span> <span class='ocrx_word' id='word_1_134' title='bbox 649 2285 790 2387; x_wconf 87' lang='grc' dir='ltr'>θέλημα</span> <span class='ocrx_word' id='word_1_135' title='bbox 807 2294 872 2366; x_wconf 82' lang='grc' dir='ltr'>τοῦ</span> <span class='ocrx_word' id='word_1_136' title='bbox 891 2284 1047 2388; x_wconf 86' lang='grc' dir='ltr'>Πατρὸς,</span> <span class='ocrx_word' id='word_1_137' title='bbox 1065 2283 1120 2363; x_wconf 79' lang='grc' dir='ltr'>ὅτι</span> <span class='ocrx_word' id='word_1_138' title='bbox 1137 2285 1200 2363; x_wconf 84' lang='grc' dir='ltr'>οὐκ</span> <span class='ocrx_word' id='word_1_139' title='bbox 1216 2283 1345 2366; x_wconf 73' lang='grc' dir='ltr'>ἄλλως</span> <span class='ocrx_word' id='word_1_140' title='bbox 1359 2330 1369 2367; x_wconf 84' lang='grc' dir='ltr'>ι</span> <span class='ocrx_word' id='word_1_141' title='bbox 1376 2328 1392 2387; x_wconf 81' lang='lat'>5</span> 
     </span>
    </p>
   </div>
   <div class='ocr_carea' id='block_1_3' title="bbox 290 2410 1346 2645">
    <p class='ocr_par' dir='ltr' id='par_1_3' title="bbox 290 2410 1346 2645">
     <span class='ocr_line' id='line_1_17' title="bbox 290 2410 1346 2520; baseline 0.002 -27"><span class='ocrx_word' id='word_1_142' title='bbox 290 2413 462 2510; x_wconf 85' lang='grc' dir='ltr'>βούλεται</span> <span class='ocrx_word' id='word_1_143' title='bbox 498 2412 711 2520; x_wconf 80' lang='grc' dir='ltr'>δοξάζεσθαι</span> <span class='ocrx_word' id='word_1_144' title='bbox 744 2414 764 2493; x_wconf 85' lang='grc' dir='ltr'>ὁ</span> <span class='ocrx_word' id='word_1_145' title='bbox 797 2411 927 2516; x_wconf 80' lang='grc' dir='ltr'>Πατὴρ</span> <span class='ocrx_word' id='word_1_146' title='bbox 958 2411 981 2514; x_wconf 77' lang='grc' dir='ltr'>ἢ</span> <span class='ocrx_word' id='word_1_147' title='bbox 1015 2410 1142 2508; x_wconf 80' lang='grc' dir='ltr'>σίτως,</span> <span class='ocrx_word' id='word_1_148' title='bbox 1178 2410 1346 2496; x_wconf 81' lang='grc' dir='ltr'>ἀναστὰς</span> 
     </span>
     <span class='ocr_line' id='line_1_18' title="bbox 290 2541 1340 2645; baseline 0.003 -23"><span class='ocrx_word' id='word_1_149' title='bbox 290 2541 493 2645; x_wconf 87' lang='grc' dir='ltr'>παρέδωκεν</span> <span class='ocrx_word' id='word_1_150' title='bbox 509 2549 583 2627; x_wconf 85' lang='grc' dir='ltr'>τοῖς</span> <span class='ocrx_word' id='word_1_151' title='bbox 601 2548 776 2643; x_wconf 83' lang='grc' dir='ltr'>μαθηταῖς</span> <span class='ocrx_word' id='word_1_152' title='bbox 793 2541 922 2644; x_wconf 81' lang='grc' dir='ltr'>λέγων·</span> <span class='ocrx_word' id='word_1_153' title='bbox 964 2541 1201 2645; x_wconf 83' lang='grc' dir='ltr'>Πορευθέντες</span> <span class='ocrx_word' id='word_1_154' title='bbox 1217 2547 1340 2642; x_wconf 80' lang='grc' dir='ltr'>μσθη·</span> 
     </span>
    </p>
   </div>
   <div class='ocr_carea' id='block_1_4' title="bbox 290 2668 1344 2772">
    <p class='ocr_par' dir='ltr' id='par_1_4' title="bbox 290 2668 1344 2772">
     <span class='ocr_line' id='line_1_19' title="bbox 290 2668 1344 2772; baseline -0.002 -21"><span class='ocrx_word' id='word_1_155' title='bbox 290 2668 442 2752; x_wconf 89' lang='grc' dir='ltr'>τεύσατε</span> <span class='ocrx_word' id='word_1_156' title='bbox 468 2670 588 2752; x_wconf 80' lang='grc' dir='ltr'>πάντα</span> <span class='ocrx_word' id='word_1_157' title='bbox 614 2669 660 2749; x_wconf 82' lang='grc' dir='ltr'>τὰ</span> <span class='ocrx_word' id='word_1_158' title='bbox 687 2670 782 2771; x_wconf 82' lang='grc' dir='ltr'>ἔθνη,</span> <span class='ocrx_word' id='word_1_159' title='bbox 810 2669 1040 2772; x_wconf 63' lang='grc' dir='ltr'>βαπτίᾷινιες</span> <span class='ocrx_word' id='word_1_160' title='bbox 1068 2668 1196 2752; x_wconf 72' lang='grc' dir='ltr'>αὐτοὺς</span> <span class='ocrx_word' id='word_1_161' title='bbox 1222 2675 1272 2754; x_wconf 85' lang='grc' dir='ltr'>εὶς</span> <span class='ocrx_word' id='word_1_162' title='bbox 1297 2668 1344 2750; x_wconf 81' lang='grc' dir='ltr'>τὸ</span> 
     </span>
    </p>
   </div>
   <div class='ocr_carea' id='block_1_5' title="bbox 291 2796 1341 2904">
    <p class='ocr_par' dir='ltr' id='par_1_5' title="bbox 291 2796 1341 2904">
     <span class='ocr_line' id='line_1_20' title="bbox 291 2796 1341 2904; baseline -0.002 -24"><span class='ocrx_word' id='word_1_163' title='bbox 291 2799 405 2900; x_wconf 82' lang='grc' dir='ltr'>ὄνομα</span> <span class='ocrx_word' id='word_1_164' title='bbox 422 2809 486 2880; x_wconf 84' lang='grc' dir='ltr'>τοῦ</span> <span class='ocrx_word' id='word_1_165' title='bbox 501 2796 647 2904; x_wconf 81' lang='grc' dir='ltr'>Πατρδς</span> <span class='ocrx_word' id='word_1_166' title='bbox 665 2801 724 2878; x_wconf 85' lang='grc' dir='ltr'>καὶ</span> <span class='ocrx_word' id='word_1_167' title='bbox 742 2806 806 2878; x_wconf 83' lang='grc' dir='ltr'>τοῦ</span> <span class='ocrx_word' id='word_1_168' title='bbox 825 2803 925 2895; x_wconf 80' lang='grc' dir='ltr'>Υίοῢ,</span> <span class='ocrx_word' id='word_1_169' title='bbox 940 2800 999 2877; x_wconf 75' lang='grc' dir='ltr'>καὶ</span> <span class='ocrx_word' id='word_1_170' title='bbox 1017 2803 1081 2877; x_wconf 85' lang='grc' dir='ltr'>τοῦ</span> <span class='ocrx_word' id='word_1_171' title='bbox 1099 2798 1202 2901; x_wconf 86' lang='grc' dir='ltr'>ἁγίου</span> <span class='ocrx_word' id='word_1_172' title='bbox 1217 2801 1341 2878; x_wconf 88' lang='grc' dir='ltr'>Πνεύ·</span> 
     </span>
    </p>
   </div>
   <div class='ocr_carea' id='block_1_6' title="bbox 290 3009 1347 4228">
    <p class='ocr_par' dir='ltr' id='par_1_6' title="bbox 290 3009 1347 4228">
     <span class='ocr_line' id='line_1_21' title="bbox 290 3009 1342 3092; baseline -0.003 -21"><span class='ocrx_word' id='word_1_173' title='bbox 290 3023 337 3071; x_wconf 91' lang='lat' dir='ltr'>ter</span> <span class='ocrx_word' id='word_1_174' title='bbox 350 3013 467 3090; x_wconf 85' lang='lat' dir='ltr'>quidem</span> <span class='ocrx_word' id='word_1_175' title='bbox 482 3033 567 3082; x_wconf 86' lang='lat' dir='ltr'>unus,</span> <span class='ocrx_word' id='word_1_176' title='bbox 584 3031 713 3092; x_wconf 83' lang='lat' dir='ltr'>personae</span> <span class='ocrx_word' id='word_1_177' title='bbox 727 3031 796 3069; x_wconf 84' lang='lat' dir='ltr'>vero</span> <span class='ocrx_word' id='word_1_178' title='bbox 838 3010 915 3068; x_wconf 80' lang='lat' dir='ltr'>Filio</span> <span class='ocrx_word' id='word_1_179' title='bbox 935 3023 966 3069; x_wconf 84' lang='lat' dir='ltr'>et</span> <span class='ocrx_word' id='word_1_180' title='bbox 984 3009 1110 3090; x_wconf 89' lang='lat' dir='ltr'>Spiritui</span> <span class='ocrx_word' id='word_1_181' title='bbox 1127 3011 1157 3070; x_wconf 90' lang='lat' dir='ltr'>S.</span> <span class='ocrx_word' id='word_1_182' title='bbox 1178 3009 1342 3070; x_wconf 74' lang='lat' dir='ltr'>credamus.</span> 
     </span>
     <span class='ocr_line' id='line_1_22' title="bbox 291 3090 1344 3172; baseline -0.005 -21"><span class='ocrx_word' id='word_1_183' title='bbox 291 3092 366 3160; x_wconf 82' lang='lat' dir='ltr'>duae,</span> <span class='ocrx_word' id='word_1_184' title='bbox 382 3095 450 3172; x_wconf 76' lang='lat' dir='ltr'>quie</span> <span class='ocrx_word' id='word_1_185' title='bbox 462 3093 557 3152; x_wconf 80' lang='lat' dir='ltr'>Filius</span> <span class='ocrx_word' id='word_1_186' title='bbox 566 3116 576 3163; x_wconf 91' lang='grc'>,·</span> <span class='ocrx_word' id='word_1_187' title='bbox 599 3094 686 3151; x_wconf 83' lang='lat' dir='ltr'>tertia</span> <span class='ocrx_word' id='word_1_188' title='bbox 697 3104 795 3151; x_wconf 84' lang='lat' dir='ltr'>uutem</span> <span class='ocrx_word' id='word_1_189' title='bbox 838 3092 958 3150; x_wconf 84' lang='lat' dir='ltr'><strong>Etenim</strong></span> <span class='ocrx_word' id='word_1_190' title='bbox 978 3092 1076 3151; x_wconf 75' lang='lat' dir='ltr'>Judaei</span> <span class='ocrx_word' id='word_1_191' title='bbox 1097 3093 1216 3151; x_wconf 80' lang='lat' dir='ltr'>Putrem</span> <span class='ocrx_word' id='word_1_192' title='bbox 1229 3090 1344 3170; x_wconf 76' lang='lat' dir='ltr'>glorifi.</span> 
     </span>
     <span class='ocr_line' id='line_1_23' title="bbox 293 3172 1345 3252; baseline 0.003 -23"><span class='ocrx_word' id='word_1_193' title='bbox 293 3172 422 3252; x_wconf 84' lang='lat' dir='ltr'>Spiritus</span> <span class='ocrx_word' id='word_1_194' title='bbox 436 3174 571 3233; x_wconf 82' lang='lat' dir='ltr'>Sanctus.</span> <span class='ocrx_word' id='word_1_195' title='bbox 607 3173 695 3232; x_wconf 80' lang='lat' dir='ltr'>Pater</span> <span class='ocrx_word' id='word_1_196' title='bbox 713 3194 794 3232; x_wconf 84' lang='lat' dir='ltr'>mun.</span> <span class='ocrx_word' id='word_1_197' title='bbox 836 3183 984 3240; x_wconf 81' lang='lat' dir='ltr'>caverunt,</span> <span class='ocrx_word' id='word_1_198' title='bbox 999 3173 1050 3232; x_wconf 78' lang='lat' dir='ltr'>aed</span> <span class='ocrx_word' id='word_1_199' title='bbox 1064 3193 1123 3230; x_wconf 89' lang='lat' dir='ltr'>nou</span> <span class='ocrx_word' id='word_1_200' title='bbox 1136 3183 1261 3252; x_wconf 81' lang='lat' dir='ltr'>egerunt</span> <span class='ocrx_word' id='word_1_201' title='bbox 1275 3195 1345 3252; x_wconf 79' lang='lat' dir='ltr'>gru.</span> 
     </span>
     <span class='ocr_line' id='line_1_24' title="bbox 291 3253 1346 3333; baseline 0.004 -22"><span class='ocrx_word' id='word_1_202' title='bbox 291 3253 352 3320; x_wconf 81' lang='lat' dir='ltr'>det.</span> <span class='ocrx_word' id='word_1_203' title='bbox 363 3253 494 3313; x_wconf 85' lang='lat' dir='ltr'>Verbum</span> <span class='ocrx_word' id='word_1_204' title='bbox 506 3254 628 3332; x_wconf 84' lang='lat' dir='ltr'>perficit,</span> <span class='ocrx_word' id='word_1_205' title='bbox 639 3253 735 3313; x_wconf 79' lang='lat' dir='ltr'>Filius</span> <span class='ocrx_word' id='word_1_206' title='bbox 744 3274 796 3312; x_wconf 84' lang='lat' dir='ltr'>au.</span> <span class='ocrx_word' id='word_1_207' title='bbox 836 3255 910 3319; x_wconf 76' lang='grc' dir='ltr'>ιίοις</span> <span class='ocrx_word' id='word_1_208' title='bbox 928 3253 1070 3332; x_wconf 82' lang='lat' dir='ltr'>siquidem</span> <span class='ocrx_word' id='word_1_209' title='bbox 1086 3273 1145 3312; x_wconf 88' lang='lat' dir='ltr'>non</span> <span class='ocrx_word' id='word_1_210' title='bbox 1158 3267 1346 3333; x_wconf 81' lang='lat' dir='ltr'>agnoverunt</span> 
     </span>
     <span class='ocr_line' id='line_1_25' title="bbox 291 3334 1346 3414; baseline 0.003 -22"><span class='ocrx_word' id='word_1_211' title='bbox 291 3343 351 3392; x_wconf 86' lang='lat' dir='ltr'>tem</span> <span class='ocrx_word' id='word_1_212' title='bbox 363 3334 537 3402; x_wconf 84' lang='lat' dir='ltr'>ostenditur,</span> <span class='ocrx_word' id='word_1_213' title='bbox 549 3354 696 3414; x_wconf 87' lang='lat' dir='ltr'>perquem</span> <span class='ocrx_word' id='word_1_214' title='bbox 708 3335 796 3394; x_wconf 78' lang='lat' dir='ltr'>Pater</span> <span class='ocrx_word' id='word_1_215' title='bbox 838 3335 957 3393; x_wconf 83' lang='lat' dir='ltr'>Filium.</span> <span class='ocrx_word' id='word_1_216' title='bbox 994 3334 1140 3413; x_wconf 73' lang='lat' dir='ltr'>Discipuli</span> <span class='ocrx_word' id='word_1_217' title='bbox 1158 3348 1346 3414; x_wconf 80' lang='lat' dir='ltr'>agnoverunt</span> 
     </span>
     <span class='ocr_line' id='line_1_26' title="bbox 292 3414 1345 3496; baseline 0.004 -24"><span class='ocrx_word' id='word_1_218' title='bbox 292 3414 429 3473; x_wconf 85' lang='lat' dir='ltr'>ereditur.</span> <span class='ocrx_word' id='word_1_219' title='bbox 476 3415 651 3475; x_wconf 84' lang='lat' dir='ltr'>OEconomia</span> <span class='ocrx_word' id='word_1_220' title='bbox 675 3437 796 3475; x_wconf 85' lang='lat' dir='ltr'>consen·</span> <span class='ocrx_word' id='word_1_221' title='bbox 838 3414 1117 3475; x_wconf 77' lang='lat' dir='ltr'>Filiumuednouiu</span> <span class='ocrx_word' id='word_1_222' title='bbox 1127 3417 1241 3496; x_wconf 89' lang='lat' dir='ltr'>Spiritu</span> <span class='ocrx_word' id='word_1_223' title='bbox 1249 3417 1345 3476; x_wconf 76' lang='lat' dir='ltr'>Sanc-</span> 
     </span>
     <span class='ocr_line' id='line_1_27' title="bbox 291 3495 1346 3576; baseline 0.003 -22"><span class='ocrx_word' id='word_1_224' title='bbox 291 3495 674 3574; x_wconf 78' lang='lat' dir='ltr'>sionisredigituradunum</span> <span class='ocrx_word' id='word_1_225' title='bbox 687 3497 795 3566; x_wconf 90' lang='lat' dir='ltr'>Deum,</span> <span class='ocrx_word' id='word_1_226' title='bbox 837 3507 878 3564; x_wconf 90' lang='lat' dir='ltr'>ta,</span> <span class='ocrx_word' id='word_1_227' title='bbox 893 3496 1001 3556; x_wconf 85' lang='lat' dir='ltr'>idcirco</span> <span class='ocrx_word' id='word_1_228' title='bbox 1014 3509 1205 3576; x_wconf 82' lang='lat' dir='ltr'>negaverunt.</span> <span class='ocrx_word' id='word_1_229' title='bbox 1238 3498 1346 3558; x_wconf 76' lang='lat' dir='ltr'>Sciens</span> 
     </span>
     <span class='ocr_line' id='line_1_28' title="bbox 292 3577 1345 3657; baseline 0.004 -23"><span class='ocrx_word' id='word_1_230' title='bbox 292 3595 369 3635; x_wconf 79' lang='lat' dir='ltr'>uuus</span> <span class='ocrx_word' id='word_1_231' title='bbox 383 3577 460 3635; x_wconf 89' lang='lat' dir='ltr'>euim</span> <span class='ocrx_word' id='word_1_232' title='bbox 480 3588 525 3637; x_wconf 87' lang='lat' dir='ltr'>est</span> <span class='ocrx_word' id='word_1_233' title='bbox 540 3578 631 3646; x_wconf 79' lang='lat' dir='ltr'>Deus,</span> <span class='ocrx_word' id='word_1_234' title='bbox 647 3579 697 3657; x_wconf 93' lang='lat' dir='ltr'>qui</span> <span class='ocrx_word' id='word_1_235' title='bbox 713 3599 793 3637; x_wconf 79' lang='lat' dir='ltr'>man·</span> <span class='ocrx_word' id='word_1_236' title='bbox 835 3577 922 3656; x_wconf 83' lang='lat' dir='ltr'>igitur</span> <span class='ocrx_word' id='word_1_237' title='bbox 943 3577 1076 3637; x_wconf 88' lang='lat' dir='ltr'>Verbum</span> <span class='ocrx_word' id='word_1_238' title='bbox 1098 3578 1205 3646; x_wconf 81' lang='lat' dir='ltr'>Putris,</span> <span class='ocrx_word' id='word_1_239' title='bbox 1225 3599 1345 3638; x_wconf 71' lang='grc' dir='ltr'>(νοσσο-</span> 
     </span>
     <span class='ocr_line' id='line_1_29' title="bbox 292 3655 1344 3735; baseline 0.003 -20"><span class='ocrx_word' id='word_1_240' title='bbox 292 3655 353 3725; x_wconf 84' lang='lat' dir='ltr'>dat,</span> <span class='ocrx_word' id='word_1_241' title='bbox 370 3657 472 3729; x_wconf 84' lang='lat' dir='ltr'>Puter;</span> <span class='ocrx_word' id='word_1_242' title='bbox 495 3661 546 3735; x_wconf 88' lang='lat' dir='ltr'>qui</span> <span class='ocrx_word' id='word_1_243' title='bbox 557 3659 666 3730; x_wconf 87' lang='lat' dir='ltr'>abedit,</span> <span class='ocrx_word' id='word_1_244' title='bbox 683 3659 793 3727; x_wconf 65' lang='lat' dir='ltr'>Filium</span> <span class='ocrx_word' id='word_1_245' title='bbox 836 3660 923 3718; x_wconf 80' lang='lat' dir='ltr'>mium</span> <span class='ocrx_word' id='word_1_246' title='bbox 952 3670 983 3718; x_wconf 86' lang='lat' dir='ltr'>et</span> <span class='ocrx_word' id='word_1_247' title='bbox 1012 3660 1195 3719; x_wconf 81' lang='lat' dir='ltr'>voluntatem</span> <span class='ocrx_word' id='word_1_248' title='bbox 1232 3660 1344 3727; x_wconf 78' lang='lat' dir='ltr'>Patris,</span> 
     </span>
     <span class='ocr_line' id='line_1_30' title="bbox 291 3738 1345 3821; baseline 0.004 -25"><span class='ocrx_word' id='word_1_249' title='bbox 291 3739 342 3815; x_wconf 89' lang='lat' dir='ltr'>qui</span> <span class='ocrx_word' id='word_1_250' title='bbox 369 3738 454 3798; x_wconf 84' lang='lat' dir='ltr'>docet</span> <span class='ocrx_word' id='word_1_251' title='bbox 478 3741 638 3812; x_wconf 83' lang='lat' dir='ltr'>scientium,</span> <span class='ocrx_word' id='word_1_252' title='bbox 667 3741 796 3820; x_wconf 71' lang='lat' dir='ltr'>Spiritus</span> <span class='ocrx_word' id='word_1_253' title='bbox 836 3740 915 3819; x_wconf 90' lang='lat' dir='ltr'>quad</span> <span class='ocrx_word' id='word_1_254' title='bbox 926 3740 1060 3800; x_wconf 86' lang='lat' dir='ltr'>nouvult</span> <span class='ocrx_word' id='word_1_255' title='bbox 1074 3740 1159 3800; x_wconf 81' lang='lat' dir='ltr'>aliter</span> <span class='ocrx_word' id='word_1_256' title='bbox 1174 3741 1263 3800; x_wconf 78' lang='lat' dir='ltr'>Pater</span> <span class='ocrx_word' id='word_1_257' title='bbox 1277 3742 1345 3821; x_wconf 78' lang='lat' dir='ltr'><strong>glo-</strong></span> 
     </span>
     <span class='ocr_line' id='line_1_31' title="bbox 292 3817 1345 3900; baseline 0.001 -23"><span class='ocrx_word' id='word_1_258' title='bbox 292 3817 427 3880; x_wconf 84' lang='lat' dir='ltr'>Sanctus.</span> <span class='ocrx_word' id='word_1_259' title='bbox 470 3821 559 3880; x_wconf 78' lang='lat' dir='ltr'>Pater</span> <span class='ocrx_word' id='word_1_260' title='bbox 577 3823 627 3899; x_wconf 90' lang='lat' dir='ltr'>qui</span> <span class='ocrx_word' id='word_1_261' title='bbox 645 3834 690 3882; x_wconf 79' lang='lat' dir='ltr'>est</span> <span class='ocrx_word' id='word_1_262' title='bbox 708 3843 795 3900; x_wconf 79' lang='lat' dir='ltr'>super</span> <span class='ocrx_word' id='word_1_263' title='bbox 835 3822 951 3891; x_wconf 84' lang='lat' dir='ltr'>rificari,</span> <span class='ocrx_word' id='word_1_264' title='bbox 966 3822 1022 3880; x_wconf 77' lang='lat' dir='ltr'>uisi</span> <span class='ocrx_word' id='word_1_265' title='bbox 1037 3823 1097 3893; x_wconf 80' lang='lat' dir='ltr'>sic;</span> <span class='ocrx_word' id='word_1_266' title='bbox 1112 3843 1178 3882; x_wconf 87' lang='lat' dir='ltr'>cum</span> <span class='ocrx_word' id='word_1_267' title='bbox 1190 3843 1345 3882; x_wconf 71' lang='lat' dir='ltr'>resurrex.</span> 
     </span>
     <span class='ocr_line' id='line_1_32' title="bbox 291 3901 1343 3984; baseline 0.005 -26"><span class='ocrx_word' id='word_1_268' title='bbox 291 3901 396 3968; x_wconf 82' lang='lat' dir='ltr'>amaia,</span> <span class='ocrx_word' id='word_1_269' title='bbox 409 3902 504 3961; x_wconf 82' lang='lat' dir='ltr'>Filius</span> <span class='ocrx_word' id='word_1_270' title='bbox 515 3903 684 3981; x_wconf 81' lang='lat' dir='ltr'>peremnia,</span> <span class='ocrx_word' id='word_1_271' title='bbox 700 3903 794 3982; x_wconf 91' lang='lat' dir='ltr'>Spiri·</span> <span class='ocrx_word' id='word_1_272' title='bbox 835 3903 914 3972; x_wconf 78' lang='lat' dir='ltr'>iuret,</span> <span class='ocrx_word' id='word_1_273' title='bbox 939 3903 1061 3964; x_wconf 76' lang='lat' dir='ltr'>tradidit</span> <span class='ocrx_word' id='word_1_274' title='bbox 1087 3905 1142 3963; x_wconf 88' lang='lat' dir='ltr'>hoc</span> <span class='ocrx_word' id='word_1_275' title='bbox 1168 3904 1343 3984; x_wconf 73' lang='lat' dir='ltr'>discipulis;</span> 
     </span>
     <span class='ocr_line' id='line_1_33' title="bbox 292 3980 1346 4062; baseline 0.008 -24"><span class='ocrx_word' id='word_1_276' title='bbox 292 3991 341 4039; x_wconf 81' lang='lat' dir='ltr'>tus</span> <span class='ocrx_word' id='word_1_277' title='bbox 352 3980 665 4044; x_wconf 75' lang='lat' dir='ltr'>Sanctusinomnibar.</span> <span class='ocrx_word' id='word_1_278' title='bbox 696 3983 795 4044; x_wconf 80' lang='lat' dir='ltr'>Aliter</span> <span class='ocrx_word' id='word_1_279' title='bbox 835 3984 975 4053; x_wconf 60' lang='grc' dir='ltr'>ε*Ειιιιιεη</span> <span class='ocrx_word' id='word_1_280' title='bbox 1000 3986 1107 4062; x_wconf 88' lang='lat' dir='ltr'>inquit,</span> <span class='ocrx_word' id='word_1_281' title='bbox 1128 3985 1224 4044; x_wconf 85' lang='lat' dir='ltr'>docete</span> <span class='ocrx_word' id='word_1_282' title='bbox 1245 4008 1346 4046; x_wconf 77' lang='grc' dir='ltr'>οιιιιιες</span> 
     </span>
     <span class='ocr_line' id='line_1_34' title="bbox 293 4060 1344 4146; baseline 0.008 -28"><span class='ocrx_word' id='word_1_283' title='bbox 293 4060 391 4120; x_wconf 91' lang='lat' dir='ltr'>Deum</span> <span class='ocrx_word' id='word_1_284' title='bbox 424 4084 514 4123; x_wconf 90' lang='lat' dir='ltr'>unum</span> <span class='ocrx_word' id='word_1_285' title='bbox 547 4065 708 4146; x_wconf 81' lang='lat' dir='ltr'>intelligere</span> <span class='ocrx_word' id='word_1_286' title='bbox 736 4087 796 4126; x_wconf 88' lang='lat' dir='ltr'>uon</span> <span class='ocrx_word' id='word_1_287' title='bbox 834 4076 943 4146; x_wconf 80' lang='lat' dir='ltr'>genter,</span> <span class='ocrx_word' id='word_1_288' title='bbox 968 4067 1147 4146; x_wconf 80' lang='lat' dir='ltr'>baptizantes</span> <span class='ocrx_word' id='word_1_289' title='bbox 1171 4087 1215 4126; x_wconf 77' lang='grc' dir='ltr'>σοι</span> <span class='ocrx_word' id='word_1_290' title='bbox 1236 4068 1268 4125; x_wconf 80' lang='lat' dir='ltr'>iu</span> <span class='ocrx_word' id='word_1_291' title='bbox 1291 4089 1344 4126; x_wconf 85' lang='grc' dir='ltr'>ιιο-</span> 
     </span>
     <span class='ocr_line' id='line_1_35' title="bbox 293 4145 1347 4228; baseline 0.008 -27"><span class='ocrx_word' id='word_1_292' title='bbox 293 4161 456 4221; x_wconf 78' lang='lat' dir='ltr'>possumus,</span> <span class='ocrx_word' id='word_1_293' title='bbox 482 4145 537 4204; x_wconf 85' lang='lat' dir='ltr'>nisi</span> <span class='ocrx_word' id='word_1_294' title='bbox 566 4167 633 4206; x_wconf 85' lang='lat' dir='ltr'>vere</span> <span class='ocrx_word' id='word_1_295' title='bbox 661 4147 743 4206; x_wconf 78' lang='lat' dir='ltr'>Patri</span> <span class='ocrx_word' id='word_1_296' title='bbox 764 4158 795 4206; x_wconf 83' lang='lat' dir='ltr'>et</span> <span class='ocrx_word' id='word_1_297' title='bbox 836 4147 911 4206; x_wconf 82' lang='lat' dir='ltr'>mine</span> <span class='ocrx_word' id='word_1_298' title='bbox 922 4149 1033 4217; x_wconf 76' lang='lat' dir='ltr'>Patris,</span> <span class='ocrx_word' id='word_1_299' title='bbox 1044 4158 1071 4207; x_wconf 85' lang='lat' dir='ltr'>et</span> <span class='ocrx_word' id='word_1_300' title='bbox 1083 4148 1164 4219; x_wconf 76' lang='lat' dir='ltr'><em>Filii,</em></span> <span class='ocrx_word' id='word_1_301' title='bbox 1175 4157 1201 4207; x_wconf 81' lang='lat' dir='ltr'>et</span> <span class='ocrx_word' id='word_1_302' title='bbox 1212 4149 1347 4228; x_wconf 75' lang='lat' dir='ltr'>Spiritus</span> 
     </span>
    </p>
   </div>
   <div class='ocr_carea' id='block_1_7' title="bbox 692 4292 940 4361">
    <p class='ocr_par' dir='ltr' id='par_1_7' title="bbox 692 4292 940 4361">
     <span class='ocr_line' id='line_1_36' title="bbox 692 4292 940 4361; baseline 0.012 -21"><span class='ocrx_word' id='word_1_303' title='bbox 692 4305 703 4326; x_wconf 81' lang='lat'><strong>¹</strong></span> <span class='ocrx_word' id='word_1_304' title='bbox 715 4292 789 4343; x_wconf 69' lang='lat' dir='ltr'>Matr.</span> <span class='ocrx_word' id='word_1_305' title='bbox 799 4294 885 4343; x_wconf 83' lang='lat' dir='ltr'>xxviii.</span> <span class='ocrx_word' id='word_1_306' title='bbox 903 4310 940 4361; x_wconf 86' lang='lat'>¹9·</span> 
     </span>
    </p>
   </div>
   <div class='ocr_carea' id='block_1_8' title="bbox 0 0 1440 4817">
    <p class='ocr_par' dir='ltr' id='par_1_8' title="bbox 0 0 1440 4817">
     <span class='ocr_line' id='line_1_37' title="bbox 0 0 1440 4817; baseline 0 0"><span class='ocrx_word' id='word_1_307' title='bbox 0 0 1440 4817; x_wconf 95' lang='lat' dir='ltr'> </span> 
     </span>
    </p>
   </div>
  </div>
 </body>
</html>
