2867 4817
156 332 404 397 ANNOTAT.
422 332 471 395 IN
490 334 523 395 S.
540 332 679 397 CYPR.
697 332 762 395 DE
778 331 879 399 ZEL.
896 334 961 398 ET
979 334 1072 398 LIV.
1096 337 1163 403 sot

106 503 1164 607 dpulostlisomturpuqnprccitcrstmousruupuotcmmor·

105 590 1165 676 cffmmcccrffopemcoctocwnscmmurcatmdmic

295 678 324 740 ⁸.
371 677 464 741 Idem
494 677 554 778 (sio
583 684 670 743 recte
706 678 849 762 reposuit
877 700 937 763 pro
966 678 1163 780 Hieronymo

173 763 277 846 unus)
293 762 326 827 in
341 770 438 864 ceput
475 770 599 864 plutum
615 762 770 849 Epistolre
790 765 834 829 sd
856 764 1007 830 Gulstss:
1032 766 1165 852 Scripta

104 858 138 915 a
152 847 257 950 tectu
267 786 575 953 Cppnocuclsbmp
588 850 626 915 ds
638 848 713 915 cho
733 859 763 915 et
776 851 892 952 Licere
906 852 1061 952 minum,
1076 874 1165 954 quen

104 934 569 1088 millam
583 957 791 1108 llll&
806 934 1164 1109 tillem

106 1108 565 1281 p·l5'⁶{13llugfflllllouitille
581 1196 652 1275 ue]
671 1194 758 1260 Hine
779 1194 927 1261 firmatm
947 1195 1070 1281 optimu
1090 1218 1164 1261 oon·

102 1280 238 1363 justum
251 1280 290 1346 cl.
306 1280 481 1347 Oberthuri
497 1282 558 1345 line
573 1280 625 1345 lib.
643 1280 830 1345 Tertulliani
845 1281 883 1345 ds
899 1281 1051 1359 Oratim
1066 1304 1165 1368 supro

108 1388 141 1451 p.
157 1386 229 1466 ιιι.
274 1367 357 1433 luem
372 1366 493 1467 respice
507 1368 550 1432 sd
564 1366 628 1467 loo..
639 1388 737 1467 supro
750 1389 780 1452 p.
799 1386 872 1448 ²79·
887 1367 910 1431 l.
925 1386 980 1467 ²⁰2

157 1451 278 1516 1b1d.1.
298 1474 346 1517 10.
370 1451 526 1539 Linguam
540 1460 678 1518 convitio
692 1456 858 1539 provocet]
888 1453 1002 1519 Orstro
1026 1455 1164 1521 fortusse

108 1539 267 1624 integrior
282 1550 376 1617 esset,
393 1540 420 1603 si
434 1562 474 1603 ex
487 1538 693 1624 sequentibus
707 1540 880 1605 sdderetur
893 1539 940 1604 cd
946 1540 1163 1625 paulorum,

108 1632 147 1690 et
170 1646 231 1710 pro
255 1648 330 1691 voce
346 1625 555 1711 patulcum
580 1625 625 1690 ibi
651 1626 782 1692 inventu
803 1626 1032 1690 rescriberetur
1053 1626 1163 1691 violos-
1282 1644 1287 1654 ·

106 1711 198 1775 tiam.
259 1712 371 1778 Hebes
404 1710 487 1777 infru
518 1713 546 1795 ξ.
577 1732 607 1793 4.
645 1734 755 1777 omum
782 1712 829 1777 od
861 1712 955 1778 cedia
990 1711 1164 1777 mosum

100 1807 277 1947 p'd'dlllml
291 1903 341 1953 21.
364 1884 412 1948 vel
436 1883 566 1949 lullnces
588 1883 721 1948 insidias
743 1882 792 1948 vel
813 1890 943 1969 apertos
962 1882 1077 1968 minus]
1111 1885 1167 1951 Vol

107 1978 188 2035 unte
201 1969 335 2053 sallom
354 1970 509 2047 revocavi,
525 1970 611 2055 quod
631 1970 784 2036 omissum
797 1977 848 2035 est
861 1992 883 2034 s
896 1968 1037 2048 Buluzio‚
1052 1970 1163 2036 suffra·

105 2055 263 2142 gentibus
283 2056 361 2121 mihi
386 2056 494 2121 codice
513 2055 595 2120 Novi
617 2056 695 2122 Ooll.
713 2075 742 2120 α.
757 2063 791 2121 et
807 2056 907 2122 MSto
923 2062 1061 2140 utroque
1080 2080 1161 2136 meo,

107 2142 235 2227 puriter
247 2149 345 2227 utque
359 2142 451 2207 editt.
467 2150 545 2209 unte
560 2142 776 2208 leuuisnem.
822 2142 915 2207 Nunc
935 2143 1022 2207 sddo
1038 2143 1163 2209 codices

109 2228 250 2314 scriptos
266 2229 552 2295 Meermsnnsnum
565 2236 600 2293 et
615 2236 786 2314 utrumque
800 2228 1006 2293 Druriunum.

154 2314 194 2379 P.
210 2316 284 2398 318.
300 2315 319 2379 l.
338 2334 391 2383 20.
415 2316 491 2379 dum
512 2314 673 2381 diabolum
697 2316 752 2400 qui
776 2315 859 2380 zelet
879 2314 1038 2395 imitetur]
1059 2312 1164 2381 Zaoc

108 2402 175 2465 lum
196 2423 262 2465 nou
283 2402 445 2467 diabolum
467 2408 602 2488 praestst
623 2402 663 2465 de
683 2402 844 2466 codicibus
863 2401 941 2465 mels
959 2422 1050 2480 unus,
1072 2402 1163 2487 isque

109 2487 344 2567 membraneus,
359 2498 394 2553 et
408 2487 441 2551 in
455 2488 547 2553 editt
563 2487 686 2573 sliquot
700 2487 850 2573 Cypriuni
864 2486 913 2551 its
926 2509 987 2552 vox
1001 2488 1161 2553 scribitur.

109 2582 130 2609 ‘⁶
143 2574 284 2639 Zubolus
299 2574 326 2639 is
340 2581 392 2640 est
405 2574 559 2651 diabolus,
576 2595 635 2659 pro
657 2577 705 2639 tu
719 2573 804 2639 enim
818 2573 949 2639 AEtoles
970 2581 1007 2649 (c
1025 2574 1163 2640 dixero.”

109 2660 246 2725 Gesneri
260 2662 353 2746 Lc'ssp.
369 2660 441 2725 Lat.
460 2660 543 2725 Tlos.
559 2658 593 2725 in
606 2682 692 2725 voce.

155 2745 195 2809 P.
212 2748 419 2830 319.l.4.in
434 2746 541 2811 odium
559 2745 788 2831 persecutionis
809 2745 931 2811 lucibus
949 2744 1057 2810 livoris
1071 2767 1162 2810 exsr-

108 2833 166 2913 sit]
187 2832 301 2896 Odium
315 2834 540 2918 persecutionis,
556 2854 628 2917 quae
648 2840 699 2897 est
720 2832 874 2897 librorum
888 2839 958 2897 tum
970 2832 1162 2917 scriptorum

107 2940 207 3005 quum
233 2917 390 2985 editorum
412 2918 516 2997 lectio,
537 2918 646 2983 odium
666 2917 835 3005 significet,
856 2940 896 2983 ox
917 2939 980 3003 quo
999 2924 1074 2983 orts
1092 2938 1162 3003 per-

163 3005 232 3069 utio
247 3004 299 3071 sit.

107 3027 245 3155 mibid.
268 3090 287 3155 l.
308 3112 356 3156 ιι.
379 3090 449 3155 miti
473 3091 607 3156 lenitate
629 3090 819 3190 potientem]
845 3089 918 3154 Etsi
943 3090 1077 3155 reductu
1100 3090 1163 3167 luit

107 3200 171 3243 vox
195 3178 296 3241 mites
322 3200 381 3263 pro
408 3178 478 3241 miti
506 3176 539 3240 in
564 3176 736 3243 editionem
762 3176 1012 3255 Benedictinnm,
1035 3176 1162 3261 praetuli

107 3286 194 3329 nuno
220 3285 280 3349 ego
305 3263 473 3331 lectionem
501 3262 646 3341 alterum,
671 3262 833 3329 codicibus
853 3262 981 3348 seriptis
1002 3262 1081 3327 meis
1110 3263 1161 3327 lir-

107 3358 243 3419 mutum.

155 3436 240 3501 Ibid.
256 3436 276 3500 l.
297 3452 345 3519 17.
361 3435 466 3519 simul]
487 3436 528 3499 ln
550 3457 614 3501 uno
635 3434 717 3500 libro
735 3456 807 3499 meo
821 3442 928 3501 vetere
942 3436 1096 3521 scriptum
1110 3445 1162 3501 est

105 3522 196 3587 umsl
215 3530 250 3587 et
266 3544 364 3607 supro
384 3522 500 3587 lineum
524 3522 571 3586 cel
592 3521 693 3586 droul.
737 3520 824 3585 Hinc
839 3542 925 3607 ergo,
940 3521 988 3586 uti
1007 3522 1076 3606 jam
1097 3544 1162 3586 non

107 3608 206 3675 semel
222 3608 368 3686 diximus,
384 3616 457 3674 ortu
472 3615 521 3673 est
535 3606 751 3693 discrepantis
771 3629 843 3693 quae
864 3607 937 3671 istic
956 3607 1115 3692 reperitur
1129 3608 1162 3671 in

107 3696 271 3761 codicibus
292 3694 526 3780 manuscriptis,
542 3716 675 3779 quorum
698 3692 839 3758 nonnulli
861 3694 982 3759 hubent
998 3692 1092 3770 muel,
1106 3693 1161 3759 ulii

106 3782 210 3847 simol.
242 3781 363 3845 Bsuuz.
408 3780 518 3858 Sbnsl,
545 3802 616 3865 quse
639 3780 715 3845 edit.
743 3780 894 3867 principis
919 3780 1079 3865 scripture
1101 3786 1160 3859 est,

107 3868 327 3954 adstipulante
342 3867 371 3931 ei
387 3889 450 3931 uno
465 3888 505 3931 ex
521 3866 627 3931 MStis
649 3866 737 3943 meis,
751 3867 904 3944 revocem,
920 3865 982 3931 etsi
1000 3866 1161 3930 interdum

106 3954 199 4021 sami
216 3975 276 4039 pro
295 3974 424 4039 prorsus
437 3960 471 4018 et
490 3954 525 4017 ic
540 3962 722 4040 perpetum
736 3961 860 4017 veteres
872 3958 1006 4037 ponunt.
1051 3950 1162 4017 Habet

106 4040 169 4106 ridi
192 4062 252 4126 pro
273 4039 366 4104 mucul
389 4040 490 4104 codex
513 4060 602 4103 meus
624 4039 699 4103 olim
720 4038 957 4115 Tewnternnus,
976 4041 1162 4123 sun01396

107 4126 258 4213 scriptus,
273 4134 308 4191 et
328 4126 450 4211 eiwon
474 4146 533 4212 pro
553 4124 693 4210 copules
739 4126 819 4189 Mox
833 4125 888 4189 lin.
901 4144 956 4209 30.
970 4124 1085 4191 erlem
1104 4147 1163 4210 pro

109 4214 263 4300 perspice,
294 4211 410 4298 cogita,
440 4212 547 4298 posuit
574 4219 711 4277 unctor:
749 4217 785 4275 et
809 4218 886 4276 sect.
911 4214 941 4274 6.
972 4212 1079 4288 verbu,
1108 4212 1163 4296 qss'

110 4300 323 4367 obnubens
342 4320 373 4365 ss
395 4298 549 4373 mero,
579 4320 713 4382 quorum
738 4296 884 4363 ordinem
908 4297 954 4363 sic
978 4294 1046 4365 siue
1065 4320 1163 4363 csusu
