2867 4817
232 340 287 409 IN
309 342 403 409 LIB.
425 342 594 409 DIURN.
618 344 977 411 ROM.PONT1FF.
1067 344 1127 413 161

77 522 103 552 “
117 514 216 579 tioam
228 514 462 601 subscripsisse,
477 521 591 581 auotor
603 522 655 581 est
670 516 889 601 Hieronymus
909 516 942 581 in
956 516 1130 583 (lhronieis.

78 608 106 641 ‘⁴
122 600 264 667 Exouset
278 601 509 679 Mareellinam,
525 624 620 687 quem
638 601 753 667 timore
773 603 911 667 iraetum
925 602 1016 667 idolis
1035 604 1130 669 soori-

79 692 104 725 “
119 686 226 751 tioium
246 686 400 751 obtulisse
420 687 582 752 memorias
596 682 767 773 ‘proditum
787 696 855 753 est:
879 688 1045 753 Victorem
1066 690 1131 753 vin·

82 778 106 810 ‘⁴
122 772 217 849 diost,
233 794 328 858 quem
338 772 544 838 Paulianistae
556 795 648 837 suum
659 796 728 838 esse
738 773 864 839 mentiti
875 782 960 853 sunt,
972 780 1009 839 ut
1020 775 1132 840 soribit

81 864 106 897 ‘⁶
121 856 237 923 Euseb.
254 858 308 923 lib.
321 858 361 923 V.
376 858 465 925 Eool.
486 858 575 923 Hist.
600 881 670 944 oap.
687 860 737 925 28.
775 858 984 924 Anastasium
1006 860 1131 939 liberet,

82 950 105 980 ‘⁶
121 966 215 1030 quem
229 943 297 1010 sine
311 950 400 1009 oeno
413 950 448 1008 et
465 944 622 1030 probabili
640 943 824 1010 testimonio
843 946 1017 1011 Gratianus
1031 944 1131 1011 haere-

82 1036 107 1067 “
122 1052 193 1094 seos
206 1030 411 1095 insimulavit.
439 1030 500 1107 At,
516 1029 697 1094 Honorium
711 1032 869 1117 quomodo
888 1032 930 1095 ab
945 1053 1051 1096 errore
1067 1031 1133 1096 vin-

82 1121 105 1151 ‘⁶
122 1116 263 1181 dicabit?
278 1116 381 1196 Quem
389 1115 575 1180 haerotioum
585 1115 692 1194 inisse,
704 1116 806 1181 tradit
818 1116 942 1181 Psellns
951 1115 984 1181 in
995 1116 1133 1182 earmina

83 1207 107 1241 ‘⁶
122 1202 163 1265 de
191 1207 315 1287 septem
343 1200 478 1287 synodis,
508 1201 682 1266 Tharasius
710 1201 754 1266 ad
783 1223 923 1266 summos
952 1203 1134 1268 sacerdotes

84 1292 107 1324 “
123 1286 314 1365 Antioohiae,
337 1286 552 1364 Alexandrina,
579 1298 699 1352 sanotae
722 1287 819 1365 urbis,
846 1295 883 1353 ut
909 1284 990 1353 VII.
1013 1289 1134 1374 synodo

84 1373 250 1439 “notione
263 1392 296 1472 3.
310 1372 464 1473 seriptum
478 1379 538 1452 est,
554 1372 741 1437 Theodorus
759 1394 831 1439 oum
850 1374 970 1461 synodo
985 1396 1043 1439 sua
1058 1374 1136 1438 Hio-

85 1464 109 1495 “
124 1458 352 1543 rosolymrtana
377 1480 410 1522 m
435 1457 630 1523 ooniessione
654 1458 738 1537 fidei,
765 1482 837 1545 quae
862 1460 999 1524 habetur
1024 1460 1136 1525 eadem

87 1550 111 1579 “
126 1544 252 1609 aetione
270 1544 377 1621 tertia,
393 1542 593 1629 Epiphanius
613 1546 807 1630 respondens
828 1544 985 1609 haeretiois
1007 1546 1040 1609 in
1061 1567 1136 1609 oon-

87 1636 111 1670 ‘⁴
127 1636 238 1715 speetu
257 1629 379 1694 oonoilii
398 1630 541 1714 ejusdam
561 1630 687 1694 satione
702 1632 733 1695 6.
747 1638 836 1696 tomo
851 1631 898 1694 11.
918 1636 990 1696 tota
1011 1632 1139 1695 demum

89 1722 112 1751 ‘⁴
128 1716 199 1802 ipsa
213 1715 294 1780 v11.
309 1716 448 1800 synodus
461 1714 587 1780 satione
597 1715 723 1793 ultima,
735 1722 768 1781 at
783 1716 816 1780 in
828 1715 963 1803 epistola
976 1716 1019 1781 ad
1030 1738 1140 1781 omnes

89 1809 113 1837 ‘⁴
128 1800 310 1867 secerdotes
324 1808 358 1867 et
372 1798 512 1870 elericos.
555 1800 721 1866 Adrianus
738 1823 863 1886 quoque
881 1802 1044 1867 Romanus
1062 1824 1140 1887 pon-

90 1894 114 1923 “
128 1888 209 1953 tifex
226 1887 261 1950 in
281 1887 407 1953 aotione
420 1902 453 1972 5.
470 1886 581 1973 synodi
601 1894 723 1953 ootavae
766 1887 911 1965 eneralis,
934 1888 974 1952 de
994 1888 1140 1951 Romano

91 1910 1142 2143 :ttnlnnnnnnninnonu

91 2145 243 2209 “thema
271 2144 313 2209 sit
341 2144 475 2222 dietum,
503 2143 667 2208 soiendum
694 2152 803 2210 tamen
837 2151 898 2223 est,
929 2145 1014 2229 quod
1038 2144 1143 2208 iuerat

94 2236 116 2266 “
131 2252 229 2317 super
253 2228 366 2295 haeresi
392 2236 577 2302 aecusatus:
612 2236 865 2331 propterquam
891 2230 993 2294 solum
1022 2230 1143 2294 linitum

94 2322 122 2351 “
131 2323 183 2381 est
196 2315 371 2384 minoribus
389 2317 546 2402 majorum
566 2338 696 2380 suorum
709 2316 850 2381 motibus
868 2315 1027 2381 resistere.
1057 2315 1144 2379 Hae-

93 2408 118 2438 “
132 2409 227 2469 tenus
246 2401 419 2470 Adrianus.
464 2399 532 2466 Ubi
545 2401 645 2467 etiam
659 2402 761 2476 addit,
778 2402 970 2467 sententiam
983 2402 1018 2465 in
1033 2402 1144 2465 Hono-

96 2488 218 2552 “rium
238 2488 339 2552 latam
364 2508 405 2555 ax
430 2487 567 2553 Romani
591 2487 750 2575 pontifiois
775 2508 929 2553 oonsensu
954 2487 1059 2553 fuisso.
1106 2486 1146 2550 ld

95 2581 120 2610 ‘⁴
136 2574 222 2659 quod
250 2573 452 2658 exploratum
479 2581 530 2639 est
563 2574 596 2637 in
631 2573 691 2639 VI.
722 2594 810 2659 syno.
837 2573 986 2660 generali,
1021 2573 1147 2639 satione

96 2666 120 2696 ‘⁶
135 2666 264 2745 quarta.
310 2658 378 2725 Ubi
402 2659 435 2723 A
477 2659 536 2724 tho
556 2658 591 2722 in
611 2680 630 2723 e
652 2658 748 2724 istola
772 2660 815 2723 ad
839 2659 1015 2733 eonoilinm,
1037 2659 1148 2723 Hono·

98 2751 122 2782 ‘⁶
136 2746 220 2811 rium
238 2745 342 2848 ipsum
359 2752 437 2817 anat
459 2744 621 2821 ematirat,
745 2745 832 2823 item,
848 2746 887 2810 de
907 2752 1024 2810 natura
1042 2764 1149 2809 rernm

99 2838 122 2867 “
137 2833 228 2913 o.67.
250 2852 285 2895 m
305 2836 399 2899 sexta
419 2831 539 2917 synodo
562 2830 636 2913 (ait)
660 2831 845 2895 Maoharius
865 2853 937 2896 oum
951 2830 1017 2895 suis
1038 2852 1150 2915 sequa·

100 2926 124 2954 ‘⁴
139 2917 229 2982 nibus
256 2916 350 2983 simul
378 2923 412 2981 et
440 2917 692 3007 praeoessoribus,
724 2916 807 2993 Oiro,
842 2916 962 3003 Sergio,
994 2916 1149 2991 Honorio,

100 3010 124 3041 “
140 3002 275 3088 Pyrrho,
289 3002 578 3069 anathematizatus
599 3010 658 3067 est.
705 3002 745 3066 ln
765 3002 847 3067 libro
868 3008 1025 3088 praeterea
1044 3002 1147 3087 ponti-

102 3096 125 3126 “
141 3088 224 3155 liuali
238 3089 376 3153 refertur
391 3085 459 3155 leo
477 3088 632 3153 secundus
651 3096 775 3153 sextam
795 3090 950 3174 synodum
970 3088 1151 3173 suscepisse,
1248 3168 1252 3177 .

103 3174 255 3260 “inqua
274 3173 477 3240 oondemnati
498 3180 585 3251 sunt,
604 3174 705 3251 (lirus,
727 3174 899 3252 Honorius,
920 3181 1017 3259 atque
1037 3174 1070 3236 in
1090 3172 1153 3235 fine

104 3267 243 3325 “sem
263 3260 376 3347 synodi
396 3260 527 3345 ponitur
541 3258 677 3345 epistola
696 3260 813 3324 Leonis
833 3259 877 3324 nd
898 3258 1153 3334 Constantinum,

106 3353 127 3383 ‘⁸
143 3346 198 3410 ubi
219 3353 294 3432 post
314 3352 497 3431 snsoeptum
518 3345 801 3430 oonfirmatumqne
823 3345 999 3418 eonsilium,
1023 3344 1155 3409 anatho-

107 3438 130 3468 “
144 3430 332 3497 mstizamus
351 3431 485 3517 (inquit)
506 3430 624 3510 (lirum,
648 3431 803 3517 Sergium,
824 3452 882 3495 neo
904 3451 969 3494 non
989 3437 1023 3495 et
1046 3429 1156 3493 Hono·

106 3524 129 3555 ‘⁶
144 3517 239 3591 num,
265 3518 321 3602 qui
346 3517 429 3581 bano
458 3516 666 3603 apostolicam
690 3517 855 3582 eoelesiam
881 3538 945 3580 non
973 3514 1156 3602 apostoliea

107 3601 328 3668 “traditionis
356 3603 503 3667 (lontrina
529 3602 710 3681 illustravit,
741 3604 798 3667 sed
822 3604 957 3688 profana
979 3600 1158 3688 proditione

108 3695 131 3726 “
146 3688 383 3759 immaoulatam
400 3688 498 3753 fidem
518 3690 701 3754 subvertere
723 3695 856 3754 conatus
880 3687 959 3753 ost.”
988 3710 1062 3773 pag.
1085 3688 1157 3751 281.

110 3773 195 3841 Hae
213 3774 315 3839 literis
335 3774 499 3842 mandavit
522 3774 678 3839 Melehior
693 3773 799 3841 Genus
820 3796 921 3839 annos
942 3774 1013 3859 plus
1032 3778 1160 3837 eentum

111 3868 189 3926 ante
210 3860 333 3927 editum
360 3882 382 3927 a
405 3860 563 3925 Gamerio
587 3860 719 3924 Libmm
744 3860 911 3923 Diumnm.
962 3859 1007 3924 lis
1032 3858 1159 3934 addam,

112 3966 189 4046 quse
196 3946 240 4010 ad
248 3945 410 4049 innuerem
423 3946 617 4048 pertinentia
627 3947 668 4047 de
679 3946 819 4012 Gonoilio
832 3944 1048 4071 Generali‘Vl.
1061 3964 1160 4043 agens

111 4031 383 4198 ratres
398 4031 949 4203 sentisne
966 4031 1163 4215 ,Art

113 4203 361 4270 “Alexandrini
383 4225 422 4271 en
442 4204 523 4269 itala
543 4225 572 4290 9.
596 4204 662 4269 sive
682 4203 806 4269 libellus
832 4202 1057 4287 Salissootionis
1079 4208 1164 4265 inter

114 4296 136 4327 ‘⁶
151 4288 270 4374 (lyram
285 4225 550 4371 Alexandrinum,
562 4298 597 4358 et
611 4288 862 4366 Theodosianos3
889 4296 923 4354 et
935 4288 1021 4376 (lysi,
1038 4286 1163 4373 Pyrrhi,

159 4394 229 4440 von.
245 4396 279 4440 ΙΙ.
628 4398 651 4438 Y
