2867 4817
378 318 512 385 APUD
536 319 569 381 S.
594 318 847 382 IRENAEUM.
1075 309 1140 379 218

77 497 165 604 ὅλερ
182 501 234 604 τῷ
250 494 378 603 κόσμῳ
398 490 651 595 διεσπαρμένα),
673 493 848 591 ι’πιμελῶς
873 486 1072 596 φυλάσσει,
1094 491 1142 573 ὡς

79 626 151 705 ἕνα
176 620 275 704 οἷκον
299 629 457 704 οἰκοῦσα·
491 623 550 700 καὶ
577 620 707 719 ὁμοίιος
732 616 893 698 πιστεύει
919 614 1066 715 τούτοις,
1093 620 1142 701 ὡς

79 754 175 853 μίαν
191 748 318 858 ψυχὴν
342 752 402 830 καὶ
418 748 486 848 τὴν
503 746 615 846 αὐτὴν
631 746 768 851 ἔχουσα
787 745 943 847 καρδίαν·
970 747 1028 823 καὶ
1047 778 1142 845 συμ-

82 880 220 987 φώνως
249 888 363 959 ταῦτα
388 874 574 980 κηρύσσει,
604 876 663 954 καὶ
692 872 862 970 διδάσκει,
895 878 953 951 καὶ
983 875 1137 977 παραδί-

83 1013 213 1105 δωσιν,
230 1011 280 1090 ὡς
298 1005 337 1086 ἓν
354 1006 477 1105 στόμα
501 1003 706 1103 κεκτημένη·
737 1005 795 1080 καὶ
813 998 886 1104 γάρ
910 1006 946 1081 αἱ
968 999 1060 1105 κατά
1078 1000 1142 1083 τὸν

84 1134 231 1235 κόσμον
247 1134 427 1214 διάλεκτοι
445 1131 619 1232 ἀνόμοιαι,
638 1132 723 1209 ἀλλ’
743 1130 766 1229 ἡ
784 1129 930 1229 δύναμις
947 1134 1011 1228 τῆς
1025 1164 1142 1233 παρα-

85 1261 227 1347 δόσεως
252 1264 318 1361 μία
345 1264 404 1341 καὶ
430 1262 453 1361 ἡ
481 1258 583 1357 αὐτή
617 1261 676 1337 καὶ
700 1260 780 1337 οὕτε
804 1261 841 1336 αί
867 1259 904 1337 εὐ
930 1258 1142 1359 Γερμανίαις

87 1391 272 1494 ἱδρυμέναι
294 1388 484 1489 ἐκκλησίαι
508 1386 633 1469 άλλως
657 1382 994 1485 πεπιστεύκασιν,ἢ
1018 1386 1143 1468 άλλως

88 1516 363 1621 παραδιδόασιν,
390 1516 471 1595 οὔτε
498 1517 536 1594 ἐν
557 1520 634 1597 ταῖς
657 1514 840 1616 Ἰβηρίαις,
866 1515 944 1594 οὔτε
972 1517 1010 1594 ἐν
1039 1520 1138 1594 Κελ-

89 1654 176 1741 τοῖς,
196 1647 274 1725 οὔτε
292 1641 385 1723 κατὰ
401 1642 466 1725 τὰς
490 1640 679 1739 ἀνατολάς,
698 1645 778 1723 οὔτε
802 1644 840 1723 ἐν
859 1643 1042 1751 Αἰγύπτῳ,
1063 1647 1143 1724 οὔτε

92 1776 132 1854 ἐν
151 1774 281 1879 Λιβύη,
299 1773 379 1851 οὔτε
402 1776 439 1852 αἱ
460 1770 552 1851 κατὰ
575 1771 673 1873 με’σα
697 1780 762 1850 τοῦ
783 1768 923 1871 κόσμου
949 1772 1141 1875 ἱδρυμέναι·

93 1903 179 1980 ἀλλ’
200 1897 323 2005 ὥσπερ
342 1903 362 1979 ὁ
380 1900 492 1999 ἥλιος,
511 1896 554 1977 τὸ
579 1898 715 1997 κ’τίσμα
732 1904 796 1978 τοῦ
817 1904 922 1997 Θεοῦ,
941 1902 980 1979 ἐν
998 1899 1074 2008 ὅλῳ
1092 1908 1143 2010 τῷ

94 2029 224 2137 κόσμῳ
252 2028 302 2113 εἷς
329 2031 387 2109 καὶ
415 2030 435 2107 ὁ
463 2025 580 2111 αὐτάς·
616 2029 709 2107 οὕτω
737 2030 795 2107 καὶ
822 2027 864 2108 τὸ
892 2027 1058 2133 κήρυγμα
1080 2034 1145 2128 τῆς

95 2158 266 2258 ἀληθείας
282 2161 450 2261 πανταχῇ
468 2155 597 2263 φαίνει,
612 2158 672 2234 καὶ
690 2155 833 2260 φωτίζει
850 2156 988 2240 πάντας
1002 2156 1143 2262 ἀνθρώ-

95 2317 187 2368 πους
204 2281 286 2368 τοὺς
303 2282 545 2378 βουλομένους
561 2288 610 2366 είς
623 2285 818 2386 ἐπίγνωσιν
831 2286 1000 2383 ἀληθείας
1013 2286 1141 2364 ἐλθεῖν.
1157 2309 1308 2371 ramim.

97 2414 156 2491 καὶ
175 2411 255 2491 οὔτε
273 2414 293 2490 ὁ
311 2410 405 2492 πάνυ
428 2409 577 2494 δυνατὸς
594 2412 633 2491 ἐν
655 2409 757 2519 λόγῳ
775 2417 848 2491 τῶν
864 2414 903 2490 ἐν
920 2418 998 2495 ταῖς
1013 2414 1142 2512 ε’κκλη-

31 2638 36 2645 .
98 2540 195 2623 σίαις
220 2538 471 2642 προεστώτων,
498 2537 600 2641 ἕτερα
629 2537 767 2618 τούτων
798 2541 879 2643 ἐρεῖ·
918 2540 1045 2639 (οὐδεὶς
1075 2538 1147 2644 γάρ

99 2665 187 2768 ὑπὲρ
214 2666 279 2745 τὸν
305 2664 541 2770 διδάσκαλον)
571 2665 650 2744 οὕτε
679 2669 699 2744 ὁ
733 2664 887 2766 ἀσθενὴς
910 2670 948 2747 εὐ
972 2667 1146 2777 τῷλόγῳ

99 2792 297 2875 ἐλαττώσει
322 2791 389 2893 τὴν
415 2791 631 2896 παράδοσιν.
662 2800 746 2893 μιᾶς
768 2793 841 2898 γὰρ
868 2798 926 2873 καὶ
951 2800 1015 2895 τῆς
1039 2783 1148 2895 αὐτῆς
1190 2854 1195 2863 -

101 3058 254 3127 mundum,
268 3059 463 3129 disseminata,
479 3060 601 3137 diligen.
648 3058 679 3116 in
701 3059 832 3125 Oriente,
853 3080 947 3138 neque
967 3062 1011 3119 hae
1032 3081 1096 3138 quae
1117 3062 1147 3119 in

102 3153 148 3200 ter
167 3140 306 3207 custodit,
332 3140 414 3217 qnasi
438 3160 525 3198 unam
551 3140 602 3198 dn·
649 3140 786 3217 AEqptm
803 3160 897 3217 neque
911 3141 955 3199 hae
969 3161 1034 3219 quae
1048 3143 1078 3198 in
1096 3143 1147 3199 Li.

103 3242 182 3279 mum
205 3220 386 3279 inhabitans:
416 3232 446 3279 et
470 3220 603 3279 similiter
648 3219 715 3298 byn,
737 3240 832 3297 neque
854 3222 898 3279 hn
919 3242 983 3297 quae
1002 3222 1031 3278 in
1052 3223 1149 3281 medio

103 3301 196 3360 credit
210 3301 255 3369 iis,
270 3301 406 3359 videlieet
418 3302 499 3379 qnasi
514 3321 603 3360 unam
648 3300 1007 3361 mundisuntconstitutae:
1018 3302 1149 3362 sedsicut

104 3382 229 3441 animam
248 3383 366 3451 habens,
380 3393 411 3440 et
432 3400 523 3440 unum
542 3402 602 3448 eor,
649 3380 703 3445 sol,
727 3393 858 3440 creatura
880 3382 944 3451 Dei,
964 3384 995 3441 in
1013 3385 1150 3443 universo

104 3475 135 3522 et
155 3473 347 3521 oonsonaater
370 3464 432 3521 hnc
455 3462 603 3541 praedicat,
648 3461 759 3520 mundo
780 3482 857 3519 unus
878 3473 907 3521 et
928 3462 1004 3522 idem
1024 3476 1086 3531 est3
1109 3464 1150 3524 aio

105 3556 136 3604 at
150 3543 243 3609 dooet.
258 3554 288 3602 et
302 3542 402 3610 tradit,
416 3543 498 3620 qnasi
513 3562 604 3600 unum
649 3556 680 3601 et
693 3542 803 3613 iumen,
823 3544 989 3623 pradicatio
1008 3545 1149 3613 veritatis,

106 3622 256 3704 possidens
286 3644 329 3681 oa.
377 3624 455 3681 Nam
487 3624 542 3682 etsi
573 3624 604 3681 in
650 3623 759 3701 ubique
774 3624 861 3692 lucet,
877 3635 907 3683 et
927 3625 1073 3684 illuminat
1088 3646 1150 3683 om.

107 3704 215 3763 mundo
228 3705 350 3781 loquela
360 3702 514 3763 dissimiles
526 3716 605 3771 sont,
651 3724 703 3762 nea
732 3706 871 3770 homines.
900 3706 950 3783 qui
979 3707 1082 3765 volunt
1115 3708 1150 3766 ati

107 3785 156 3844 aed
184 3795 283 3843 umen
315 3786 409 3843 virtus
441 3784 607 3843 traditionis
651 3786 847 3862 cognitionem
881 3787 1011 3845 veritatis
1042 3788 1151 3846 venire.

108 3886 166 3925 nna
185 3877 216 3923 et
236 3864 336 3924 eadem
356 3876 410 3924 eat.
453 3864 607 3943 tarneque
654 3866 696 3924 Et
709 3886 804 3944 neque
814 3867 839 3924 is
853 3867 903 3943 qui
916 3867 1000 3926 valde
1015 3869 1153 3948 proevalet

107 3948 161 4015 ha,
172 3965 237 4023 ηοω
251 3947 281 4004 in
294 3946 450 4005 Germania
461 3957 530 4005 sunt
539 3948 607 4004 fun·
652 3948 682 4004 in
698 3966 840 4015 somnone,
856 3968 891 4006 ex
907 3948 942 4005 iis
960 3950 1008 4027 qui
1025 3960 1153 4029 prterunt

108 4028 182 4086 datar
210 4026 338 4085 ecclesian
364 4027 449 4086 aliter
473 4028 606 4094 credunt,
654 4028 792 4093 ecclesiis,
811 4029 875 4095 alia,
891 4050 975 4106 qnam
997 4030 1057 4089 haec
1074 4042 1153 4097 sunt,

109 4120 158 4168 ant
179 4107 266 4166 aliter
287 4107 425 4167 tradunt:
448 4128 543 4185 neque
564 4110 608 4167 har
654 4109 748 4167 dicet:
774 4114 871 4179 (nemo
890 4111 964 4167 enim
986 4132 1019 4169 su
1041 4132 1073 4170 er
1093 4132 1154 4169 ma·

109 4210 173 4268 qna
185 4189 217 4246 in
233 4188 353 4247 Hiberis
366 4200 445 4255 sunt,
456 4208 551 4266 neque
564 4190 609 4247 hae
654 4190 777 4267 gistrum
796 4194 853 4265 eat)
870 4210 963 4267 neque
978 4132 1111 4251 intiimus
1125 4193 1156 4249 in

110 4292 173 4349 qna·
194 4271 224 4329 in
246 4270 348 4336 Celtis,
364 4288 459 4347 neque
479 4270 524 4326 hn
544 4290 609 4347 qun
655 4270 777 4327 dicendo
805 4270 998 4331 deminorabit
1022 4273 1155 4331 traditio-
