2867 4817
357 308 646 375 HAERETICOS
670 310 921 376 LIBELLUS.
1100 311 1163 377 165

107 486 240 555 fuisse:
267 484 422 556 salntem
447 486 563 557 carnis
586 485 795 579 sperandam
821 486 965 556 omnino
987 508 1058 557 non
1075 508 1162 557 eoae.

108 601 268 671 Necnon
310 603 420 672 etium
461 603 580 695 erupit
613 601 684 672 alia
720 624 860 695 quoque
894 602 1048 687 haeresia
1082 628 1163 695 quae

106 719 243 789 dicitur
267 717 505 789 Cru'naeorum.
557 716 605 788 Et
621 718 689 811 ipsi
705 719 802 789 enim
818 720 1047 814 magnificant
1065 719 1164 805 Cain,

106 836 209 929 quasi
237 860 288 907 ex
314 836 469 929 quadam
501 836 639 928 potenti
669 835 803 906 vimute
830 843 1052 929 conceptum,
1086 860 1164 930 qnae

79 962 260 1047 §operata
287 955 336 1023 ait
364 954 401 1022 in
424 954 522 1047 ipao;
547 974 629 1022 nam
654 948 750 1023 Abel
776 974 823 1022 ex
848 952 1013 1023 inferiore
1030 954 1163 1026 virtute

104 1080 338 1163 eonoeptnm,
365 1078 599 1163 procreatum,
630 1076 669 1138 et
697 1068 778 1139 ideo
813 1069 1014 1140 inferiorem
1046 1092 1166 1164 reper-

105 1202 200 1259 tum.
229 1186 294 1269 Hi,
310 1188 372 1281 qui
388 1187 458 1257 hoc
472 1187 652 1268 edsemnt,
669 1185 780 1255 etiam
796 1184 820 1255 J
822 1184 930 1255 udarn
947 1186 1163 1278 proditorem

105 1306 340 1389 delendum
381 1302 625 1375 admirabilem
667 1300 771 1373 illum
804 1310 842 1372 et
876 1324 1045 1396 magnum
1086 1326 1167 1375 esee

105 1428 353 1489 memorantes
376 1425 522 1511 propter
546 1416 730 1503 utilitates,
750 1441 837 1511 quaa
863 1419 1018 1489 humano
1043 1420 1163 1513 generi

64 1534 307 1606 rocontuliaae
316 1536 486 1627 jactetur.
512 1534 667 1619 Quidam
683 1537 781 1607 enim
798 1538 954 1629 ipsorum
971 1537 1164 1630 gentianum

103 1654 292 1723 actionem
324 1651 434 1723 Judae
467 1661 612 1745 propter
644 1653 737 1725 hano
769 1674 914 1723 oausam
948 1652 1164 1723 reddendam

103 1778 249 1863 putant.
332 1767 633 1841 Animadvertena
674 1770 781 1853 enim,
824 1770 998 1862 inquiunt,
1041 1768 1164 1852 Judas,

104 1886 204 1979 quod
231 1884 398 1956 Christum
425 1884 534 1955 vellet
559 1885 747 1957 veritatem
778 1885 992 1968 subvertere,
1018 1885 1164 1957 tradidit

104 2002 223 2084 illum,
240 2025 290 2073 ne
315 2002 473 2073 subverti
491 2004 619 2073 veritas
641 2008 771 2095 poscet.
824 2000 873 2071 Et
890 2000 950 2072 elii
973 2003 1023 2073 sic
1040 2011 1164 2074 eontra

65 2120 296 2213 *sdiaputent
323 2127 362 2188 et
390 2118 537 2188 dicunt:
564 2119 649 2211 quia
674 2126 873 2212 potestates
906 2118 1011 2211 hujus
1038 2120 1161 2191 mundi

103 2234 281 2307 nolebant
297 2235 373 2328 pati
389 2233 582 2319 Christum,
599 2260 645 2306 ne
670 2236 827 2307 humano
848 2237 970 2330 generi
990 2256 1055 2329 per
1070 2259 1163 2307 mor-

102 2362 180 2423 tem
208 2353 322 2445 ipsim
346 2351 441 2423 salus
465 2361 658 2445 pareretur,
678 2351 786 2423 saluti
811 2352 998 2423 consulens
1023 2353 1162 2446 generis

102 2468 257 2539 humani
287 2468 433 2539 tradidit
463 2468 655 2553 Christum,
681 2478 724 2539 nt
753 2467 856 2553 salua,
887 2492 965 2561 quae
992 2470 1163 2562 impedie-

103 2586 214 2657 batur
246 2608 313 2678 per
342 2587 502 2672 virtutes,
531 2610 613 2679 quae
642 2585 872 2670 obsistebant,
901 2609 947 2657 ue
981 2594 1165 2679 pateretur

61 2702 284 2786 zochriatua,
309 2702 472 2795 impediri
501 2703 647 2773 omnino
671 2726 744 2773 uon
767 2711 904 2795 posset:
930 2711 969 2773 et
991 2703 1072 2774 ideo
1099 2726 1162 2796 per

101 2821 309 2911 pensionem
335 2816 467 2889 Christi
492 2839 565 2888 non
589 2828 709 2911 poeaet
732 2818 826 2890 salus
850 2818 997 2891 humani
1021 2822 1161 2913 generis

102 2936 290 3006 retardari.
342 2934 414 3005 Sed
431 2943 470 3007 et
486 2934 549 3005 illa
567 2934 712 3007 baereais
734 2937 1010 3029 processitque
1032 2938 1167 3007 dieitur

101 3052 365 3127 Sethoitarum.
417 3052 536 3145 Hujus
552 3052 793 3145 perversitatis
810 3052 971 3123 doctrina
987 3052 1062 3123 haeo
1084 3060 1160 3125 est:

104 3174 208 3245 Duos
224 3171 391 3243 homiues
405 3169 452 3239 ab
474 3168 609 3263 angelis
631 3168 854 3251 constitutos,
873 3167 960 3239 Cain
988 3177 1026 3239 et
1043 3166 1164 3254 Abel;

61 3310 93 3369 ²5
103 3300 254 3385 propter
265 3288 333 3359 hoe
348 3310 494 3381 magnas
509 3287 604 3356 iuter
618 3284 764 3379 angelos
777 3284 1023 3355 contentiones
1040 3293 1077 3356 et
1090 3286 1160 3357 dis-

103 3408 246 3480 cordiae
271 3405 456 3486 extitisse3
480 3402 529 3473 ob
555 3401 647 3472 hanc
674 3422 827 3483 eausam,
855 3399 953 3469 illem
980 3401 1163 3485 virtutem,

104 3550 182 3617 qnae
203 3544 316 3615 super
335 3542 458 3591 omnen
475 3520 624 3589 virtutes
649 3523 753 3599 esset,
771 3538 877 3609 quam
903 3524 1055 3588 matrem
1080 3542 1161 3611 pro-

105 3642 285 3721 nuntiant,
303 3638 390 3708 dnm
410 3635 508 3707 Abel
533 3636 763 3707 interfectum
788 3634 948 3705 dicerent
965 3631 1058 3728 (sor.
1076 3658 1162 3704 cum

103 3758 336 3848 -disceretl,
354 3753 506 3825 voluisse
530 3753 669 3844 concipi
689 3760 728 3822 et
746 3752 841 3821 nasci
858 3751 954 3821 huno
972 3749 1061 3821 Seth
1079 3749 1164 3819 looo

58 3876 243 3959 senueris,
259 3883 302 3945 ut
318 3877 575 3945 evacuarentur
599 3868 717 3963 augeli
743 3867 805 3951 illi,
825 3869 887 3960 qui
912 3868 1002 3939 duos
1026 3868 1164 3960 prioree

105 3992 187 4065 illos
214 3992 380 4065 homines
407 3987 669 4068 condidissent3
693 3984 780 4054 dum
807 3983 875 4055 hoo
905 4005 1027 4054 semen
1054 4007 1157 4054 mun-

106 4109 191 4179 dum
208 4108 359 4179 moritur
374 4112 415 4174 et
432 4101 597 4172 nascitur.
641 4099 902 4171 Permixtionea
919 4100 1014 4170 enim
1031 4100 1156 4171 dieunt

105 4224 311 4318 augelorum
341 4230 382 4294 et
410 4218 596 4289 hominum
630 4217 767 4309 iniquas
797 4216 930 4291 iuuisse:
967 4216 1013 4287 ob
1048 4236 1159 4309 quam
