2867 4817
266 268 333 332 alo
522 263 759 328 FIRMIANI
783 261 1057 330 LAC'I'ANTII

267 437 442 510 honorari.
498 435 659 518 Quarum
694 437 909 518 testimonia,
944 436 1030 525 quia
1058 433 1220 504 breviare
1248 455 1317 504 non

268 561 439 646 poteram,
462 550 679 644 pretermisi,
705 571 784 640 que
806 550 836 620 si
858 548 1046 630 desideras,
1062 549 1108 618 ad
1134 549 1232 640 ipsos
1254 547 1317 617 tibi

270 666 376 737 libros
392 665 644 735 recurrendum
661 672 727 734 est.
763 663 873 734 Nuno
889 663 1027 754 reliqua
1041 685 1305 754 persequamur.

688 858 800 929 CAP.
827 857 896 929 VI.

323 1008 411 1078 Haec
427 1009 538 1100 igitur
553 1015 610 1076 tot
632 1029 674 1076 uo
698 1014 800 1076 tanta
821 1005 1026 1076 testimonia
1041 1004 1177 1098 liquido
1196 1006 1321 1097 perdo·

272 1133 365 1206 cent,
395 1144 508 1192 unum
538 1143 614 1192 esse
643 1122 803 1213 regimen
832 1122 869 1188 in
895 1121 1038 1202 mundo,
1065 1143 1177 1190 uuam
1205 1128 1322 1210 potes-

271 1246 395 1320 tatem,
422 1236 522 1327 eujus
548 1257 615 1306 neo
640 1234 739 1328 origo
763 1235 967 1328 excogitari,
993 1257 1060 1305 neo
1089 1236 1144 1305 vis
1168 1231 1322 1304 enarrari

273 1358 402 1445 potest.
453 1347 565 1419 Stulti
591 1371 685 1442 ergo,
709 1350 770 1441 qui
791 1349 837 1420 de
857 1348 1050 1419 concubitu
1069 1359 1174 1420 natos
1194 1356 1324 1440 putant

274 1467 358 1538 deos
381 1486 467 1546 esse,
485 1486 568 1534 oum
591 1464 658 1557 ipsi
681 1486 788 1534 sexus
804 1473 843 1534 et
858 1487 1045 1556 corporum
1067 1463 1251 1556 copulatio
1272 1462 1325 1533 id·

275 1580 368 1650 eirco
402 1577 610 1648 mortalibus
639 1602 661 1648 a
697 1578 777 1649 Deo
805 1580 890 1649 data
917 1581 999 1660 sint,
1029 1587 1071 1648 ut
1099 1601 1165 1671 per
1194 1575 1325 1647 sobolis

276 1695 533 1766 mooessionem
557 1715 670 1786 geum
695 1716 801 1764 omne
825 1703 995 1764 servetur.
1055 1691 1326 1764 Immortalibus

276 1832 359 1880 vero
384 1808 469 1900 quid
495 1831 583 1901 opus
608 1817 663 1878 est
688 1817 751 1878 aut
775 1832 864 1879 sexu
888 1818 953 1879 aut
977 1811 1209 1890 successione,
1238 1830 1325 1899 quos

276 1947 342 1994 neo
368 1922 531 2015 voluptas
556 1945 622 1992 neo
651 1923 815 1992 interitus
844 1924 1013 2018 attingit?
1056 1923 1116 1993 Illi
1140 1945 1240 2015 ergo,
1266 1921 1324 2013 qui

277 2039 327 2107 dii
348 2045 530 2129 putantur,
556 2037 723 2128 quoniam
745 2047 784 2107 et
804 2039 944 2130 genitos
967 2059 1044 2108 esse
1066 2047 1240 2129 tanquam
1264 2036 1326 2105 ho-

277 2153 391 2222 mines
424 2162 462 2221 et
497 2173 698 2244 procreasse
727 2160 876 2233 constat,
912 2151 1079 2222 mortales
1111 2153 1241 2243 utique
1273 2152 1327 2220 fu·

279 2273 402 2335 erunt:
429 2265 491 2336 sed
515 2265 563 2336 dii
586 2266 709 2336 crediti
735 2275 829 2348 sunt,
850 2267 956 2358 quod,
978 2289 1061 2337 oum
1083 2277 1204 2336 essent
1225 2289 1326 2359 reges
1427 2314 1428 2365 1

278 2381 398 2474 magni
415 2403 457 2450 ao
477 2388 651 2473 potentes,
669 2381 716 2450 ob
737 2405 782 2451 ea
802 2381 983 2462 beneficia,
1004 2405 1081 2474 quoe
1103 2383 1141 2451 in
1163 2381 1325 2450 homines

279 2494 512 2578 contulerant,
539 2495 675 2566 divinos
704 2507 786 2588 post
811 2497 951 2567 obitum
979 2497 1130 2568 honores
1158 2497 1324 2589 oonsequi

279 2619 508 2692 meruerunt;
559 2611 752 2703 positisque
789 2610 931 2703 templis
971 2620 1079 2703 atque
1120 2611 1324 2692 ummaoris,

280 2725 451 2793 memoria
476 2747 598 2794 eorum
623 2734 795 2817 tanquam
820 2725 1074 2796 immortalium
1103 2734 1246 2796 retenta
1273 2734 1325 2795 est

281 2845 389 2929 utque
406 2837 594 2907 celebrato.

690 2952 802 3024 OAP.
830 2955 918 3026 VII.

333 3066 405 3137 Sed
441 3088 524 3136 eum
553 3068 600 3138 sit
629 3068 793 3140 omnibus
823 3070 897 3140 fere
928 3071 1095 3164 gentibus
1122 3091 1326 3163 persuasum

283 3182 367 3251 deos
390 3203 487 3263 esse3
512 3202 568 3250 res
591 3189 712 3251 tamen
734 3206 858 3253 eorum
879 3194 998 3278 gesta,
1015 3207 1102 3277 quos
1119 3195 1196 3255 tam
1217 3186 1326 3276 potita

284 3317 391 3388 quam
419 3293 577 3364 historici
604 3296 835 3381 tradiderunt,
858 3298 1019 3370 homines
1045 3299 1139 3394 (sor.
1170 3301 1327 3369 homines

285 3416 359 3502 eos)
390 3407 498 3478 fuisse
528 3409 719 3482 declarant.
771 3411 948 3485 Hercules
975 3437 1039 3507 per
1065 3438 1144 3506 quae
1168 3423 1327 3506 tempora

285 3524 403 3606 fuerit,
426 3522 505 3615 quis
530 3524 678 3616 ignorat,
702 3549 785 3595 oum
810 3528 906 3598 idem
928 3537 968 3600 et
989 3531 1084 3601 inter
1104 3529 1326 3623 Argonautas
1424 3598 1425 3609 ,

285 3639 512 3731 navigaverit,
557 3646 603 3718 et,
648 3651 852 3734 expugnata
894 3643 1008 3735 TroJa
1048 3643 1325 3714 Laomedontem
1424 3620 1425 3645 ¹

288 3752 420 3824 Priami
450 3760 587 3844 patrem
617 3754 664 3823 ob
691 3757 885 3847 perjurium
914 3758 1158 3829 interfecerit?
1195 3759 1254 3828 Ab
1281 3779 1325 3826 eo

289 3878 448 3958 tempore
481 3865 587 3958 paulo
620 3869 781 3961 amplius,
815 3895 922 3962 quam
951 3872 1050 3944 mille
1078 3883 1118 3943 et
1146 3871 1325 3965 quingenti

288 3990 539 4074 computantur
567 3986 661 4055 anni.
713 3985 785 4056 Hie
814 4011 861 4058 ne
886 3997 992 4060 natus
1015 3989 1159 4081 quidem
1183 3990 1326 4058 honeste

289 4096 449 4178 traditur,
467 4097 528 4166 sed
541 4097 725 4169 Alcmenae
741 4099 914 4172 adulterio
926 4106 1077 4196 genitus,
1090 4113 1129 4175 et
1144 4106 1217 4196 ipse
1233 4103 1325 4172 vitiis
