2867 4817
259 310 323 373 148
554 307 622 372 EX
645 308 793 372 LIBRO
816 307 1005 372 DIURNO

259 483 410 566 roboret,
440 490 478 553 et
509 484 572 575 qui
601 504 724 553 omnes
754 480 836 554 Filii
869 483 925 553 sui
953 482 1108 576 pretioso
1138 482 1319 576 sanguine

259 599 424 693 dignatus
449 605 505 668 est
526 598 711 683 redimere,
733 598 843 670 etiam
865 607 997 671 nostrae
1017 597 1218 693 fragilitatis
1235 598 1320 669 offi-

258 716 354 787 cium
370 714 531 808 placatus
549 715 715 809 dignetur
731 718 897 810 aspicere.

308 830 449 904 Verum
466 832 533 902 etsi
551 831 724 901 virtutum
747 832 884 903 indoles
901 852 1124 923 nequaquam
1147 831 1185 900 in
1207 830 1318 901 nobis

259 957 323 1032 est,
350 948 564 1042 evangelicae
590 956 711 1018 tamen
741 955 850 1040 atquc
879 945 1080 1040 apostolicae
1105 945 1188 1016 fidei
1218 945 1318 1017 salu·
1327 971 1345 1031 ς

259 1067 345 1137 teris
369 1065 553 1158 integritas
579 1063 728 1135 inlibata
752 1073 860 1157 atque
888 1062 1056 1156 perfecta,
1083 1062 1224 1133 Christo
1250 1085 1317 1132 an-

259 1189 404 1264 nuente,
430 1188 468 1251 et
492 1204 588 1251 nunc
613 1180 651 1250 in
675 1180 778 1252 nobis
802 1186 868 1263 est,
894 1186 932 1250 et
957 1179 1083 1251 cadem
1107 1179 1179 1249 line
1206 1185 1316 1249 tenus

259 1297 491 1391 permanebit.

310 1412 536 1504 Quamquam
566 1435 650 1508 ergo
679 1413 809 1483 merita
837 1410 1047 1505 pontificum
1075 1412 1315 1505 praedecesso-

260 1551 350 1612 rum,
375 1551 442 1599 nec
467 1529 599 1599 imitari
623 1550 820 1621 possumus,
846 1552 915 1599 nec
940 1527 1115 1622 condigne
1139 1546 1366 1621 pensare310

260 1644 388 1716 horum
413 1652 535 1715 tamen
564 1644 739 1738 spiritales
768 1642 908 1737 regulas
937 1641 1144 1714 medullitus
1173 1665 1317 1713 conser-

260 1784 396 1845 vamus,
413 1769 451 1832 et
468 1760 658 1833 salutiferis
681 1768 884 1831 sanctorum
905 1768 1048 1854 patrum
1069 1759 1238 1831 doctrinis
1260 1760 1316 1829 in-

260 1878 418 1960 nitimur,
447 1876 573 1968 hisque
597 1883 768 1968 tanquam
797 1874 1065 1971 inexpugnabili
1094 1897 1196 1946 muro
1222 1900 1317 1969 prae·

260 1994 378 2075 cincti,
404 1992 614 2063 confidimus
639 2000 769 2064 cuncta
793 1993 1017 2064 inimicorum
1041 1992 1125 2063 fidei
1150 1991 1224 2065 tela
1253 1993 1318 2062 de-

260 2117 406 2192 struere,
424 2117 462 2179 et
484 2109 673 2179 veritatem
695 2116 941 2202 oppugnantes
963 2116 1113 2191 mentes,
1131 2130 1255 2179 eorum
1277 2115 1365 2193 et15

259 2224 424 2319 praesidio
441 2230 479 2293 et
495 2225 689 2294 autoritate
704 2231 937 2317 prosternere.

310 2340 452 2411 Horum
475 2341 724 2411 traditionibus
747 2341 856 2433 juxta
881 2340 1115 2433 capacitatem
1137 2339 1316 2423 instructi,

260 2458 391 2528 devota
411 2457 657 2528 menteomni
687 2456 847 2529 ecclesiae
881 2456 1098 2550 profitemur,
1129 2466 1167 2527 et
1194 2480 1317 2527 coram

261 2573 341 2645 Deo
369 2574 665 2644 conscientiarum
692 2581 785 2644 teste
812 2574 1054 2659 satisfacimus,
1078 2597 1317 2667 quaecumque

260 2691 307 2763 ad
323 2690 556 2763 stabilitatem
573 2690 785 2763 Christianae
802 2689 982 2783 religionis
1002 2698 1040 2761 et
1061 2692 1316 2762 rectitudinem
1329 2722 1369 2762 20

260 2806 447 2880 catholicae
463 2807 546 2877 fidei
564 2815 774 2901 congruunt,
793 2809 888 2899 quod
905 2814 943 2877 et
965 2806 1125 2877 fidelium
1143 2806 1188 2877 de
1210 2807 1317 2878 nobis

261 2931 429 3017 expectat
459 2931 612 3017 optatus,
642 2931 681 2993 et
713 2923 837 2995 audire
866 2924 1028 3018 designat
1057 2925 1218 3008 intuitus,
1249 2948 1317 2996 nos

261 3040 426 3111 facturos.

312 3155 512 3249 Cognoscat
537 3155 658 3247 itaque
684 3164 801 3227 vestra
830 3156 984 3239 dilectio,
1015 3166 1053 3227 et
1083 3156 1221 3250 integra
1250 3180 1317 3228 nos

261 3270 500 3342 satisfactione
522 3270 724 3365 praedicare,
749 3280 881 3356 tenere,
899 3296 940 3343 ac
964 3272 1164 3357 defendere,
1187 3274 1317 3365 praedi-
1328 3300 1366 3359 25

260 3396 471 3479 'caturosque
496 3408 573 3457 esse
604 3386 759 3457 confidat
788 3388 895 3459 fidem
922 3388 1063 3471 Christi,
1094 3411 1200 3481 quam
1229 3411 1317 3481 apo-

262 3501 345 3572 stoli
378 3502 610 3587 tradiderunt,
640 3504 880 3596 apostolorum
911 3504 1073 3597 discipuli
1106 3504 1315 3587 docuerunt,

263 3640 457 3709 eorumque
482 3639 700 3689 successores
725 3620 909 3713 apostolici
934 3622 1044 3691 nostri
1071 3644 1113 3691 ac
1142 3620 1318 3713 probatis-

263 3736 343 3805 simi
381 3736 656 3827 praedecessores
697 3736 969 3808 immutabiliter
1008 3746 1237 3807 servaverunt
1254 3818 1257 3824 Δ
1273 3760 1317 3808 ac

264 3851 513 3923 defenderunt.
1326 3882 1365 3938 30

313 3966 459 4038 Etenim
481 3966 586 4060 hujus
608 3967 813 4060 apostolicae
843 3969 1042 4039 traditionis
1072 3991 1232 4040 normam
1263 3972 1318 4041 in-

264 4081 477 4154 violabiliter
503 4084 753 4168 custodiemus,
779 4107 886 4175 quam
912 4086 1153 4165 venerandum
1178 4097 1319 4158 sancto-

264 4222 344 4269 rum
366 4206 606 4269 trecentorum
632 4201 756 4270 decem
778 4209 816 4271 et
839 4210 921 4272 octo
946 4211 1088 4293 patrum
1114 4202 1317 4283 concilium,
