2867 4817
290 282 356 345 ³14
544 274 777 344 FIRMIANI
802 280 1077 346 LACTANTII

289 454 380 525 tauri
402 454 519 545 specie
536 452 733 547 figuratam.
785 451 846 523 Sic
869 452 995 524 Inachi
1017 452 1091 522 iilia
1113 474 1187 521 non
1213 453 1345 542 ntique

288 568 352 639 bos
385 568 480 639 facts
515 568 721 651 transnavit,
756 568 819 638 sed
855 568 1030 659 ejusmodi
1068 568 1211 660 navigio
1247 568 1344 636 iram
1430 649 1431 664 χ

288 682 313 753 J
314 684 439 753 unonis
456 683 590 777 effugit,
607 685 702 774 quod
719 684 876 754 habebat
895 683 997 753 bovis
1012 683 1173 752 formam.
1227 680 1346 753 Deni·
1430 667 1431 680 ¹

289 820 358 890 que
384 799 529 868 cumin
555 798 752 891 AEgyptum
777 796 896 868 delata
920 807 1024 879 esset,
1051 797 1117 867 isis
1145 805 1203 866 est
1233 798 1345 877 facta,

289 914 388 1006 cujus
404 914 584 1007 navigium
600 920 698 983 certo
715 913 870 1004 quodam
887 912 945 981 die
961 911 999 981 in
1019 911 1229 981 memoriam
1244 911 1346 1005 fugae

289 1026 498 1101 celebratur.

339 1197 452 1327 Vides
469 1278 563 1349 ergo,
581 1278 653 1326 non
673 1140 931 1348 ossbibpdbltds
948 1255 1168 1338 confinxisse,
1186 1266 1226 1327 et
1243 1254 1341 1352 (sor.

288 1371 349 1441 sed
371 1368 509 1465 Davo.)
537 1372 698 1463 quaedam
722 1370 970 1463 praefigurasse,
995 1379 1048 1453 ut,
1072 1393 1154 1441 cum
1180 1394 1268 1441 vera
1286 1374 1343 1443 di-

288 1494 418 1568 cerent,
445 1486 578 1577 aliquid
604 1485 676 1555 tale
703 1486 858 1555 numinis
882 1483 977 1580 (sor.
1004 1485 1205 1579 velaminis)
1229 1486 1342 1557 adde·

288 1610 368 1671 rent
393 1603 446 1684 iis,
479 1623 566 1692 quos
596 1604 681 1671 deos
707 1624 784 1670 esse
814 1600 999 1684 dicebant3
1028 1601 1120 1670 sicut
1149 1603 1263 1671 etiam
1291 1604 1340 1672 de

288 1717 426 1809 regnis;
452 1739 534 1786 cum
558 1718 653 1786 enim
676 1716 801 1786 dicunt
823 1716 952 1785 Jovem
969 1714 1049 1785 coeli
1072 1738 1223 1808 regnum
1241 1728 1339 1787 sorte

288 1832 452 1915 tenuisse,
477 1840 540 1901 sut
565 1830 761 1923 Olympum
785 1838 946 1901 montem
970 1830 1178 1923 significant,
1200 1831 1240 1901 in
1265 1856 1338 1925 quo

287 1946 490 2029 Saturnum,
517 1956 554 2017 et
576 1946 705 2016 Jovem
730 1947 968 2038 postmodum,
991 1944 1168 2016 habitasse
1195 1956 1339 2018 veteres

285 2064 437 2133 historiae
459 2064 622 2157 produnt,
640 2071 704 2132 aut
726 2072 862 2155 partem
885 2061 1050 2144 Orientis,
1068 2085 1149 2153 quae
1169 2063 1217 2134 sit
1234 2067 1338 2155 quasi

286 2180 453 2271 superior,
472 2180 567 2271 quod
592 2179 675 2248 inde
696 2178 760 2248 lux
780 2178 955 2261 nascitur;
981 2176 1187 2248 Occidentis
1210 2189 1337 2250 autem

286 2293 383 2364 velut
396 2295 549 2377 inferior,
563 2302 601 2363 et
615 2294 696 2363 ideo
710 2292 902 2363 Plutonem
918 2293 1049 2363 inferos
1062 2314 1138 2363 esse
1151 2296 1336 2379 sortitnm;

285 2430 381 2478 mare
405 2432 488 2478 vero
512 2410 656 2479 cessisse
683 2408 868 2500 Neptuno,
886 2409 980 2500 quod
998 2430 1095 2477 oram
1115 2409 1336 2480 maritimam

285 2546 367 2592 cum
394 2524 557 2595 omnibus
583 2524 705 2594 insulis
728 2524 932 2593 obtinuerit.
985 2522 1107 2593 Multa
1136 2525 1187 2593 sic
1218 2528 1336 2615 poiitae

284 2640 452 2725 colorant,
470 2643 564 2734 quod
586 2643 646 2735 qui
669 2642 841 2722 nesciunt,
864 2648 1035 2731 tanquam
1057 2641 1248 2711 mendaces
1271 2665 1334 2712 eos

284 2764 457 2849 arguunt;
484 2757 590 2827 verbo
616 2757 800 2836 duntaxat,
827 2777 909 2824 nam
931 2778 970 2824 re
1000 2756 1143 2846 quidem
1168 2757 1332 2837 credunt,

284 2874 450 2963 quonism
486 2874 632 2943 deorum
667 2871 855 2943 simulacra
883 2873 933 2941 sic
965 2872 1126 2965 fingunt;
1160 2881 1213 2954 ut,
1247 2896 1333 2943 cum

283 3009 398 3057 mares
422 3010 463 3058 ac
490 2988 645 3058 faeminas
671 2988 811 3068 faciant,
841 2994 879 3056 et
912 2986 1000 3056 alios
1029 2988 1207 3080 conjuges,
1241 2988 1333 3059 alios

283 3112 455 3195 parentes,
484 3103 571 3173 alios
600 3102 729 3173 liberos
758 3103 945 3185 fateantur,
975 3104 1089 3194 po'etis
1115 3104 1241 3195 utique
1274 3126 1333 3174 as-

282 3220 440 3289 sentiunt
476 3216 568 3313 (sor.
598 3219 790 3287 assentiant
826 3215 984 3309 Datioi:
1019 3216 1094 3289 haec
1120 3220 1218 3289 enim
1252 3221 1331 3290 sine

282 3344 381 3404 coitu
398 3344 435 3405 et
451 3334 678 3427 generatione
695 3356 772 3403 esse
789 3356 860 3403 non
876 3342 1033 3425 possunt.

675 3529 785 3600 CAP.
812 3529 923 3600 XIII.

332 3679 404 3749 Sed
421 3680 626 3748 omittamus
643 3698 728 3748 sane
748 3680 880 3769 poetas.
922 3674 983 3745 Ad
1006 3676 1189 3745 historiam
1207 3680 1328 3747 venia-

280 3816 368 3877 mus,
387 3816 463 3885 quae
485 3791 591 3863 simul
613 3800 651 3861 et
675 3814 794 3863 rerum
816 3792 886 3861 fide
909 3801 947 3861 et
971 3799 1172 3882 temporum
1197 3794 1328 3863 nititur

280 3918 467 3980 vetustate.
531 3908 752 3979 Euhemems
781 3906 850 3977 fuit
885 3905 1094 3989 Messenius,
1124 3909 1326 3999 antiquissi-

278 4046 358 4095 mus
383 4027 539 4119 scriptor,
563 4026 623 4117 qui
649 4026 694 4094 de
720 4025 825 4095 sacris
849 4024 1134 4115 inscriptionibus
1159 4034 1324 4095 veterum

278 4138 490 4231 templorum
508 4150 546 4211 et
569 4142 741 4235 originem
764 4139 874 4221 doris,
893 4149 930 4209 et
951 4160 1006 4209 res
1025 4148 1144 4231 gestas
1160 4162 1324 4211 omnem-
