2867 4817
267 304 331 371 286
440 304 641 371 ARNOBII
665 304 913 370 ADVERSUS
937 304 1124 369 GENTES

269 479 371 551 aliter
386 483 643 552 contumaciam
666 483 821 552 canceris
842 482 923 551 saevi
946 482 992 552 ad
1014 481 1233 552 mrbeundsm
1264 482 1316 551 ci·

271 597 435 667 ostricem
449 598 719 691 circumscriptis
732 598 1034 693 evaginationibus
1050 597 1313 690 compulerunt.

272 710 453 782 Incessum
478 712 540 784 illo
564 712 697 785 claudis
722 713 830 797 dedit,
848 716 962 785 risum
983 714 1175 786 luminibus
1200 715 1314 795 cresis,

272 829 501 922 interemptos
526 832 703 901 revocavit
731 832 776 902 ad
805 832 936 901 vitam:
970 854 1037 902 neo
1063 832 1181 902 minus
1207 840 1247 901 ct
1276 829 1314 899 hi

273 968 412 1039 quoque
444 947 722 1017 contractionem
757 946 958 1017 relaxavere
994 968 1193 1029 nervorum,
1232 945 1317 1017 luce

274 1060 394 1132 oculos
410 1062 600 1155 implevere
614 1062 691 1155 Jam
707 1062 854 1155 perdita,
871 1071 910 1132 11
931 1062 978 1132 ab
993 1062 1140 1134 tumulis
1156 1084 1316 1134 remeare

275 1178 458 1249 defunctos
475 1180 703 1271 exequiarum
720 1180 946 1249 conversione
956 1178 1148 1271 jusserunt.
1185 1179 1317 1273 Neque

275 1294 460 1387 quicquam
494 1308 548 1365 111
590 1294 636 1365 ab
672 1293 735 1364 illo
772 1304 912 1389 gestum
949 1317 1014 1389 per
1045 1296 1318 1367 admirationem

276 1411 497 1503 stupentibus
526 1414 672 1495 cunctis,
703 1413 797 1504 quod
826 1434 897 1482 non
927 1434 1032 1482 omne
1057 1411 1244 1483 donaverit
1268 1414 1320 1483 is·

152 1572 155 1575 -
276 1526 440 1597 ciendum
456 1526 609 1619 parvulis
626 1526 695 1597 illis
712 1542 749 1597 et
766 1527 913 1609 rusticis,
931 1535 1108 1597 eteorum
1126 1528 1320 1619 subjecerit

275 1645 452 1735 potestati.

327 1756 388 1829 LI.
420 1758 516 1843 Quid
546 1760 663 1831 dicitis
693 1758 715 1829 6
744 1768 883 1830 mentes
914 1758 1112 1840 incredula,
1145 1757 1321 1833 difficiles

278 1874 398 1947 durari
437 1875 542 1946 alicui
574 1898 620 1946 ne
652 1875 855 1947 mortalium
887 1875 1053 1969 luppiter
1080 1874 1143 1946 ille
1175 1874 1322 1969 Capito-

277 1990 370 2064 linus
398 1992 598 2086 hujusmodi
627 2000 840 2085 potestatem
871 1991 992 2063 dediti
1025 1991 1227 2075 Curionem,
1256 2001 1322 2063 snt

278 2110 481 2202 pontificem
514 2110 720 2192 maximum,
753 2111 910 2202 quinimo
942 2109 1072 2180 dialem
1099 2108 1210 2201 (quod
1244 2111 1324 2200 ejus

278 2225 347 2316 est)
368 2222 459 2320 (sor.
485 2248 555 2317 quo
582 2226 659 2295 dius
684 2233 749 2309 est,
769 2222 923 2318 Coloiuo)
948 2224 1126 2295 flaminem
1151 2224 1221 2295 isto
1238 2224 1323 2315 jure

279 2340 446 2412 donarit?
471 2341 556 2413 Non
582 2342 707 2429 dicam,
726 2353 767 2411 nt
792 2352 951 2413 mortuos
976 2342 1158 2423 excitaret,
1183 2362 1256 2409 non
1279 2349 1324 2409 ut

279 2456 378 2528 cacis
403 2458 604 2529 restitueret
629 2456 765 2528 lucem:
791 2480 862 2527 non
885 2467 927 2527 ut
950 2457 1188 2528 membrorum
1210 2457 1322 2526 situm

280 2574 454 2644 enervatis
483 2572 657 2658 redderet,
682 2583 720 2643 11
745 2573 944 2644 dissolutis:
978 2573 1040 2644 sed
1064 2581 1107 2644 ut
1130 2572 1322 2667 pustulam,

280 2689 470 2772 reduviam,
499 2688 675 2783 papulam,
706 2700 769 2762 aut
798 2692 894 2761 vocis
922 2691 1079 2782 imperio,
1104 2698 1167 2760 ant
1195 2710 1324 2759 manus

281 2808 558 2878 contrectatione
583 2808 840 2901 comprimeret.
893 2806 987 2903 Ergo
1015 2806 1102 2877 illud
1126 2806 1325 2876 humanum

282 2922 359 3007 fnit,
386 2932 448 2994 aut
472 2946 520 2996 ex
545 2946 606 2996 ore
630 2926 780 2995 terrenis
808 2923 1020 2995 stercoribus
1049 2925 1220 2993 innutrito
1249 2922 1325 2993 tale

282 3042 399 3135 potuit
418 3043 477 3134 jus
500 3040 586 3125 dari,
603 3042 685 3113 talis
710 3041 854 3113 licentis
877 3040 1057 3133 proficisci,
1080 3049 1118 3111 et
1139 3063 1210 3111 non
1234 3040 1325 3110 diri·

282 3180 368 3228 num
393 3168 431 3230 et
455 3158 617 3231 11111111
648 3168 711 3229 aut
728 3158 772 3247 <si
794 3157 947 3251 aliquam
969 3156 1242 3251 superlationem
1267 3180 1326 3229 res

284 3276 392 3371 capit)
422 3272 607 3369 plusquam
636 3275 805 3357 divinum,
832 3283 870 3344 et
898 3274 1061 3345 sacrum?
1095 3272 1191 3345 Nam
1216 3275 1248 3344 si
1273 3275 1325 3345 fs·

284 3394 355 3464 cias
379 3392 465 3486 ipse,
490 3391 584 3485 qnod
609 3394 729 3485 possis,
751 3400 790 3461 et
816 3390 910 3482 quod
935 3392 1005 3461 tuis
1030 3392 1077 3461 sit
1106 3388 1237 3462 viribus
1260 3414 1327 3485 po-

284 3508 508 3600 tentatuique
537 3509 757 3591 conveniens,
782 3508 966 3577 admiratio
995 3531 1066 3578 non
1095 3507 1203 3578 habet
1228 3508 1325 3600 quod

285 3623 470 3696 exclamet.
523 3622 566 3693 Id
591 3626 685 3695 enim
711 3623 806 3717 quod
830 3625 995 3716 potueris,
1019 3624 1151 3708 leceris,
1168 3634 1207 3695 et
1228 3624 1326 3716 quod

286 3749 448 3836 praestare
478 3740 639 3812 debuerit
666 3739 717 3811 vis
746 3752 818 3823 tua,
843 3749 885 3810 ut
914 3742 1027 3834 operis
1056 3750 1149 3813 esset
1176 3763 1257 3823 nna,
1287 3747 1327 3812 ct

286 3858 394 3951 ipsius
419 3856 480 3948 qui
506 3864 717 3947 operaretur,
746 3856 906 3949 qualitas.
955 3856 1199 3929 lisnseribere
1224 3878 1328 3950 posse

286 3970 520 4041 inhominem
538 3971 598 4064 jus
621 3979 745 4042 tuum:
775 3980 813 4042 et
833 3972 927 4065 quod
951 3973 1066 4044 iacere
1087 3974 1182 4045 solus
1205 3974 1328 4067 possis,

287 4086 514 4181 fragilissimae
548 4090 598 4159 rei
628 4087 773 4170 *donare
803 4098 841 4159 et
873 4090 1082 4182 participare
1115 4088 1329 4171 faciendum,

288 4224 391 4297 supra
416 4206 533 4277 omnia
558 4206 632 4277 1111
657 4214 712 4277 111
737 4205 932 4298 potestatis,
955 4208 1240 4301 continentisque
1262 4207 1331 4277 sub
