2867 4817
254 315 320 384 890
525 307 663 374 NOVAE
688 305 960 372 LECTIONES
983 305 1035 370 IN

256 483 341 569 l.31.
364 480 486 546 venerit
505 502 564 566 pro
583 478 758 546 advenerit.
811 478 935 561 P.239.
955 475 1047 540 lult.
1071 474 1235 539 Additum
1257 481 1308 538 ost

257 567 581 654 postutUomut).
627 565 665 627 P.
678 583 752 646 240.
767 563 852 626 1.11.
874 563 953 643 Quae
968 561 1075 661 omniu
1088 561 1309 646 220916012-

257 653 320 719 niu.
363 653 446 734 l.14
463 652 543 716 Post
557 650 703 714 omnibus
716 649 819 722 nobis,
831 670 904 713 uum
918 647 1073 711 universus
1084 647 1148 732 qui,
1158 646 1309 710 additum

257 746 308 804 est
324 740 409 823 (sor.
424 737 571 802 omnibus
585 735 755 814 vobiscum,
771 733 924 798 universis
938 733 1018 818 qui).

387 880 431 944 Iu
446 881 481 944 8.
493 879 650 965 Cypriani
664 879 713 943 Do
727 877 886 942 Idolorum
908 877 1051 942 Vanitato
1067 875 1177 940 Libro.

305 1001 344 1063 P.
355 1001 428 1083 258.
450 999 470 1063 l.
486 1020 533 1062 11.
557 1000 638 1063 Post
658 999 706 1063 itu
727 998 873 1063 additum
895 1005 945 1061 est
966 1019 1045 1062 osse.
1101 999 1139 1059 P.
1154 1011 1229 1080 259.
1244 995 1265 1057 l.
1277 997 1307 1057 6.

260 1084 410 1149 Doletum
431 1092 490 1157 ost,
507 1091 541 1147 et
563 1084 665 1148 Medi.
709 1085 730 1147 l.
743 1104 795 1170 32.
819 1083 961 1148 Stultum
980 1089 1014 1148 ot
1055 1083 1205 1167 rodigum
1221 1083 1305 1164 (sor.

260 1171 437 1255 proditum)
453 1169 565 1254 vulgus
584 1169 716 1233 inducit.
763 1171 801 1233 P.
816 1173 887 1235 260.
902 1169 924 1232 l.
936 1171 964 1232 8.
990 1170 1018 1231 A
1044 1169 1149 1232 ditum
1162 1175 1214 1231 est
1234 1173 1308 1252 post

259 1277 350 1319 veros
379 1258 459 1339 (sor.
482 1260 615 1337 servos).
661 1257 698 1319 P.
713 1258 785 1322 261.
809 1256 831 1318 l.
844 1275 895 1322 2ο.
919 1254 986 1318 Neu
1006 1254 1057 1317 liic
1077 1276 1137 1339 pro
1158 1275 1217 1316 200
1237 1253 1306 1315 hoo.

259 1342 280 1404 l.
294 1356 344 1424 27.
360 1340 509 1404 Delstum
523 1349 574 1404 est
590 1342 674 1424 (sor.
689 1362 785 1404 oensu
800 1341 928 1416 Aaou).
978 1341 1015 1402 P.
1031 1342 1102 1489 263.
1122 1339 1143 1402 l.
1159 1357 1211 1400 2ο.
1228 1339 1307 1422 Suu

259 1426 379 1510 pletum
393 1427 479 1510 quod
493 1447 601 1490 012010
616 1425 765 1490 omissum
781 1433 862 1505 erut,
877 1425 901 1488 J
901 1447 973 1490 esus
981 1434 1050 1510 post
1091 1425 1222 1488 hristus.

458 1592 502 1656 Iu
516 1592 549 1655 8.
565 1593 723 1676 Cypriani
736 1593 785 1655 Do
799 1591 991 1656 Monoliluts
1006 1588 1110 1654 Libro.

305 1693 344 1754 Ρ.
361 1695 434 1759 266.
456 1692 476 1755 l.
496 1711 543 1776 13.
568 1693 713 1756 Positum
729 1699 779 1757 est
793 1700 866 1778 post
881 1693 996 1777 parvis,
1012 1713 1075 1755 202
1090 1697 1165 1776 post
1179 1711 1308 1775 magus,

261 1777 405 1841 inuisum.
450 1778 488 1840 P.
505 1780 578 1859 267.
604 1779 624 1842 l.
642 1799 671 1862 9.
690 1779 852 1842 Securitas
872 1800 930 1863 pro
946 1778 1068 1842 laetitiu.
1114 1777 1134 1840 l.
1157 1795 1208 1842 2ο.
1237 1775 1308 1838 Α6·

261 1863 365 1927 ditum
388 1871 439 1927 est
462 1870 537 1948 post
558 1863 673 1928 invitat
697 1865 780 1947 (sor.
802 1864 936 1946 irritat).
980 1865 1019 1926 Ρ.
1033 1881 1105 1944 272.
1128 1863 1149 1924 l.
1169 1881 1220 1940 14.
1246 1860 1308 1924 De·

261 1948 363 2012 letum
376 1956 426 2012 est
441 1949 539 2012 Navis
556 1955 633 2013 ants
647 1949 861 2033 Guberuator.
906 1951 944 2012 P.
962 1967 1033 2036 273.
1054 1949 1076 2010 l.
1093 1968 1144 2015 20.
1168 1947 1307 2031 Oportet

261 2055 320 2118 pro
335 2040 394 2098 est.
453 2035 491 2096 P.
505 2052 576 2114 274
592 2034 613 2096 l.
625 2036 673 2097 18.
698 2034 915 2098 substitutum
931 2043 981 2099 est
1002 2041 1076 2119 post
1097 2039 1131 2097 et
1153 2032 1309 2116 temporis

264 2119 347 2202 (for.
377 2127 411 2182 et
439 2120 626 2200 terroribus)
657 2141 718 2204 pro
749 2121 831 2204 (sor.
862 2120 1030 2183 delendum
1058 2121 1117 2200 et).
1177 2120 1215 2180 P.
1234 2121 1308 2198 278.

261 2202 283 2267 l.
298 2205 345 2268 18.
372 2203 406 2268 Si
428 2204 524 2268 fidem
544 2205 648 2268 verbis
670 2213 703 2268 st
725 2205 887 2290 promissis
909 2207 977 2290 ejus
999 2205 1165 2282 habemus,
1184 2211 1218 2267 et
1244 2225 1309 2266 202

262 2289 427 2368 morimur,
436 2312 494 2375 pro
504 2290 860 2354 fidum-hubeumus
871 2312 935 2353 202
944 2290 1100 2354 morituri.
1143 2288 1164 2352 l.
1178 2291 1229 2355 26.
1248 2288 1310 2352 Ro·

263 2375 394 2438 lormuri
416 2397 475 2460 pro
494 2374 725 2440 transformari.
771 2377 808 2440 Ρ.
823 2373 931 2443 2821.
946 2396 975 2443 2.
998 2376 1149 2440 Deletum
1168 2383 1217 2438 est
1236 2397 1309 2460 pos-

264 2481 371 2524 simus.

379 2627 422 2688 Iu
435 2627 471 2689 8.
481 2626 638 2712 Cypriani
652 2625 748 2690 Libro
761 2629 813 2692 Do
829 2629 926 2715 Opere
939 2638 967 2692 ot
980 2627 1195 2711 8610201726.

308 2726 346 2788 P.
360 2726 431 2793 286.
455 2725 476 2789 l.
489 2729 519 2789 6.
540 2726 700 2791 Additum
723 2735 773 2792 est
792 2729 871 2793 diost
893 2735 967 2814 post
987 2729 1123 2814 totuis.
1178 2728 1216 2791 P.
1235 2746 1309 2812 293.
1430 2735 1431 2798 i

263 2810 286 2873 l.
298 2813 348 2877 26.
392 2811 541 2876 Doletum
556 2819 606 2876 ost
625 2819 658 2876 et
677 2820 754 2877 auto
774 2814 984 2892 Dominiuum,
999 2814 1105 2900 positu
1118 2813 1311 2878 206212102-

263 2896 398 2982 rogandi
411 2904 486 2981 post
499 2897 607 2961 sumis.
649 2898 686 2961 P.
698 2918 772 2982 304.
787 2899 809 2988 l.
819 2900 876 2963 ult.
891 2900 1012 2964 ruditus
1026 2921 1085 2985 pro
1099 2900 1255 2964 redditus.

437 3039 480 3101 Iu
494 3041 527 3102 S.
542 3041 699 3124 Cypriani
712 3039 808 3104 Libro
822 3043 871 3105 Do
884 3041 959 3106 Zelo
972 3052 1000 3106 et
1014 3044 1135 3107 Lioors.

310 3142 348 3205 P.
363 3155 438 3226 305.
452 3140 473 3202 l.
485 3141 514 3202 8.
539 3141 701 3205 Additum
720 3150 769 3206 est
788 3151 862 3226 post
881 3151 1033 3228 provocat
1053 3145 1136 3227 (sor.
1156 3153 1313 3229 provocat

266 3227 308 3290 ud
322 3225 544 3310 petulantium.
587 3226 609 3291 l.
621 3227 652 3290 6.
667 3226 828 3292 Additum
842 3239 892 3293 est
907 3237 980 3314 post
999 3230 1209 3315 petulantium
1227 3233 1312 3314 (sor.

266 3311 449 3376 violentiam
463 3311 632 3392 vid.uot.).
677 3312 716 3376 P.
727 3330 801 3398 307.
817 3313 837 3375 l.
850 3336 879 3399 9.
896 3316 965 3379 miti
976 3317 1107 3381 leuitate
1117 3337 1177 3400 pro
1187 3317 1311 3394 mitem,
1430 3331 1431 3344 ¹

266 3397 409 3461 lenitate.
454 3397 493 3459 P.
505 3400 579 3479 316.
598 3397 619 3460 l.
634 3416 662 3464 2.
682 3397 843 3463 laborabis
864 3422 923 3484 pro
943 3401 1077 3465 labores.
1135 3401 1157 3466 l.
1176 3423 1226 3487 19.
1246 3403 1314 3466 Re·

267 3483 398 3546 duotum
413 3494 463 3545 est
478 3481 600 3546 uoelesti
614 3489 689 3567 post
703 3483 882 3549 nativitato.

429 3646 471 3709 Iu
485 3647 612 3710 Niooeui
628 3647 763 3712 Consilii
776 3649 954 3732 8322606101
971 3649 1148 3716 Oauouilus.

311 3749 350 3811 P.
361 3766 380 3833 3
383 3763 436 3832 52.
455 3748 475 3810 l.
486 3767 518 3832 5.
540 3747 726 3813 homousion
739 3771 799 3834 pro
814 3751 1029 3818 homoousion.
1084 3754 1122 3817 P.
1134 3774 1152 3838 3
1156 3770 1208 3839 54.
1225 3756 1246 3818 l.
1265 3771 1312 3835 17.

269 3833 441 3932 Frunuisoo
463 3855 522 3933 pro
544 3835 653 3933 Putro.
710 3835 748 3898 P.
763 3851 838 3922 359.
854 3838 919 3900 ool.
934 3857 962 3901 2.
985 3839 1006 3902 l.
1019 3841 1048 3902 6.
1074 3841 1236 3904 Additum
1262 3847 1313 3904 est

267 3927 341 4004 post
356 3920 549 3998 civitatibus,
564 3941 630 3983 sivo
644 3919 782 3984 castellis
800 3922 874 4004 (vid.
890 3922 978 3988 Edit.
995 3925 1098 3988 Puris.
1113 3947 1166 3989 uu.
1181 3927 1292 4008 1687.)

404 4085 448 4147 Iu
464 4077 597 4148 Consilii
611 4085 780 4150 CPolitaui
796 4087 970 4152 021102ἰό21
983 4099 1011 4152 ot
1025 4089 1171 4173 Symbola

310 4199 349 4264 P.
360 4201 435 4285 378.
450 4200 471 4263 l.
482 4223 514 4281 4.
530 4203 727 4268 Addeudum
737 4212 788 4269 est
803 4214 877 4290 post
888 4217 1055 4290 122021κοῖ1
1064 4211 1146 4290 ἡμῶν
1159 4213 1174 4293 (
1199 4235 1245 4276 ur.
1254 4239 1313 4278 xos-
