2867 4817
274 293 339 357 182
609 292 990 357 ANNOTATIONES

276 462 358 529 Haee
379 462 581 549 reperiuntur
601 462 635 527 in
649 464 809 529 vetustiss
824 461 1008 547 exemplari,
1021 484 1125 549 neque
1145 462 1327 547 spernenda

275 556 359 614 sunt.
398 549 479 613 Post
494 548 549 613 illa
562 570 654 614 vero:
679 551 746 614 Per
755 549 892 614 mahtim
905 570 990 634 qum,
1006 547 1153 633 seqnitur
1164 548 1200 615 in
1211 549 1327 615 wem

276 634 458 719 exemplari,
473 635 594 720 absque
608 635 673 701 ulla
686 636 900 713 distinetione,
915 636 1075 721 Diepoeitu
1094 635 1274 713 maritima
1290 644 1329 697 nt

274 731 304 787 ot
363 722 468 806 aprio
488 742 594 807 merae
608 721 717 807 plures
737 732 766 787 et
778 722 992 787 menterioni
1006 724 1063 785 tre.
1079 742 1151 805 qum
1164 721 1329 786 habentur

275 807 296 871 l.
332 808 395 873 ‚de
411 807 506 872 Cultu
523 806 614 871 Fem.
633 830 665 893 p.
683 822 733 891 79.
756 807 885 871 Rreanr.
930 807 992 887 Qui
1013 807 1083 873 haeo
1103 829 1207 892 panea
1226 806 1328 871 verbe

276 915 376 1045 llll?
388 893 1084 1065 ”llttulttdtlttttlttt
1095 892 1117 955 ¹·
1135 910 1186 958 ²²·
1203 893 1328 979 ΡΜ

319 1065 356 1128 P.
377 1085 447 1150 1¹3·
463 1065 484 1129 l.
503 1084 551 1129 ao.
577 1064 723 1130 lenonem
744 1066 984 1152 operositatem]
1003 1064 1141 1149 Oonjieit
1156 1064 1328 1130 Sebutzius

275 1151 447 1219 himinam
463 1151 649 1236 (lenoniam)
665 1174 735 1217 esse
747 1152 925 1239 legendum.

321 1235 402 1301 lbid.
418 1236 439 1299 l.
459 1256 508 1321 23.
532 1238 636 1322 quasi]
661 1239 743 1303 (lum
763 1238 824 1303 hae
849 1259 925 1302 voee
949 1238 1062 1322 incipit
1085 1259 1201 1301 novum
1225 1244 1328 1321 atque

275 1322 397 1409 insigne
411 1322 505 1408 hujus
519 1323 615 1387 libelli
630 1333 846 1410 augmentum,
862 1323 1093 1389 Tertullianum
1107 1323 1182 1387 stilo
1195 1322 1328 1388 omnino

275 1408 424 1485 referens,
440 1432 480 1473 ex
501 1409 608 1473 eodiee
623 1411 838 1475 Ambrosiano
859 1433 881 1475 a
907 1409 1089 1475 anterio
1110 1410 1327 1494 desumptum.

277 1494 385 1561 Oodex
411 1502 519 1559 autem
548 1496 625 1583 ipse,
652 1498 700 1562 uti
728 1497 870 1562 ostendit
898 1496 983 1560 idem
1004 1496 1052 1559 vir
1077 1496 1231 1571 eruditus,
1251 1517 1328 1559 eum

276 1580 367 1646 initio
390 1604 427 1645 oa
450 1582 504 1645 itis
524 1582 598 1647 noni
622 1604 712 1647 orsus
737 1591 818 1647 erat.
863 1581 975 1646 Verba
995 1582 1127 1659 interea,
1150 1582 1232 1667 quod
1246 1604 1326 1667 pm·

276 1668 387 1731 erbeus
463 1678 588 1733 creater
609 1691 671 1754 pe
698 1670 845 1745 anesin,
876 1690 947 1754 quae
977 1668 1073 1733 leetio
1100 1674 1152 1732 est
1180 1667 1327 1753 uiguit,

277 1753 403 1838 praetuli
428 1754 666 1831 Muratorianae,
681 1756 760 1841 quid
773 1755 945 1841 Μίνω
966 1752 1135 1819 ommam
1145 1776 1181 1839 p.
1197 1776 1224 1819 o.
1269 1754 1329 1817 nd

276 1861 403 1905 sensum
420 1861 529 1904 eorum
544 1842 630 1926 quod
651 1842 778 1919 attinet,
794 1840 979 1905 adverbium
990 1842 1166 1941 promtum
1181 1840 1268 1905 varie
1285 1862 1330 1904 ae

276 1925 517 2094 divemffiglem
538 1926 698 1991 indieatur
718 1928 934 2013 superioribus
954 1926 1025 2007 illis,
1040 1926 1174 1991 mrim
1187 1924 1328 1991 odmu-

276 2012 396 2075 tioaise
451 2013 479 2076 ἰ.

320 2096 401 2161 Ibid.
417 2098 437 2161 l.
453 2118 508 2181 30.
522 2098 593 2163 Ant
608 2101 721 2188 quum]
738 2100 767 2164 F
768 2122 815 2165 or.
830 2101 879 2165 At
934 2122 996 2163 ma.

320 2183 358 2247 P.
374 2204 443 2263 1¹4·
457 2184 477 2247 l.
491 2204 518 2249 1.
536 2184 597 2265 Qui
612 2184 660 2249 ita
673 2185 866 2272 eoneedunt]
913 2208 959 2250 or.
977 2185 1039 2265 Qui
1053 2186 1100 2250 ita
1114 2185 1325 2261 contendunt,

276 2268 362 2354 quod
387 2270 514 2355 quidem
536 2273 666 2336 verbum
692 2294 767 2337 mox
792 2272 900 2349 habes,
927 2272 975 2337 vel
997 2272 1113 2337 saltem
1135 2272 1327 2350 mecludm,

276 2376 311 2419 re
334 2356 492 2421 onendum
506 2362 565 2422 est.

311 2378 401 2505 1ibid.
433 2442 453 2507 l.
480 2462 512 2523 4.
542 2443 718 2529 inveniunt]
752 2445 827 2509 For.
856 2444 1034 2531 legendum,
1064 2444 1233 2523 invenient,
1264 2444 1330 2509 nisi

276 2527 379 2593 altera
393 2528 487 2593 leetio
501 2527 632 2595 ferenda
646 2530 699 2595 sit.

321 2613 402 2678 Ibid.
418 2614 437 2677 l.
455 2617 485 2677 6.
502 2614 657 2679 meliorem
672 2623 707 2681 et
715 2618 871 2700 ferinam
885 2638 923 2681 ee
966 2617 1134 2705 ominavit]
1152 2617 1226 2682 Hoe
1239 2618 1279 2682 lit
1291 2617 1328 2681 in

277 2700 594 2785 interpretationibus
609 2702 783 2788 Scriptura
797 2724 897 2768 saerae
961 2704 1048 2767 tinis.
1093 2704 1172 2784 Quae
1186 2726 1261 2768 vero
1276 2704 1329 2769 bis

276 2786 520 2873 subjunguntur,
542 2788 705 2871 senilium,
735 2811 799 2874 que
825 2810 912 2853 eonas
936 2788 1129 2874 generalitor,
1158 2790 1327 2867 muleram,

276 2894 338 3022 guo
349 2873 467 2957 eredes
479 2895 566 2937 saeuo
578 2875 761 2959 specialiter,
776 2897 816 2940 ea
836 2882 991 2960 tanquam
1011 2874 1181 2961 glossatori
1198 2876 1328 2941 ebidem

300 2958 395 3035 obita,
413 2959 501 3023 unois
523 2959 655 3033 inelusi;
680 2960 799 3047 quippe
812 2983 884 3025 eum
900 2962 995 3046 plane
1008 2962 1171 3026 contraria
1184 2962 1251 3026 sint
1264 2964 1327 3049 ipsi

277 3043 473 3109 Tertulliano
502 3046 667 3125 statuenti,
696 3046 855 3113 mulierem
882 3070 977 3112 sexus
1005 3069 1075 3111 esse
1103 3069 1228 3125 nomen,
1260 3070 1326 3114 uon

275 3130 411 3217 gradum
426 3152 528 3195 sexus.

321 3214 403 3279 Ibid.
418 3214 439 3280 l.
458 3218 486 3281 8.
504 3216 519 3279 Ι
578 3240 619 3282 ue
637 3218 705 3302 jam
720 3227 797 3285 tune
818 3219 954 3305 innupta
974 3220 1079 3285 adhue
1094 3220 1164 3285 Eue
1184 3221 1326 3287 mulieris

276 3300 429 3366 vocabulo
448 3302 523 3387 luit]
579 3311 701 3369 ortasse
722 3306 932 3382 seribendum,
949 3305 1004 3370 Ita
1018 3308 1093 3391 qnia
1106 3306 1177 3391 ybm
1191 3316 1264 3371 tuae
1277 3308 1326 3371 in·

274 3408 297 3451 a
339 3396 373 3451 te
386 3386 486 3451 adhue
499 3388 571 3453 Eoo
585 3390 797 3457 subveniretis
818 3390 957 3457 vocabule
968 3394 1051 3476 fuit.
1096 3392 1209 3457 Habes
1230 3394 1324 3471 inira,

352 3474 415 3537 oiri
439 3475 565 3553 aomina
586 3484 628 3553 et,
650 3476 704 3543 aab
723 3480 842 3543 nomino
866 3477 1014 3545 mulera,
1057 3479 1219 3545 Ooeterum
1239 3479 1326 3545 idem

274 3558 444 3625 adducitur
458 3582 479 3625 a
494 3560 689 3629 Tertulliano
704 3574 927 3652 argumentum
941 3564 974 3628 in
991 3563 1073 3630 libro
1087 3566 1125 3631 de
1147 3566 1327 3652 Virginibus

284 3644 437 3724 Valentia,
452 3670 523 3732 eep.
538 3670 570 3731 5.

319 3732 402 3799 Ibid.
418 3732 437 3795 l.
457 3754 503 3819 13.
526 3734 738 3815 divinitatum,
761 3744 796 3801 et
821 3736 887 3822 illa]
915 3737 993 3802 For.
1016 3738 1237 3825 oorrigendnm
1263 3750 1323 3819 est,

275 3818 389 3897 divino,
406 3826 475 3885 tum
490 3830 518 3885 et
534 3819 600 3886 ile.

319 3904 399 3969 Ibid.
416 3906 435 3969 l.
455 3910 505 3971 16.
522 3928 586 3973 non
600 3909 731 3992 sonant]
749 3908 879 3994 (lonigo
893 3921 1063 3975 mmet.

319 3991 401 4056 Ibid.
417 3992 439 4055 l.
459 3994 507 4057 18.
524 3993 578 4058 ubi
600 3994 640 4058 de
660 3994 808 4059 nubendo
828 3995 938 4084 doeet]
962 3997 1058 4063 Certe
1079 3998 1175 4082 paulo
1195 4008 1270 4084 post
1291 4001 1326 4063 in

274 4079 385 4143 eodem
408 4078 471 4144 isto
492 4102 561 4165 eap.
587 4080 638 4144 vii.
659 4080 786 4145 Priore
806 4081 911 4167 Epist.
933 4083 979 4148 ed
1008 4084 1185 4163 Oodnttioa
1209 4106 1324 4150 eomm.

273 4162 643 4317 realitate
656 4166 789 4318 lntb
801 4170 861 4319 :l
873 4169 1072 4321 lautu
1096 4180 1324 4237 “mm
