<?xml version="1.0" encoding="UTF-8"?>
<!DOCTYPE html PUBLIC "-//W3C//DTD XHTML 1.0 Transitional//EN"
    "http://www.w3.org/TR/xhtml1/DTD/xhtml1-transitional.dtd">
<html xmlns="http://www.w3.org/1999/xhtml" xml:lang="en" lang="en">
 <head>
  <title>
</title>
<meta http-equiv="Content-Type" content="text/html;charset=utf-8" />
  <meta name='ocr-system' content='tesseract 3.04.00' />
  <meta name='ocr-capabilities' content='ocr_page ocr_carea ocr_par ocr_line ocrx_word'/>
</head>
<body>
  <div class='ocr_page' id='page_1' title='image "./scriptorumeccle03routgoog_0178.png"; bbox 0 0 2867 4817; ppageno 0'>
   <div class='ocr_carea' id='block_1_1' title="bbox 261 315 1006 385">
    <p class='ocr_par' dir='ltr' id='par_1_1' title="bbox 261 315 1006 385">
     <span class='ocr_line' id='line_1_1' title="bbox 261 315 1006 385; baseline -0.003 -2"><span class='ocrx_word' id='word_1_1' title='bbox 261 317 328 385; x_wconf 70' lang='lat'>162</span> <span class='ocrx_word' id='word_1_2' title='bbox 571 318 820 383; x_wconf 82' lang='lat' dir='ltr'>ADVERSUS</span> <span class='ocrx_word' id='word_1_3' title='bbox 843 315 1006 383; x_wconf 83' lang='lat' dir='ltr'>OMNES</span> 
     </span>
    </p>
   </div>
   <div class='ocr_carea' id='block_1_2' title="bbox 260 490 1366 4324">
    <p class='ocr_par' dir='ltr' id='par_1_2' title="bbox 260 490 1366 4324">
     <span class='ocr_line' id='line_1_2' title="bbox 260 490 1311 587; baseline -0.009 -21"><span class='ocrx_word' id='word_1_4' title='bbox 260 496 328 566; x_wconf 91' lang='lat' dir='ltr'>nisi</span> <span class='ocrx_word' id='word_1_5' title='bbox 357 494 395 566; x_wconf 90' lang='lat' dir='ltr'>in</span> <span class='ocrx_word' id='word_1_6' title='bbox 421 495 564 565; x_wconf 91' lang='lat' dir='ltr'>nomine</span> <span class='ocrx_word' id='word_1_7' title='bbox 589 517 653 566; x_wconf 90' lang='lat' dir='ltr'>suo</span> <span class='ocrx_word' id='word_1_8' title='bbox 675 494 876 587; x_wconf 89' lang='lat' dir='ltr'>baptizatus</span> <span class='ocrx_word' id='word_1_9' title='bbox 898 492 1033 562; x_wconf 91' lang='lat' dir='ltr'>fuisset.</span> <span class='ocrx_word' id='word_1_10' title='bbox 1084 490 1236 560; x_wconf 87' lang='lat' dir='ltr'>Secutus</span> <span class='ocrx_word' id='word_1_11' title='bbox 1252 494 1311 559; x_wconf 87' lang='lat' dir='ltr'>est</span> 
     </span>
     <span class='ocr_line' id='line_1_3' title="bbox 260 606 1312 706; baseline -0.008 -24"><span class='ocrx_word' id='word_1_12' title='bbox 260 612 433 706; x_wconf 81' lang='lat' dir='ltr'>posthac</span> <span class='ocrx_word' id='word_1_13' title='bbox 450 620 488 682; x_wconf 90' lang='lat' dir='ltr'>et</span> <span class='ocrx_word' id='word_1_14' title='bbox 506 609 728 693; x_wconf 87' lang='lat' dir='ltr'>Saturninus,</span> <span class='ocrx_word' id='word_1_15' title='bbox 745 606 858 680; x_wconf 92' lang='lat' dir='ltr'>ethic</span> <span class='ocrx_word' id='word_1_16' title='bbox 876 607 1039 678; x_wconf 86' lang='lat' dir='ltr'>similiter</span> <span class='ocrx_word' id='word_1_17' title='bbox 1055 607 1176 677; x_wconf 88' lang='lat' dir='ltr'>dicens</span> <span class='ocrx_word' id='word_1_18' title='bbox 1193 607 1312 674; x_wconf 88' lang='lat' dir='ltr'>innas-</span> 
     </span>
     <span class='ocr_line' id='line_1_4' title="bbox 261 721 1312 811; baseline -0.008 -13"><span class='ocrx_word' id='word_1_19' title='bbox 261 728 404 799; x_wconf 89' lang='lat' dir='ltr'>cibilem</span> <span class='ocrx_word' id='word_1_20' title='bbox 429 729 609 811; x_wconf 87' lang='lat' dir='ltr'>virtutem,</span> <span class='ocrx_word' id='word_1_21' title='bbox 632 727 669 797; x_wconf 92' lang='lat' dir='ltr'>id</span> <span class='ocrx_word' id='word_1_22' title='bbox 699 736 754 797; x_wconf 88' lang='lat' dir='ltr'>est</span> <span class='ocrx_word' id='word_1_23' title='bbox 783 724 912 807; x_wconf 90' lang='lat' dir='ltr'>Deum,</span> <span class='ocrx_word' id='word_1_24' title='bbox 938 726 975 794; x_wconf 95' lang='lat' dir='ltr'>in</span> <span class='ocrx_word' id='word_1_25' title='bbox 1006 724 1152 794; x_wconf 89' lang='lat' dir='ltr'>summis</span> <span class='ocrx_word' id='word_1_26' title='bbox 1179 730 1216 792; x_wconf 89' lang='lat' dir='ltr'>et</span> <span class='ocrx_word' id='word_1_27' title='bbox 1239 721 1312 791; x_wconf 95' lang='lat' dir='ltr'>illis</span> 
     </span>
     <span class='ocr_line' id='line_1_5' title="bbox 261 838 1311 936; baseline -0.006 -22"><span class='ocrx_word' id='word_1_28' title='bbox 261 844 407 914; x_wconf 88' lang='lat' dir='ltr'>infinitis</span> <span class='ocrx_word' id='word_1_29' title='bbox 431 843 600 936; x_wconf 86' lang='lat' dir='ltr'>partibus,</span> <span class='ocrx_word' id='word_1_30' title='bbox 622 838 661 914; x_wconf 85' lang='lat' dir='ltr'>et</span> <span class='ocrx_word' id='word_1_31' title='bbox 683 844 722 912; x_wconf 91' lang='lat' dir='ltr'>iu</span> <span class='ocrx_word' id='word_1_32' title='bbox 749 842 986 934; x_wconf 86' lang='lat' dir='ltr'>superioribus</span> <span class='ocrx_word' id='word_1_33' title='bbox 1012 862 1177 923; x_wconf 87' lang='lat' dir='ltr'>manere;</span> <span class='ocrx_word' id='word_1_34' title='bbox 1202 839 1311 933; x_wconf 85' lang='lat' dir='ltr'>longe</span> 
     </span>
     <span class='ocr_line' id='line_1_6' title="bbox 261 956 1339 1054; baseline -0.004 -24"><span class='ocrx_word' id='word_1_35' title='bbox 261 969 382 1031; x_wconf 91' lang='lat' dir='ltr'>autem</span> <span class='ocrx_word' id='word_1_36' title='bbox 400 961 570 1030; x_wconf 87' lang='lat' dir='ltr'>distantes</span> <span class='ocrx_word' id='word_1_37' title='bbox 594 960 641 1031; x_wconf 87' lang='lat' dir='ltr'>ab</span> <span class='ocrx_word' id='word_1_38' title='bbox 665 959 734 1030; x_wconf 91' lang='lat' dir='ltr'>hoc</span> <span class='ocrx_word' id='word_1_39' title='bbox 760 959 903 1054; x_wconf 82' lang='lat' dir='ltr'>angelos</span> <span class='ocrx_word' id='word_1_40' title='bbox 929 958 1112 1029; x_wconf 86' lang='lat' dir='ltr'>inferiores</span> <span class='ocrx_word' id='word_1_41' title='bbox 1134 956 1339 1026; x_wconf 82' lang='lat' dir='ltr'>mundums</span> 
     </span>
     <span class='ocr_line' id='line_1_7' title="bbox 262 1072 1312 1170; baseline -0.005 -25"><span class='ocrx_word' id='word_1_42' title='bbox 262 1078 407 1161; x_wconf 88' lang='lat' dir='ltr'>fecisse;</span> <span class='ocrx_word' id='word_1_43' title='bbox 432 1085 470 1147; x_wconf 92' lang='lat' dir='ltr'>et</span> <span class='ocrx_word' id='word_1_44' title='bbox 495 1078 579 1169; x_wconf 89' lang='lat' dir='ltr'>quia</span> <span class='ocrx_word' id='word_1_45' title='bbox 602 1076 767 1170; x_wconf 84' lang='lat' dir='ltr'>splendor</span> <span class='ocrx_word' id='word_1_46' title='bbox 792 1076 935 1168; x_wconf 90' lang='lat' dir='ltr'>quidam</span> <span class='ocrx_word' id='word_1_47' title='bbox 958 1073 1102 1145; x_wconf 91' lang='lat' dir='ltr'>luminis</span> <span class='ocrx_word' id='word_1_48' title='bbox 1126 1072 1312 1142; x_wconf 84' lang='lat' dir='ltr'>desursum</span> 
     </span>
     <span class='ocr_line' id='line_1_8' title="bbox 262 1186 1312 1277; baseline -0.007 -13"><span class='ocrx_word' id='word_1_49' title='bbox 262 1196 297 1264; x_wconf 90' lang='lat' dir='ltr'>in</span> <span class='ocrx_word' id='word_1_50' title='bbox 331 1195 553 1265; x_wconf 90' lang='lat' dir='ltr'>inferioribus</span> <span class='ocrx_word' id='word_1_51' title='bbox 587 1192 790 1277; x_wconf 83' lang='lat' dir='ltr'>refulsisset,</span> <span class='ocrx_word' id='word_1_52' title='bbox 825 1194 870 1263; x_wconf 93' lang='lat' dir='ltr'>ad</span> <span class='ocrx_word' id='word_1_53' title='bbox 905 1191 1172 1262; x_wconf 90' lang='lat' dir='ltr'>similitudinem</span> <span class='ocrx_word' id='word_1_54' title='bbox 1214 1186 1312 1257; x_wconf 89' lang='lat' dir='ltr'>illius</span> 
     </span>
     <span class='ocr_line' id='line_1_9' title="bbox 262 1306 1313 1407; baseline -0.007 -26"><span class='ocrx_word' id='word_1_55' title='bbox 262 1312 405 1381; x_wconf 91' lang='lat' dir='ltr'>luminis</span> <span class='ocrx_word' id='word_1_56' title='bbox 430 1310 574 1405; x_wconf 86' lang='lat' dir='ltr'>angelos</span> <span class='ocrx_word' id='word_1_57' title='bbox 599 1308 692 1407; x_wconf 84' lang='lat' dir='ltr'>(sor.</span> <span class='ocrx_word' id='word_1_58' title='bbox 719 1308 848 1381; x_wconf 70' lang='lat' dir='ltr'>deleted.</span> <span class='ocrx_word' id='word_1_59' title='bbox 879 1312 975 1402; x_wconf 84' lang='lat' dir='ltr'>ang.)</span> <span class='ocrx_word' id='word_1_60' title='bbox 1004 1307 1185 1377; x_wconf 83' lang='lat' dir='ltr'>hominem</span> <span class='ocrx_word' id='word_1_61' title='bbox 1211 1306 1313 1375; x_wconf 88' lang='lat' dir='ltr'>insti-</span> 
     </span>
     <span class='ocr_line' id='line_1_10' title="bbox 262 1424 1313 1520; baseline -0.005 -23"><span class='ocrx_word' id='word_1_62' title='bbox 262 1436 364 1497; x_wconf 87' lang='lat' dir='ltr'>tuere</span> <span class='ocrx_word' id='word_1_63' title='bbox 386 1425 531 1520; x_wconf 85' lang='lat' dir='ltr'>angelos</span> <span class='ocrx_word' id='word_1_64' title='bbox 554 1450 713 1497; x_wconf 78' lang='lat' dir='ltr'>curasse:</span> <span class='ocrx_word' id='word_1_65' title='bbox 749 1426 844 1496; x_wconf 89' lang='lat' dir='ltr'>hunc</span> <span class='ocrx_word' id='word_1_66' title='bbox 874 1448 980 1518; x_wconf 91' lang='lat' dir='ltr'>super</span> <span class='ocrx_word' id='word_1_67' title='bbox 1005 1434 1136 1495; x_wconf 88' lang='lat' dir='ltr'>terram</span> <span class='ocrx_word' id='word_1_68' title='bbox 1156 1424 1313 1516; x_wconf 88' lang='lat' dir='ltr'>jacuisse</span> 
     </span>
     <span class='ocr_line' id='line_1_11' title="bbox 261 1540 1363 1639; baseline -0.006 -26"><span class='ocrx_word' id='word_1_69' title='bbox 261 1552 482 1637; x_wconf 86' lang='lat' dir='ltr'>reptantem:</span> <span class='ocrx_word' id='word_1_70' title='bbox 508 1545 608 1636; x_wconf 90' lang='lat' dir='ltr'>cujus</span> <span class='ocrx_word' id='word_1_71' title='bbox 626 1540 720 1639; x_wconf 79' lang='lat' dir='ltr'>(sor.</span> <span class='ocrx_word' id='word_1_72' title='bbox 741 1546 813 1638; x_wconf 74' lang='lat' dir='ltr'>cui)</span> <span class='ocrx_word' id='word_1_73' title='bbox 831 1543 954 1612; x_wconf 86' lang='lat' dir='ltr'>lumen</span> <span class='ocrx_word' id='word_1_74' title='bbox 971 1540 1069 1624; x_wconf 91' lang='lat' dir='ltr'>illud,</span> <span class='ocrx_word' id='word_1_75' title='bbox 1086 1548 1124 1611; x_wconf 91' lang='lat' dir='ltr'>et</span> <span class='ocrx_word' id='word_1_76' title='bbox 1140 1542 1312 1610; x_wconf 84' lang='lat' dir='ltr'>virtutem</span> <span class='ocrx_word' id='word_1_77' title='bbox 1327 1564 1363 1603; x_wconf 86' lang='lat' dir='ltr'>ro</span> 
     </span>
     <span class='ocr_line' id='line_1_12' title="bbox 262 1656 1312 1753; baseline -0.003 -23"><span class='ocrx_word' id='word_1_78' title='bbox 262 1661 360 1732; x_wconf 90' lang='lat' dir='ltr'>illam</span> <span class='ocrx_word' id='word_1_79' title='bbox 390 1662 606 1753; x_wconf 89' lang='lat' dir='ltr'>superiorem</span> <span class='ocrx_word' id='word_1_80' title='bbox 632 1669 778 1753; x_wconf 89' lang='lat' dir='ltr'>propter</span> <span class='ocrx_word' id='word_1_81' title='bbox 803 1658 1090 1740; x_wconf 84' lang='lat' dir='ltr'>misericordiam,</span> <span class='ocrx_word' id='word_1_82' title='bbox 1120 1656 1312 1729; x_wconf 89' lang='lat' dir='ltr'>scintillam</span> 
     </span>
     <span class='ocr_line' id='line_1_13' title="bbox 262 1772 1311 1872; baseline -0.003 -24"><span class='ocrx_word' id='word_1_83' title='bbox 262 1776 355 1872; x_wconf 76' lang='lat' dir='ltr'>(for.</span> <span class='ocrx_word' id='word_1_84' title='bbox 385 1774 530 1847; x_wconf 78' lang='lat' dir='ltr'>addend.</span> <span class='ocrx_word' id='word_1_85' title='bbox 557 1778 639 1847; x_wconf 78' lang='lat' dir='ltr'>vitoe</span> <span class='ocrx_word' id='word_1_86' title='bbox 664 1778 869 1859; x_wconf 52' lang='lat' dir='ltr'>immisisse</span> <span class='ocrx_word' id='word_1_87' title='bbox 896 1775 987 1846; x_wconf 90' lang='lat' dir='ltr'>hanc</span> <span class='ocrx_word' id='word_1_88' title='bbox 1013 1774 1203 1846; x_wconf 89' lang='lat' dir='ltr'>scintillam</span> <span class='ocrx_word' id='word_1_89' title='bbox 1231 1772 1311 1847; x_wconf 72' lang='lat' dir='ltr'>Via.</span> 
     </span>
     <span class='ocr_line' id='line_1_14' title="bbox 262 1889 1313 1987; baseline -0.002 -22"><span class='ocrx_word' id='word_1_90' title='bbox 262 1897 392 1987; x_wconf 82' lang='lat' dir='ltr'>notum)</span> <span class='ocrx_word' id='word_1_91' title='bbox 410 1891 543 1963; x_wconf 88' lang='lat' dir='ltr'>salvam</span> <span class='ocrx_word' id='word_1_92' title='bbox 561 1915 647 1976; x_wconf 86' lang='lat' dir='ltr'>esse,</span> <span class='ocrx_word' id='word_1_93' title='bbox 665 1901 785 1963; x_wconf 89' lang='lat' dir='ltr'>cetera</span> <span class='ocrx_word' id='word_1_94' title='bbox 801 1890 955 1963; x_wconf 90' lang='lat' dir='ltr'>hominis</span> <span class='ocrx_word' id='word_1_95' title='bbox 971 1889 1122 1987; x_wconf 60' lang='lat' dir='ltr'>periret}v</span> <span class='ocrx_word' id='word_1_96' title='bbox 1128 1892 1313 1963; x_wconf 81' lang='lat' dir='ltr'>Christum</span> 
     </span>
     <span class='ocr_line' id='line_1_15' title="bbox 262 2008 1313 2102; baseline -0.004 -19"><span class='ocrx_word' id='word_1_97' title='bbox 262 2014 299 2083; x_wconf 93' lang='lat' dir='ltr'>in</span> <span class='ocrx_word' id='word_1_98' title='bbox 329 2010 527 2081; x_wconf 86' lang='lat' dir='ltr'>substant-ia</span> <span class='ocrx_word' id='word_1_99' title='bbox 555 2010 709 2102; x_wconf 90' lang='lat' dir='ltr'>corporis</span> <span class='ocrx_word' id='word_1_100' title='bbox 743 2032 815 2080; x_wconf 90' lang='lat' dir='ltr'>non</span> <span class='ocrx_word' id='word_1_101' title='bbox 848 2008 966 2093; x_wconf 84' lang='lat' dir='ltr'>fuisse,</span> <span class='ocrx_word' id='word_1_102' title='bbox 997 2017 1035 2078; x_wconf 88' lang='lat' dir='ltr'>et</span> <span class='ocrx_word' id='word_1_103' title='bbox 1064 2009 1313 2101; x_wconf 69' lang='lat' dir='ltr'>phantasmate</span> 
     </span>
     <span class='ocr_line' id='line_1_16' title="bbox 262 2125 1363 2219; baseline -0.002 -20"><span class='ocrx_word' id='word_1_104' title='bbox 262 2137 403 2200; x_wconf 88' lang='lat' dir='ltr'>tantum</span> <span class='ocrx_word' id='word_1_105' title='bbox 431 2127 531 2219; x_wconf 89' lang='lat' dir='ltr'>quasi</span> <span class='ocrx_word' id='word_1_106' title='bbox 558 2148 701 2219; x_wconf 85' lang='lat' dir='ltr'>passum</span> <span class='ocrx_word' id='word_1_107' title='bbox 729 2125 856 2196; x_wconf 85' lang='lat' dir='ltr'>fuisse:</span> <span class='ocrx_word' id='word_1_108' title='bbox 882 2126 1314 2197; x_wconf 87' lang='lat' dir='ltr'>resurrectionemcarnis</span> <span class='ocrx_word' id='word_1_109' title='bbox 1328 2144 1363 2205; x_wconf 83' lang='lat'>¹5</span> 
     </span>
     <span class='ocr_line' id='line_1_17' title="bbox 262 2240 1316 2314; baseline -0.001 0"><span class='ocrx_word' id='word_1_110' title='bbox 262 2244 485 2314; x_wconf 91' lang='lat' dir='ltr'>nullomodo</span> <span class='ocrx_word' id='word_1_111' title='bbox 504 2243 660 2313; x_wconf 84' lang='lat' dir='ltr'>firturam</span> <span class='ocrx_word' id='word_1_112' title='bbox 678 2264 765 2313; x_wconf 87' lang='lat' dir='ltr'>esse.</span> <span class='ocrx_word' id='word_1_113' title='bbox 793 2241 923 2313; x_wconf 84' lang='lat' dir='ltr'>Postea</span> <span class='ocrx_word' id='word_1_114' title='bbox 937 2240 1109 2313; x_wconf 79' lang='lat' dir='ltr'>Basilides</span> <span class='ocrx_word' id='word_1_115' title='bbox 1126 2242 1316 2313; x_wconf 84' lang='lat' dir='ltr'>haereticus</span> 
     </span>
     <span class='ocr_line' id='line_1_18' title="bbox 263 2358 1314 2453; baseline -0.003 -21"><span class='ocrx_word' id='word_1_116' title='bbox 263 2362 410 2453; x_wconf 82' lang='lat' dir='ltr'>erupit3</span> <span class='ocrx_word' id='word_1_117' title='bbox 450 2360 509 2431; x_wconf 94' lang='lat' dir='ltr'>hic</span> <span class='ocrx_word' id='word_1_118' title='bbox 551 2382 629 2430; x_wconf 89' lang='lat' dir='ltr'>esse</span> <span class='ocrx_word' id='word_1_119' title='bbox 671 2361 759 2430; x_wconf 91' lang='lat' dir='ltr'>dicit</span> <span class='ocrx_word' id='word_1_120' title='bbox 801 2380 980 2429; x_wconf 91' lang='lat' dir='ltr'>summurn</span> <span class='ocrx_word' id='word_1_121' title='bbox 1015 2358 1134 2429; x_wconf 90' lang='lat' dir='ltr'>Deum</span> <span class='ocrx_word' id='word_1_122' title='bbox 1168 2361 1314 2429; x_wconf 90' lang='lat' dir='ltr'>nomine</span> 
     </span>
     <span class='ocr_line' id='line_1_19' title="bbox 264 2474 1315 2569; baseline 0.001 -23"><span class='ocrx_word' id='word_1_123' title='bbox 264 2474 445 2560; x_wconf 86' lang='lat' dir='ltr'>Abraxan,</span> <span class='ocrx_word' id='word_1_124' title='bbox 463 2500 510 2548; x_wconf 84' lang='lat' dir='ltr'>ex</span> <span class='ocrx_word' id='word_1_125' title='bbox 526 2500 597 2569; x_wconf 93' lang='lat' dir='ltr'>quo</span> <span class='ocrx_word' id='word_1_126' title='bbox 613 2482 775 2546; x_wconf 89' lang='lat' dir='ltr'>mentem</span> <span class='ocrx_word' id='word_1_127' title='bbox 791 2484 957 2559; x_wconf 87' lang='lat' dir='ltr'>creatam,</span> <span class='ocrx_word' id='word_1_128' title='bbox 974 2498 1080 2569; x_wconf 89' lang='lat' dir='ltr'>quam</span> <span class='ocrx_word' id='word_1_129' title='bbox 1100 2474 1224 2546; x_wconf 74' lang='lat' dir='ltr'>Graece</span> <span class='ocrx_word' id='word_1_130' title='bbox 1241 2480 1315 2547; x_wconf 72' lang='lat' dir='ltr'>rofio</span> 
     </span>
     <span class='ocr_line' id='line_1_20' title="bbox 263 2592 1315 2687; baseline -0.002 -22"><span class='ocrx_word' id='word_1_131' title='bbox 263 2594 438 2687; x_wconf 85' lang='lat' dir='ltr'>appellat3</span> <span class='ocrx_word' id='word_1_132' title='bbox 472 2595 555 2665; x_wconf 91' lang='lat' dir='ltr'>inde</span> <span class='ocrx_word' id='word_1_133' title='bbox 585 2594 754 2677; x_wconf 82' lang='lat' dir='ltr'>verbum3</span> <span class='ocrx_word' id='word_1_134' title='bbox 788 2617 835 2664; x_wconf 85' lang='lat' dir='ltr'>ex</span> <span class='ocrx_word' id='word_1_135' title='bbox 868 2592 930 2662; x_wconf 94' lang='lat' dir='ltr'>illo</span> <span class='ocrx_word' id='word_1_136' title='bbox 964 2593 1232 2685; x_wconf 87' lang='lat' dir='ltr'>providentiam,</span> <span class='ocrx_word' id='word_1_137' title='bbox 1268 2616 1315 2663; x_wconf 82' lang='lat' dir='ltr'>ex</span> 
     </span>
     <span class='ocr_line' id='line_1_21' title="bbox 262 2710 1366 2804; baseline 0 -23"><span class='ocrx_word' id='word_1_138' title='bbox 262 2711 484 2804; x_wconf 87' lang='lat' dir='ltr'>providentia</span> <span class='ocrx_word' id='word_1_139' title='bbox 512 2712 692 2793; x_wconf 82' lang='lat' dir='ltr'>virtutem,</span> <span class='ocrx_word' id='word_1_140' title='bbox 724 2719 761 2780; x_wconf 86' lang='lat' dir='ltr'>et</span> <span class='ocrx_word' id='word_1_141' title='bbox 791 2710 1021 2803; x_wconf 84' lang='lat' dir='ltr'>sapientiam:</span> <span class='ocrx_word' id='word_1_142' title='bbox 1048 2732 1094 2780; x_wconf 87' lang='lat' dir='ltr'>ex</span> <span class='ocrx_word' id='word_1_143' title='bbox 1121 2710 1208 2803; x_wconf 87' lang='lat' dir='ltr'>ipsis·</span> <span class='ocrx_word' id='word_1_144' title='bbox 1231 2710 1315 2781; x_wconf 88' lang='lat' dir='ltr'>inde</span> <span class='ocrx_word' id='word_1_145' title='bbox 1328 2732 1366 2772; x_wconf 85' lang='lat'>20</span> 
     </span>
     <span class='ocr_line' id='line_1_22' title="bbox 263 2826 1316 2921; baseline 0.002 -24"><span class='ocrx_word' id='word_1_146' title='bbox 263 2829 545 2921; x_wconf 77' lang='lat' dir='ltr'>principatuset</span> <span class='ocrx_word' id='word_1_147' title='bbox 565 2834 771 2919; x_wconf 88' lang='lat' dir='ltr'>potestates,</span> <span class='ocrx_word' id='word_1_148' title='bbox 794 2834 832 2897; x_wconf 89' lang='lat' dir='ltr'>et</span> <span class='ocrx_word' id='word_1_149' title='bbox 857 2826 1001 2921; x_wconf 85' lang='lat' dir='ltr'>angelos</span> <span class='ocrx_word' id='word_1_150' title='bbox 1026 2826 1160 2910; x_wconf 81' lang='lat' dir='ltr'>factos3</span> <span class='ocrx_word' id='word_1_151' title='bbox 1185 2828 1316 2899; x_wconf 84' lang='lat' dir='ltr'>deinde</span> 
     </span>
     <span class='ocr_line' id='line_1_23' title="bbox 263 2943 1315 3039; baseline 0 -23"><span class='ocrx_word' id='word_1_152' title='bbox 263 2946 421 3017; x_wconf 82' lang='lat' dir='ltr'>infinitas</span> <span class='ocrx_word' id='word_1_153' title='bbox 448 2945 654 3039; x_wconf 87' lang='lat' dir='ltr'>angelorum</span> <span class='ocrx_word' id='word_1_154' title='bbox 686 2945 859 3015; x_wconf 89' lang='lat' dir='ltr'>editiones</span> <span class='ocrx_word' id='word_1_155' title='bbox 886 2953 925 3014; x_wconf 89' lang='lat' dir='ltr'>et</span> <span class='ocrx_word' id='word_1_156' title='bbox 950 2943 1133 3037; x_wconf 89' lang='lat' dir='ltr'>probolas:</span> <span class='ocrx_word' id='word_1_157' title='bbox 1164 2945 1209 3016; x_wconf 89' lang='lat' dir='ltr'>ab</span> <span class='ocrx_word' id='word_1_158' title='bbox 1237 2946 1315 3017; x_wconf 88' lang='lat' dir='ltr'>istis</span> 
     </span>
     <span class='ocr_line' id='line_1_24' title="bbox 263 3060 1314 3155; baseline 0.004 -24"><span class='ocrx_word' id='word_1_159' title='bbox 263 3060 399 3155; x_wconf 89' lang='lat' dir='ltr'>angelis</span> <span class='ocrx_word' id='word_1_160' title='bbox 414 3069 595 3132; x_wconf 89' lang='lat' dir='ltr'>trecentos</span> <span class='ocrx_word' id='word_1_161' title='bbox 618 3062 805 3155; x_wconf 78' lang='lat' dir='ltr'>sexaginta</span> <span class='ocrx_word' id='word_1_162' title='bbox 823 3062 980 3153; x_wconf 90' lang='lat' dir='ltr'>quinque</span> <span class='ocrx_word' id='word_1_163' title='bbox 995 3062 1103 3133; x_wconf 88' lang='lat' dir='ltr'>coelos</span> <span class='ocrx_word' id='word_1_164' title='bbox 1120 3064 1314 3146; x_wconf 90' lang='lat' dir='ltr'>institutos,</span> 
     </span>
     <span class='ocr_line' id='line_1_25' title="bbox 264 3175 1312 3271; baseline 0.002 -23"><span class='ocrx_word' id='word_1_165' title='bbox 264 3186 302 3248; x_wconf 89' lang='lat' dir='ltr'>et</span> <span class='ocrx_word' id='word_1_166' title='bbox 318 3178 492 3247; x_wconf 91' lang='lat' dir='ltr'>mundum</span> <span class='ocrx_word' id='word_1_167' title='bbox 509 3177 547 3245; x_wconf 93' lang='lat' dir='ltr'>in</span> <span class='ocrx_word' id='word_1_168' title='bbox 563 3175 697 3247; x_wconf 91' lang='lat' dir='ltr'>honore</span> <span class='ocrx_word' id='word_1_169' title='bbox 714 3176 880 3262; x_wconf 83' lang='lat' dir='ltr'>Abraxae,</span> <span class='ocrx_word' id='word_1_170' title='bbox 898 3180 998 3271; x_wconf 90' lang='lat' dir='ltr'>cujus</span> <span class='ocrx_word' id='word_1_171' title='bbox 1014 3201 1145 3250; x_wconf 89' lang='lat' dir='ltr'>nomen</span> <span class='ocrx_word' id='word_1_172' title='bbox 1161 3180 1258 3251; x_wconf 90' lang='lat' dir='ltr'>hunc</span> <span class='ocrx_word' id='word_1_173' title='bbox 1274 3181 1312 3251; x_wconf 90' lang='lat' dir='ltr'>in</span> 
     </span>
     <span class='ocr_line' id='line_1_26' title="bbox 264 3292 1362 3388; baseline 0.007 -26"><span class='ocrx_word' id='word_1_174' title='bbox 264 3315 303 3363; x_wconf 89' lang='lat' dir='ltr'>se</span> <span class='ocrx_word' id='word_1_175' title='bbox 315 3292 469 3364; x_wconf 91' lang='lat' dir='ltr'>habebat</span> <span class='ocrx_word' id='word_1_176' title='bbox 478 3316 666 3365; x_wconf 89' lang='lat' dir='ltr'>numerum</span> <span class='ocrx_word' id='word_1_177' title='bbox 680 3302 937 3388; x_wconf 88' lang='lat' dir='ltr'>computatum.</span> <span class='ocrx_word' id='word_1_178' title='bbox 963 3293 1006 3364; x_wconf 94' lang='lat' dir='ltr'>In</span> <span class='ocrx_word' id='word_1_179' title='bbox 1020 3294 1154 3365; x_wconf 74' lang='lat' dir='ltr'>rdtimis</span> <span class='ocrx_word' id='word_1_180' title='bbox 1167 3295 1311 3387; x_wconf 88' lang='lat' dir='ltr'>quidem</span> <span class='ocrx_word' id='word_1_181' title='bbox 1325 3310 1362 3370; x_wconf 82' lang='lat'>25</span> 
     </span>
     <span class='ocr_line' id='line_1_27' title="bbox 264 3408 1313 3503; baseline 0.003 -23"><span class='ocrx_word' id='word_1_182' title='bbox 264 3408 408 3503; x_wconf 86' lang='lat' dir='ltr'>angelis,</span> <span class='ocrx_word' id='word_1_183' title='bbox 426 3419 464 3481; x_wconf 88' lang='lat' dir='ltr'>et</span> <span class='ocrx_word' id='word_1_184' title='bbox 488 3411 548 3502; x_wconf 90' lang='lat' dir='ltr'>qui</span> <span class='ocrx_word' id='word_1_185' title='bbox 573 3410 668 3480; x_wconf 92' lang='lat' dir='ltr'>hunc</span> <span class='ocrx_word' id='word_1_186' title='bbox 694 3414 856 3484; x_wconf 86' lang='lat' dir='ltr'>fecerunt</span> <span class='ocrx_word' id='word_1_187' title='bbox 879 3412 1064 3494; x_wconf 89' lang='lat' dir='ltr'>mundum,</span> <span class='ocrx_word' id='word_1_188' title='bbox 1081 3413 1313 3483; x_wconf 91' lang='lat' dir='ltr'>novissimum</span> 
     </span>
     <span class='ocr_line' id='line_1_28' title="bbox 264 3525 1314 3622; baseline 0.003 -27"><span class='ocrx_word' id='word_1_189' title='bbox 264 3527 365 3620; x_wconf 89' lang='lat' dir='ltr'>ponit</span> <span class='ocrx_word' id='word_1_190' title='bbox 382 3525 587 3597; x_wconf 85' lang='lat' dir='ltr'>Judaeorum</span> <span class='ocrx_word' id='word_1_191' title='bbox 611 3527 741 3614; x_wconf 91' lang='lat' dir='ltr'>Deum,</span> <span class='ocrx_word' id='word_1_192' title='bbox 762 3530 798 3600; x_wconf 91' lang='lat' dir='ltr'>id</span> <span class='ocrx_word' id='word_1_193' title='bbox 824 3536 889 3611; x_wconf 91' lang='lat' dir='ltr'>est,</span> <span class='ocrx_word' id='word_1_194' title='bbox 916 3527 1035 3598; x_wconf 90' lang='lat' dir='ltr'>Deum</span> <span class='ocrx_word' id='word_1_195' title='bbox 1061 3528 1149 3622; x_wconf 86' lang='lat' dir='ltr'>legis</span> <span class='ocrx_word' id='word_1_196' title='bbox 1175 3537 1212 3598; x_wconf 92' lang='lat' dir='ltr'>et</span> <span class='ocrx_word' id='word_1_197' title='bbox 1232 3552 1314 3621; x_wconf 91' lang='lat' dir='ltr'>pro·</span> 
     </span>
     <span class='ocr_line' id='line_1_29' title="bbox 264 3643 1312 3739; baseline 0.001 -26"><span class='ocrx_word' id='word_1_198' title='bbox 264 3643 473 3737; x_wconf 90' lang='lat' dir='ltr'>phetarum;</span> <span class='ocrx_word' id='word_1_199' title='bbox 499 3667 605 3736; x_wconf 90' lang='lat' dir='ltr'>quem</span> <span class='ocrx_word' id='word_1_200' title='bbox 634 3644 753 3715; x_wconf 90' lang='lat' dir='ltr'>Deum</span> <span class='ocrx_word' id='word_1_201' title='bbox 781 3653 898 3739; x_wconf 88' lang='lat' dir='ltr'>negat,</span> <span class='ocrx_word' id='word_1_202' title='bbox 926 3645 987 3715; x_wconf 91' lang='lat' dir='ltr'>sed</span> <span class='ocrx_word' id='word_1_203' title='bbox 1018 3643 1183 3739; x_wconf 83' lang='lat' dir='ltr'>angelum</span> <span class='ocrx_word' id='word_1_204' title='bbox 1214 3644 1312 3715; x_wconf 90' lang='lat' dir='ltr'>dicit.</span> 
     </span>
     <span class='ocr_line' id='line_1_30' title="bbox 265 3759 1313 3855; baseline 0.002 -25"><span class='ocrx_word' id='word_1_205' title='bbox 265 3759 363 3832; x_wconf 92' lang='lat' dir='ltr'>Huic</span> <span class='ocrx_word' id='word_1_206' title='bbox 390 3762 515 3832; x_wconf 89' lang='lat' dir='ltr'>sortito</span> <span class='ocrx_word' id='word_1_207' title='bbox 544 3762 713 3855; x_wconf 87' lang='lat' dir='ltr'>obtigisse</span> <span class='ocrx_word' id='word_1_208' title='bbox 743 3784 865 3831; x_wconf 89' lang='lat' dir='ltr'>semen</span> <span class='ocrx_word' id='word_1_209' title='bbox 895 3759 1058 3843; x_wconf 79' lang='lat' dir='ltr'>Abrahae,</span> <span class='ocrx_word' id='word_1_210' title='bbox 1094 3770 1201 3853; x_wconf 88' lang='lat' dir='ltr'>atquc</span> <span class='ocrx_word' id='word_1_211' title='bbox 1231 3762 1313 3832; x_wconf 92' lang='lat' dir='ltr'>ideo</span> 
     </span>
     <span class='ocr_line' id='line_1_31' title="bbox 264 3876 1365 3969; baseline 0.003 -22"><span class='ocrx_word' id='word_1_212' title='bbox 264 3876 360 3947; x_wconf 85' lang='lat' dir='ltr'>hunc</span> <span class='ocrx_word' id='word_1_213' title='bbox 377 3878 422 3947; x_wconf 89' lang='lat' dir='ltr'>de</span> <span class='ocrx_word' id='word_1_214' title='bbox 435 3884 528 3947; x_wconf 86' lang='lat' dir='ltr'>tarra</span> <span class='ocrx_word' id='word_1_215' title='bbox 540 3876 685 3969; x_wconf 83' lang='lat' dir='ltr'>AEgypti</span> <span class='ocrx_word' id='word_1_216' title='bbox 698 3878 789 3948; x_wconf 91' lang='lat' dir='ltr'>filios</span> <span class='ocrx_word' id='word_1_217' title='bbox 807 3877 916 3948; x_wconf 86' lang='lat' dir='ltr'>Israel</span> <span class='ocrx_word' id='word_1_218' title='bbox 934 3879 970 3949; x_wconf 92' lang='lat' dir='ltr'>in</span> <span class='ocrx_word' id='word_1_219' title='bbox 987 3885 1117 3948; x_wconf 86' lang='lat' dir='ltr'>terram</span> <span class='ocrx_word' id='word_1_220' title='bbox 1130 3877 1365 3955; x_wconf 79' lang='lat' dir='ltr'>Clrauaamao</span> 
     </span>
     <span class='ocr_line' id='line_1_32' title="bbox 264 3992 1314 4087; baseline 0.004 -26"><span class='ocrx_word' id='word_1_221' title='bbox 264 3992 494 4063; x_wconf 89' lang='lat' dir='ltr'>transtulisse.</span> <span class='ocrx_word' id='word_1_222' title='bbox 547 3992 657 4063; x_wconf 90' lang='lat' dir='ltr'>Hunc</span> <span class='ocrx_word' id='word_1_223' title='bbox 682 3994 978 4065; x_wconf 90' lang='lat' dir='ltr'>turbulentiorem</span> <span class='ocrx_word' id='word_1_224' title='bbox 1002 4018 1075 4087; x_wconf 87' lang='lat' dir='ltr'>prae</span> <span class='ocrx_word' id='word_1_225' title='bbox 1101 3996 1228 4065; x_wconf 86' lang='lat' dir='ltr'>ceteris</span> <span class='ocrx_word' id='word_1_226' title='bbox 1251 4018 1314 4065; x_wconf 90' lang='lat' dir='ltr'>an-</span> 
     </span>
     <span class='ocr_line' id='line_1_33' title="bbox 263 4107 1314 4203; baseline 0.005 -26"><span class='ocrx_word' id='word_1_227' title='bbox 263 4107 362 4201; x_wconf 85' lang='lat' dir='ltr'>gelis,</span> <span class='ocrx_word' id='word_1_228' title='bbox 390 4116 497 4200; x_wconf 91' lang='lat' dir='ltr'>atque</span> <span class='ocrx_word' id='word_1_229' title='bbox 527 4110 608 4179; x_wconf 90' lang='lat' dir='ltr'>ideo</span> <span class='ocrx_word' id='word_1_230' title='bbox 638 4118 676 4180; x_wconf 89' lang='lat' dir='ltr'>et</span> <span class='ocrx_word' id='word_1_231' title='bbox 703 4110 893 4181; x_wconf 88' lang='lat' dir='ltr'>seditiones</span> <span class='ocrx_word' id='word_1_232' title='bbox 923 4112 1126 4203; x_wconf 80' lang='lat' dir='ltr'>frequenter</span> <span class='ocrx_word' id='word_1_233' title='bbox 1152 4120 1191 4180; x_wconf 91' lang='lat' dir='ltr'>et</span> <span class='ocrx_word' id='word_1_234' title='bbox 1217 4110 1314 4183; x_wconf 86' lang='lat' dir='ltr'>bella</span> 
     </span>
     <span class='ocr_line' id='line_1_34' title="bbox 265 4221 1313 4324; baseline 0.006 -31"><span class='ocrx_word' id='word_1_235' title='bbox 265 4221 357 4317; x_wconf 75' lang='lat' dir='ltr'>(sor.</span> <span class='ocrx_word' id='word_1_236' title='bbox 375 4224 548 4297; x_wconf 88' lang='lat' dir='ltr'>seditione</span> <span class='ocrx_word' id='word_1_237' title='bbox 565 4248 621 4297; x_wconf 89' lang='lat' dir='ltr'>res</span> <span class='ocrx_word' id='word_1_238' title='bbox 637 4226 842 4318; x_wconf 79' lang='lat' dir='ltr'>frequenter</span> <span class='ocrx_word' id='word_1_239' title='bbox 857 4236 895 4299; x_wconf 87' lang='lat' dir='ltr'>et</span> <span class='ocrx_word' id='word_1_240' title='bbox 911 4226 1022 4324; x_wconf 86' lang='lat' dir='ltr'>bello)</span> <span class='ocrx_word' id='word_1_241' title='bbox 1036 4235 1236 4311; x_wconf 78' lang='lat' dir='ltr'>concutere,</span> <span class='ocrx_word' id='word_1_242' title='bbox 1249 4228 1313 4299; x_wconf 88' lang='lat' dir='ltr'>sed</span> 
     </span>
    </p>
   </div>
   <div class='ocr_carea' id='block_1_3' title="bbox 0 0 1442 4817">
    <p class='ocr_par' dir='ltr' id='par_1_3' title="bbox 0 0 1442 4817">
     <span class='ocr_line' id='line_1_35' title="bbox 0 0 1442 4817; baseline 0 0"><span class='ocrx_word' id='word_1_243' title='bbox 0 0 1442 4817; x_wconf 95' lang='lat' dir='ltr'> </span> 
     </span>
    </p>
   </div>
  </div>
 </body>
</html>
