2867 4817
283 331 348 396 408
625 327 1010 394 ANNOTATIONES

282 502 317 566 iu
331 499 449 566 olerum
463 520 484 564 e
498 498 686 564 Novatieuis
700 499 832 564 admissi
846 506 929 565 sunt.
960 499 1006 564 Et
1020 498 1066 564 sio
1080 499 1211 584 quidem
1225 499 1341 566 Belso·

283 609 358 652 mou
373 593 407 652 et
421 587 564 651 Zonaras
579 585 662 649 huno
677 606 831 650 oeuouem
848 586 1112 672 interpretantur.
1157 585 1244 650 Nem
1258 609 1338 652 neu-

283 681 335 739 ter
356 695 466 738 eorum
487 673 527 737 de
548 670 783 738 reoonoilietive
803 672 868 737 isto
888 693 1040 737 manuum
1061 671 1268 758 impositione
1290 673 1340 738 vei

284 759 380 824 semel
394 757 546 822 meminit.
574 757 731 820 Burnum.

331 845 414 908 Ibid.
429 844 452 907 Ι.
461 863 509 911 12.
526 844 599 908 ἔνθα
608 845 664 923 μὲν
676 843 730 906 οὖν
743 841 867 927 πάντες]
885 841 962 907 Vox
975 843 1095 921 πάντες,
1113 865 1211 928 quum
1225 867 1340 910 omnes

162 977 165 986 .
283 930 411 1016 quidem
432 929 632 994 eolleotioues
654 929 776 994 Graeeae
797 928 926 1007 hebent,
942 936 1121 1015 agnosount
1139 953 1215 995 vero
1233 953 1341 1018 neque

284 1023 407 1081 veteres
426 1015 533 1080 Latini
552 1015 756 1114 interpretes,
771 1036 829 1078 neo
843 1037 981 1079 oenones
994 1015 1138 1094 Arabici,
1153 1017 1341 1102 importune

284 1102 358 1166 huie
385 1102 454 1166 loeo
478 1101 574 1186 edjioi
600 1107 662 1165 ent
686 1101 852 1178 oeusende,
874 1101 936 1165 uisi
957 1101 991 1164 in
1011 1101 1108 1182 πάντη

284 1195 438 1267 vertetur,
462 1208 571 1252 vooem
592 1186 626 1250 in
649 1207 770 1250 oenone
794 1185 932 1251 XVIII.
963 1186 1190 1252 Oeloedoneusi
1212 1127 1341 1254 edhriii-

284 1282 362 1342 tem.
408 1274 484 1340 Sole
498 1272 648 1350 omnium,
663 1279 700 1336 ut
715 1271 790 1336 olim
805 1272 883 1337 mihi
942 1272 1054 1348 rsuusi,
1070 1280 1163 1338 vetus
1180 1275 1340 1362 iuterpre-

284 1360 368 1428 tetio
384 1359 501 1426 Latine
515 1359 680 1424 Oenouum
695 1357 816 1422 Nieaen.
834 1294 956 1423 Ssrdib.
972 1366 1007 1423 et
1021 1359 1213 1425 Oheloedon.
1251 1385 1304 1427 uae
1319 1385 1340 1428 a

284 1447 438 1513 iratribus
464 1443 630 1510 Belleriuie
655 1444 688 1507 in
712 1444 890 1530 Appendiee
916 1445 962 1509 ad
989 1447 1023 1510 S.
1034 1446 1145 1510 Leonis
1168 1447 1220 1510 Μ.
1235 1449 1341 1533 Opera

284 1529 1340 1686 ttutstttttm.tt‘nrn‘e.tttt⁰5ffl

284 1711 627 1874 tutum
634 1699 1073 1873 diib'ssdssii'ss'ssi'
1087 1703 1340 1856 ..tim

285 1899 442 1942 oenonum
461 1873 787 1960 interpretationibus,
803 1895 883 1959 quae,
899 1881 937 1938 ut
956 1811 1144 1960 supradixi,
1160 1876 1194 1939 in
1214 1878 1340 1944 codicis

287 1966 443 2029 mnenon
465 1961 581 2026 Veteris
595 1959 743 2024 Parisino
757 1960 896 2024 editione
910 1960 1072 2025 ooliooetae
1092 1967 1177 2038 suut,
1193 1984 1257 2027 vox
1271 1965 1339 2030 iste

284 2071 382 2118 ornnes
403 2047 494 2112 nobis
515 2045 663 2124 oeourrit,
688 2043 856 2131 debetque
875 2056 978 2110 oedem
996 2067 1106 2110 omues
1128 2047 1191 2112 eive
1212 2049 1249 2114 in
1271 2071 1339 2116 eas·

283 2135 371 2213 ottt,
386 2135 447 2198 sive
459 2134 493 2198 iu
507 2130 688 2210 civitatibus,
704 2132 766 2217 eps*
779 2131 836 2196 soti
848 2132 965 2196 inventi
975 2133 1110 2216 sinerint.

323 2221 454 2374 3276.
468 2219 489 2284 1.
501 2237 534 2298 4.
558 2217 711 2296 ἔπινοήσει
730 2219 837 2303 τόπον]
862 2217 973 2283 Vertit
994 2218 1167 2318 Dionysius
1189 2218 1339 2305 Exiguus

276 2329 324 2395 pr

409 2305 451 2370 tit
472 2305 501 2370 ei
522 2303 627 2380 boum,
646 2303 792 2370 videlieet
813 2303 862 2368 vel
883 2304 1100 2389 ehorepisoopi
1120 2325 1155 2369 m
1176 2305 1264 2387 vicis,
1287 2309 1339 2373 vel

282 2391 459 2482 presbyteri
474 2391 507 2457 iu
521 2390 599 2455 urbe
613 2389 728 2456 lotum.

688 2517 841 2584 OANON
863 2519 928 2584 IX.

329 2624 413 2690 Ibid.
435 2626 456 2690 l.
477 2627 506 2690 8.
535 2620 745 2707 προήχθησαν]
774 2622 907 2687 Habent
935 2622 1076 2687 Concilio.
1104 2624 1340 2706 προσήχθησαν,

284 2713 342 2779 sed
352 2711 543 2777 adnotatum
554 2717 604 2774 est
614 2709 656 2773 ed
667 2730 768 2794 marg.
781 2708 984 2792 προήχθησαν,
994 2707 1183 2794 addiditque
1192 2711 1339 2777 Herdui·

285 2822 353 2880 nus,
371 2797 518 2862 “Melius
536 2796 622 2880 apud
642 2795 803 2858 zonarum
820 2793 1044 2878 προήχθησαν.”
1081 2793 1152 2859 Imo
1165 2818 1187 2860 e
1210 2799 1254 2861 ud
1268 2821 1340 2864 om-

285 2909 341 2951 nes
363 2884 526 2951 (iuuenum
548 2879 748 2947 collectiones
768 2902 910 2960 excusse,
937 2887 971 2945 et
996 2887 1135 2966 quatuor
1204 2890 1273 2948 tem
1294 2907 1339 2951 ex

285 2979 359 3037 oete
374 2970 533 3037 eodioibus
547 2966 674 3053 seriptis
691 2965 883 3030 Bodleieuie.
927 2967 1087 3031 Gaetemm
1101 2969 1248 3034 conferes
1262 2993 1339 3036 eum

285 3057 346 3124 hoo
367 3077 487 3123 oenone
508 3054 603 3118 finem
625 3051 796 3139 superioris
816 3051 947 3117 eanonis
965 3053 1105 3132 seoundi,
1123 3063 1224 3140 atque
1245 3057 1338 3122 illum

284 3147 750 3325 pribidielieiiilbrtudidponm]
766 3224 956 3304 Artioulum‚
973 3224 1026 3310 qui
1041 3225 1093 3290 hie
1107 3226 1201 3292 abest
1215 3249 1237 3292 e
1252 3230 1338 3294 Gon·

284 3315 363 3381 ciliis
384 3319 481 3398 etque
501 3310 620 3377 Geleeir
633 3313 723 3375 Actu
740 3311 869 3376 teneti
882 3312 1018 3389 Niceti,
1035 3333 1075 3376 ex
1090 3313 1215 3379 oaeteris
1233 3315 1338 3395 libris,

284 3400 506 3483 codicibusque
520 3395 647 3482 seriptis
661 3395 851 3478 Bodleiauis,
866 3398 929 3462 hue
944 3398 1096 3464 revoeevi.

697 3531 849 3598 OANON
871 3533 918 3598 X.

329 3639 411 3704 ibid.
435 3637 457 3701 l.
477 3651 525 3720 17.
551 3640 592 3700 r*
619 3639 721 3700 κανόνι
745 3640 786 3723 τῷ
811 3638 1059 3725 ἔκκλησιαστικῷ]
1086 3638 1157 3721 Quo
1182 3639 1337 3706 nimimm

284 3733 414 3792 eeutum
433 3729 492 3801 est,
508 3729 545 3788 ut
560 3663 663 3787 dieriei
678 3722 832 3787 immunes
846 3722 1033 3788 idololatriae
1047 3733 1154 3790 essent
1169 3733 1243 3812 post
1257 3727 1337 3814 bsp

284 3813 415 3878 tisinum
436 3815 593 3895 petretoe3
602 3808 681 3958 ssnpui
704 3807 832 3892 quidem
853 3830 970 3889 omnes,
993 3809 1020 3874 si
1044 3811 1126 3896 lapsi
1145 3812 1276 3893 fuerint,
1300 3821 1336 3880 et

284 3897 358 3964 dein
369 3893 592 3982 resipiscerint,
655 3894 769 3959 leioem
779 3895 1031 3960 communionem
1039 3897 1204 3984 redigendi
1215 3900 1335 3966 forent.

689 4021 842 4088 cANON
864 4022 930 4088 XI.

329 4129 367 4194 P.
378 4142 452 4227 372.
468 4125 489 4190 Ι.
502 4142 531 4209 7.
554 4125 621 4206 τρία
639 4125 690 4206 ἔτη
708 4128 743 4190 ἑν
763 4123 960 4206 ἀκροωμένοις
978 4125 1201 4229 ποιήσουσινιιί
1214 4132 1336 4233 πιστοὶ]

284 4215 351 4280 Pro
372 4211 501 4278 voorbus
521 4213 552 4275 oi
572 4213 673 4276 πιστοὶ
694 4211 814 4277 hebent
835 4213 875 4278 ὥς
895 4213 996 4276 πιστοὶ
1016 4213 1181 4299 Beveregn
1203 4217 1340 4300 Synodi-

282 4321 359 4382 eum,
372 4297 642 4381 Colleotiouesque
653 4318 809 4367 canonum
820 4319 841 4362 ιι
852 4298 973 4364 Graecis
983 4319 1093 4364 moeno
1104 4301 1210 4383 editae,
1223 4303 1341 4370 suffra·
