2867 4817
254 345 319 412 274
631 345 663 408 S.
688 341 925 408 CYPRIANI

254 518 442 590 aediculam
460 521 533 588 vim
550 526 662 590 tantae
679 519 874 611 majestatis
892 518 1094 589 includam?
1126 517 1170 586 In
1188 525 1309 588 nostra

255 635 471 707 dedicandus
500 646 555 705 est
583 643 716 717 mente,
747 635 784 704 in
818 643 938 705 nostro
969 633 1226 704 consecrandus
1252 641 1308 703 est

254 762 409 845 pectore.
454 751 534 822 Nec
551 774 683 821 nomen
701 749 781 820 Deo
799 772 942 842 quaeras.
988 746 1088 820 Deus
1105 772 1235 819 nomen
1253 757 1309 819 est

255 868 317 938 illi.
370 868 450 939 Illic
481 868 662 939 vocabulis
689 889 778 960 opus
806 875 860 937 est
887 866 949 937 ubi
978 866 1127 960 propriis
1153 865 1310 959 appella

256 987 395 1055 tionum
425 985 622 1079 insignibus
649 983 844 1054 multitudo
875 983 1071 1053 dirimenda
1100 992 1165 1053 est.
1217 980 1334 1067 Deo‚5

256 1102 317 1192 qui
334 1101 429 1171 solus
446 1110 511 1184 est,
530 1100 600 1171 Dei
618 1098 831 1170 vocabulum
848 1107 966 1168 totum
986 1095 1077 1193 (for.
1095 1097 1224 1192 solum)
1242 1108 1308 1170 est.

258 1217 353 1310 Ergo
370 1240 461 1287 unus
478 1225 543 1299 est,
562 1225 599 1288 et
616 1216 749 1308 ubique
771 1216 847 1308 ipse
869 1213 1016 1285 diffirsus
1037 1224 1102 1286 est.
1155 1215 1252 1286 Nam
1271 1225 1309 1286 et

256 1333 383 1427 vulgus
408 1335 445 1403 in
470 1333 594 1404 multis
620 1332 740 1404 Deum
766 1332 975 1404 naturaliter
999 1333 1198 1416 confitetur,
1225 1356 1309 1404 oum

256 1473 357 1521 mens
374 1459 412 1521 et
428 1451 547 1521 anima
569 1453 623 1521 sui
640 1449 812 1521 Auctoris
829 1459 867 1520 et
890 1449 1062 1543 Principis
1085 1451 1308 1521 admonetur.

258 1565 339 1636 Dici
362 1567 567 1658 frequenter
589 1568 761 1650 audimus,
786 1565 941 1650 ODear,
965 1577 1003 1636 et
1025 1565 1124 1637 Deus
1147 1565 1246 1649 ridet,
1271 1576 1309 1638 et
1323 1597 1358 1634 ιο

255 1681 333 1753 Deo
351 1681 556 1765 eminendo,
574 1692 611 1754 et
623 1681 722 1754 Deras
740 1681 802 1754 tibi
819 1681 950 1766 reddat,
965 1691 1002 1753 et
1015 1682 1107 1778 qaod
1118 1681 1188 1755 cult
1199 1682 1308 1766 Deos,

258 1808 295 1868 et
320 1799 354 1868 ai
373 1797 472 1869 Deus
494 1797 636 1870 dederit.
692 1798 815 1892 Atque
836 1799 915 1870 lraec
937 1808 992 1870 est
1012 1823 1151 1871 summa
1177 1800 1308 1883 delicti,

257 1915 356 1985 nolle
374 1938 564 2010 agnoscere
582 1940 688 2009 quem
705 1917 867 2010 ignorare
884 1941 955 1987 non
971 1918 1092 2011 possis.

307 2032 376 2103 VI.
408 2032 519 2117 Quon
552 2057 635 2104 vero
676 2033 839 2103 Christus
869 2035 924 2117 sit,
960 2042 997 2105 et
1031 2035 1207 2127 quomodo
1245 2057 1310 2130 per

257 2151 373 2241 ipsum
402 2149 505 2219 nobis
539 2149 632 2220 salus
663 2150 809 2232 venerit,
838 2151 888 2220 sic
919 2159 973 2221 est
1001 2151 1096 2234 ordo,
1127 2154 1177 2222 sic
1207 2154 1308 2224 ratio.
1323 2175 1357 2235 ¹5

256 2265 394 2336 Judaeis
418 2267 572 2357 primum
599 2275 675 2337 erat
699 2265 794 2358 apud
821 2265 941 2337 Deum
964 2269 1087 2361 gratia.
1140 2267 1199 2339 Sic
1222 2267 1309 2339 olim

250 2381 340 2472 justi
377 2390 487 2463 erant,
518 2383 567 2452 sic
597 2383 747 2475 majores
777 2406 899 2453 eorum
930 2383 1158 2477 religionibus
1188 2385 1310 2456 obedi·

253 2497 375 2604 pbant.
428 2497 518 2568 Inde
538 2498 608 2569 illis
631 2508 669 2569 et
693 2501 792 2592 regni
816 2499 1014 2572 sublimitas
1037 2500 1166 2584 floruit,
1187 2511 1225 2572 et
1247 2525 1308 2596 ge-

256 2617 350 2686 neris
366 2616 575 2710 magnitudo
596 2618 770 2709 provenit.
823 2615 896 2687 Sed
916 2615 968 2687 illi
988 2617 1227 2712 [negligentes
1248 2613 1305 2709 et]

258 2730 350 2828 (for.
392 2729 522 2802 dolend.
572 2729 650 2803 Vid.
685 2735 769 2824 aot.)
806 2731 1057 2825 indisciplinati
1092 2741 1129 2804 et
1166 2733 1307 2827 superbi
1320 2761 1358 2802 ιο

255 2849 483 2942 postmodum
507 2849 602 2931 facti,
620 2857 658 2919 et
680 2849 811 2919 fiducia
835 2857 976 2942 patrum
1000 2849 1122 2933 inflati,
1146 2851 1233 2921 dum
1255 2851 1309 2920 di-

257 2967 339 3035 vina
358 2974 539 3058 praecepta
560 2974 805 3049 contemnunt,
829 2965 950 3036 datam
971 2967 1037 3038 sibi
1057 2969 1208 3060 gratiam
1229 2989 1309 3060 per-

258 3083 433 3152 diderunt.
476 3082 595 3166 Quam
612 3104 696 3153 vero
713 3083 822 3153 fuerit
838 3083 909 3154 illis
932 3084 1113 3178 prophana
1129 3086 1212 3168 vita,
1229 3107 1308 3177 quae

258 3207 441 3270 contracta
465 3199 511 3268 sit
536 3199 676 3269 violata
701 3198 880 3294 religionis
906 3200 1047 3284 offensa,
1075 3201 1141 3295 ipsi
1167 3224 1308 3294 quoque

259 3322 445 3397 testantur,
475 3315 536 3406 qui
572 3317 639 3385 etsi
669 3339 756 3386 voce
791 3324 921 3400 tacent,
952 3318 1052 3388 exitu
1082 3319 1307 3389 confitentur.
1320 3345 1356 3405 25

260 3431 418 3525 Dispersi
435 3440 473 3501 et
494 3431 686 3525 palabundi
709 3442 891 3528 vagantur,
910 3433 973 3504 soli
999 3443 1036 3504 et
1056 3435 1136 3506 coeli
1158 3437 1212 3506 sui
1228 3458 1317 3528 pro--

258 3549 334 3644 fugi
363 3572 428 3642 per
456 3547 610 3642 hospitia
638 3550 754 3621 aliena
781 3552 972 3644 jactantur.
1026 3551 1179 3622 Necnon
1209 3550 1310 3623 Deus

260 3674 344 3736 ante
370 3667 590 3760 praedixerat,
607 3669 682 3738 fore
708 3676 750 3738 ut
776 3678 944 3763 vergente
969 3668 1097 3740 saeculo
1123 3678 1160 3740 et
1185 3671 1314 3744 mundi

257 3784 329 3855 line
348 3785 425 3877 jam
450 3786 613 3877 proximo
637 3785 798 3855 exomni
820 3793 928 3879 gente
951 3796 989 3856 et
1015 3785 1146 3879 populo
1169 3795 1207 3858 et
1229 3787 1311 3859 loco

258 3899 413 3970 cultores
447 3901 514 3971 sibi
549 3901 728 3996 allegeret
751 3900 850 3972 Deus
879 3901 994 3972 multo
1024 3901 1180 3974 melioris
1209 3903 1365 3988 obse-30.

259 4017 331 4106 quii
358 4025 396 4086 et
425 4017 509 4087 fidei
539 4018 703 4101 fortioris,
730 4019 791 4110 qui
822 4017 1080 4112 indulgentiam
1107 4018 1152 4088 de
1182 4019 1311 4094 divinis

258 4134 463 4203 muneribus
492 4133 684 4219 haurirent,
715 4160 821 4229 quarn
856 4144 1038 4228 acceptam
1074 4135 1194 4206 Judaei
1226 4161 1318 4210 con-

258 4249 379 4319 temtis
397 4249 625 4342 religionibus
641 4252 886 4344 perdidissent.
923 4251 1042 4341 Hujus
1060 4251 1168 4345 igitur
1183 4255 1312 4345 gratiae
