2867 4817
263 323 328 387 132
616 321 962 388 TERTULLIANI

264 498 325 569 ubi
350 500 472 570 audita
495 506 561 583 est,
583 499 755 570 haetenus
780 499 920 569 institit.
972 494 1078 567 Adeo
1100 495 1181 566 finis
1203 504 1315 568 estet

158 616 207 664 ¹¹·
263 618 450 708 quaerendi,
468 624 506 686 et
528 615 699 709 pulsandi,
717 623 756 685 et
778 614 933 707 petendi.
985 610 1124 683 Petenti
1143 612 1235 682 enim
1252 611 1315 683 do-

263 730 366 816 Μίνω,
394 734 577 824 inquitet
601 729 760 826 postremi
786 730 971 825 operietur,
1001 736 1034 800 et
1062 728 1232 824 proterenti
1257 730 1314 799 in-

263 850 426 930 venietur,
477 848 621 921 Viderit
645 850 706 942 qui
732 848 857 942 quaerit
882 869 1031 939 semper,
1056 846 1140 939 quia
1164 870 1236 915 non
1258 848 1315 915 in-

263 965 361 1034 venit
387 962 479 1059 (sor.
508 966 676 1048 inveniet,
701 962 857 1057 Anaop
882 962 956 1033 illie
979 964 1075 1032 enim
1099 962 1224 1053 querit
1248 962 1312 1033 ubi
1324 985 1342 1045 5

262 1102 335 1149 non
366 1080 576 1151 invenietur.
627 1079 772 1153 Viderit
802 1080 862 1172 qui
898 1101 1037 1172 semper
1069 1078 1197 1171 pulsat,
1228 1080 1315 1171 quia

262 1219 455 1289 numquam
484 1200 682 1291 aperietur3
721 1197 795 1269 illio
825 1198 921 1267 enim
950 1194 1078 1290 pulset,
1109 1195 1171 1267 ubi
1204 1220 1313 1267 nemo

259 1323 327 1385 est.
379 1314 522 1387 Viderit
546 1316 607 1407 qui
633 1337 772 1408 semper
796 1314 897 1408 petit,
924 1314 1007 1406 quia
1029 1334 1224 1405 numquam
1248 1337 1313 1386 au·

258 1430 400 1515 dietur;
425 1430 471 1502 ab
488 1454 531 1501 eo
548 1431 645 1501 enim
661 1432 763 1525 petit,
781 1431 841 1523 qni
859 1452 931 1500 non
948 1431 1059 1500 audit.

133 1549 218 1599 ⁰¹29·
312 1546 429 1619 Nobis
458 1548 526 1618 etsi
555 1548 782 1639 querendum
812 1555 906 1618 esset
939 1546 1055 1619 adhue
1089 1555 1127 1619 et
1161 1570 1311 1644 semper,
1327 1574 1366 1613 ιο

142 1615 206 1665 m
258 1664 322 1735 ubi
339 1671 470 1748 tamen,
487 1665 597 1756 queri
617 1672 768 1757 oportet.
810 1662 921 1758 Apud
944 1664 1137 1748 haereticos,
1156 1667 1217 1737 ubi
1235 1691 1314 1739 om-

96 1796 225 1851 arum.
260 1782 320 1851 nia
343 1792 515 1853 extranea
538 1788 576 1851 et
601 1781 799 1853 adversaria
822 1790 952 1852 nostros
978 1782 1129 1866 veritati,
1153 1785 1199 1854 ed
1221 1808 1312 1877 quos

93 1863 244 2007 illibi&
258 1906 423 1969 vetemur
438 1898 629 1970 secedere?
661 1898 751 1984 Quis
774 1922 895 1969 servus
912 1898 1043 1969 cibaria
1063 1898 1111 1969 ab
1128 1908 1311 1986 extraneo,

10 2080 14 2088 .
92 2006 193 2059 Μ·
258 2014 438 2086 nedieam
454 2014 500 2085 ab
522 2014 666 2085 inimieo
690 2015 823 2085 domini
847 2016 901 2086 sui
923 2016 1064 2107 sperati
1095 2015 1185 2101 Quis
1206 2017 1312 2087 miles

257 2132 303 2203 ab
320 2132 547 2215 infoederatis,
565 2155 610 2202 ne
634 2133 750 2202 dicam
773 2132 819 2202 ab
840 2131 1002 2203 hostibus
1026 2133 1178 2227 regibus,
1201 2134 1361 2214 dona15

256 2251 372 2321 tivum
396 2260 435 2320 et
460 2250 676 2342 stipendium
702 2256 844 2341 eaptat;
869 2248 936 2319 nisi
961 2247 1067 2341 plane
1089 2250 1248 2321 desertor
1272 2261 1311 2322 et

92 2376 207 2428 lann-
256 2366 449 2460 translirgo,
465 2374 504 2436 et
525 2364 691 2436 rebellis?
717 2364 838 2435 Etiam
861 2386 949 2435 anus
971 2363 1033 2434 ille
1054 2366 1149 2436 intra
1168 2375 1310 2438 tectum

92 2492 200 2545 lnaxs
256 2502 360 2552 suum
385 2483 589 2553 drachmam
611 2481 832 2574 requirebat:
858 2480 967 2552 etiam
992 2479 1152 2574 pulsator
1172 2482 1233 2554 ille
1257 2486 1310 2554 vi-

91 2616 232 2670 rnaxvro.
257 2599 327 2669 eini
345 2600 494 2691 januam
520 2598 713 2670 tundebat:
740 2599 849 2669 etiam
875 2598 982 2668 vidue
1007 2596 1068 2667 illa
1093 2621 1165 2668 non
1190 2600 1310 2671 inimi-

256 2737 349 2797 cum,
383 2714 468 2788 lieet
501 2717 630 2787 durum
661 2716 821 2807 judioem
858 2713 1118 2808 interpellabat.
1185 2716 1309 2789 Nemo
1322 2741 1362 2782 20

255 2832 339 2903 inde
370 2834 458 2903 strui
491 2841 610 2925 potest
644 2833 739 2902 unde
773 2832 977 2902 destnritur.
1029 2831 1150 2903 Nemo
1183 2833 1228 2904 eb
1263 2858 1308 2905 eo

254 2948 485 3033 illuminatur,
511 2973 533 3020 e
557 2972 628 3042 quo
653 2949 936 3020 contenebratur.
989 2949 1196 3034 Quaeramus
1222 2974 1308 3046 ergo

254 3063 293 3135 in
316 3075 447 3149 nostro,
470 3075 550 3137 eto
579 3065 782 3148 nostriset
811 3066 856 3136 de
885 3074 1027 3149 nostr03
1066 3066 1174 3158 idque
1203 3068 1308 3139 dum-

254 3189 366 3265 taxat,
387 3181 482 3275 quod
508 3181 605 3253 solva
623 3181 748 3274 regola
769 3181 852 3252 fidei
878 3190 997 3276 potest
1020 3182 1057 3251 in
1073 3183 1306 3274 questionem

255 3298 431 3370 devenire.
1318 3320 1353 3383 ας

127 3438 213 3488 cnr.
306 3414 447 3510 Regula
465 3425 521 3487 est
547 3423 669 3487 autem
689 3415 783 3497 fidei,
806 3423 847 3485 ut
869 3416 947 3508 jam
968 3415 1052 3487 hine
1072 3418 1158 3509 quid
1184 3418 1308 3490 dafen-

90 3503 211 3621 ῃξέξιῐζ
255 3532 381 3603 damus
396 3533 634 3626 profiteamur,
651 3530 714 3603 illa
733 3532 868 3602 scilieet
885 3555 956 3624 qua
971 3534 1148 3617 ereditur;
1180 3534 1307 3607 Unum

91 3634 235 3750 ffl'ffl·
256 3652 400 3722 omnino
417 3649 537 3720 Deum
558 3672 644 3732 esse,
666 3670 733 3719 neo
754 3646 864 3719 alium
885 3658 1016 3742 praeter
1038 3650 1162 3721 mundi
1184 3653 1308 3724 eondi-

89 3768 191 3882 ᾐτιῶ
255 3776 381 3851 terem,
406 3768 467 3860 qui
493 3767 656 3838 rnriversa
680 3765 725 3835 de
752 3764 862 3836 nihilo
888 3767 1095 3860 produxerit
1122 3790 1187 3861 per
1212 3768 1308 3841 Ver-

90 3868 239 3982 oua'xfxio
255 3885 341 3956 bum
371 3906 475 3957 suum
504 3884 618 3977 primo
647 3881 808 3953 omnium
837 3884 1024 3955 emissum:
1067 3884 1106 3954 id
1139 3884 1306 3957 Verbum
1317 3916 1356 3975 30

91 3966 193 4085 {iffi
256 4001 386 4072 Filium
408 4002 484 4094 ejus
505 3999 733 4094 appellatum,
750 4000 788 4070 in
809 4000 952 4071 nomine
975 4000 1045 4072 Dei
1067 4003 1162 4073 varie
1188 4004 1307 4075 visum

90 4098 165 4215 ἵζ’-ι
173 4102 212 4216 ζ·
255 4116 517 4210 apatriamhis,
537 4115 780 4210 inprophetis
806 4138 946 4210 semper
969 4118 1142 4204 auditum,
1167 4128 1308 4213 postre-

89 4228 174 4346 ξξζξζ
255 4256 316 4305 mo
337 4232 496 4305 delatum
517 4255 564 4304 ex
584 4231 719 4325 Spiritu
742 4231 857 4305 Patris
880 4234 949 4306 Dei
967 4244 1005 4307 et
1027 4237 1159 4308 nrtute
1181 4238 1220 4308 in
1237 4240 1308 4309 vir.
