2867 4817
459 310 605 377 LIBER
629 311 822 378 PRIMUS.
899 354 903 362 .
1098 314 1163 379 288

115 485 210 568 deos,
244 494 280 557 et
316 485 554 558 laborantibus
593 487 752 581 plurimis
787 491 924 562 dedisse
955 488 1157 571 medicinas,

116 613 154 674 et
183 602 375 674 multorum
390 602 587 675 ·homiumn
618 604 759 677 morbos
788 606 1067 698 valitudinesque
1096 628 1157 676 cu·

115 742 221 791 rame.
275 718 361 791 Non
385 721 533 813 inquiro,
550 743 621 791 nou
647 722 762 817 exigo,
779 725 859 815 quis
880 722 977 807 deus,
998 729 1061 793 aut
1085 746 1156 815 quo
1219 782 1225 789 .

115 846 289 930 tempore,
316 838 374 907 cui
404 838 511 908 fuerit
540 837 740 923 auxiliatus,
770 850 833 911 aut
866 863 973 933 quem
1004 839 1156 911 fractum

114 954 311 1025 restituerit
333 954 496 1025 sanitati:
519 953 608 1025 illud
630 953 746 1025 solum
769 957 891 1027 audire
917 956 1085 1038 desidero,
1108 978 1155 1026 au

115 1071 192 1142 sine
212 1069 319 1141 ullius
339 1070 565 1163 adjunctione
584 1072 749 1154 materiae,
770 1074 807 1143 id
830 1081 894 1156 est,
915 1070 1156 1143 medicaminis

115 1188 273 1280 alicujus,
302 1188 346 1257 ad
376 1196 512 1258 tactum
542 1188 682 1258 morbos
705 1188 851 1279 jusserit
879 1190 925 1260 ab
956 1188 1156 1260 hominibus

115 1302 292 1377 revolare:
332 1304 565 1397 imperaverit,
605 1303 730 1375 fouent
767 1314 807 1375 et
839 1306 950 1376 emori
984 1304 1156 1376 valetudi-

115 1442 204 1491 num
226 1442 377 1503 causam,
401 1429 439 1490 et
461 1417 631 1491 debilium
653 1442 799 1514 corpora
820 1423 865 1493 ad
894 1444 974 1493 snas
999 1443 1155 1492 remeare

115 1546 268 1609 naturas.
319 1536 481 1608 Christus
514 1538 609 1608 enim
649 1538 767 1623 scitur,
801 1548 864 1610 aut
896 1539 1040 1610 admota
1076 1560 1156 1631 par·

115 1654 213 1725 tibus
237 1654 429 1726 debilitatis
453 1676 571 1737 mauu,
596 1663 659 1725 aut
684 1655 781 1727 vocis
809 1656 976 1750 simplicis
997 1656 1156 1748 jussione

116 1794 218 1844 mres
240 1774 417 1866 npeurisse
442 1772 635 1856 surdorum,
659 1772 865 1844 exturbasse
885 1772 931 1844 ab
953 1770 1063 1843 oeulis
1087 1793 1157 1841 eae-

115 1893 252 1974 oitatea
269 1892 463 1962 orationem
480 1890 618 1961 dedisse
637 1891 756 1973 mutis,
773 1888 1000 1961 articulorum
1017 1888 1157 1959 vincula

116 2006 300 2091 relaxasse,
317 2006 537 2079 ambulatum
560 2006 698 2077 dedisse
720 2007 932 2090 contractis3
956 2004 1155 2099 vitiligines,

116 2146 339 2219 querqueras,
359 2130 468 2216 atque
488 2124 681 2193 intercutes
706 2122 856 2206 morbos
877 2124 1064 2215 omniaque
1087 2120 1157 2192 alia

117 2240 359 2313 valetudinum
381 2260 615 2335 generaque
639 2238 794 2309 humana
817 2260 962 2332 corpora
986 2237 1157 2310 eminere

117 2360 238 2430 nescio
280 2379 357 2451 quar
399 2355 513 2427 soluit
557 2355 760 2448 importuna
805 2353 1003 2435 crudelitas
1049 2353 1157 2424 verbo

117 2474 242 2547 solitum
266 2476 483 2569 imperioque
507 2494 638 2545 muare.
691 2470 787 2555 Quid
810 2469 926 2541 simile
949 2470 999 2539 dii
1023 2492 1156 2551 omnes,

117 2616 140 2665 a
180 2592 309 2686 quibus
352 2612 457 2685 opem
498 2589 614 2659 dicitis
657 2589 757 2682 aegris
794 2596 833 2657 et
877 2586 1156 2680 periclitantibus

117 2709 253 2781 latam?
306 2708 376 2794 Qui
415 2709 444 2779 si
480 2706 620 2798 quaudo
655 2703 714 2792 (ut
744 2703 839 2774 fama
871 2706 940 2797 est)
978 2703 1156 2774 nonnullis

117 2824 310 2894 attribuere
327 2823 562 2904 medicinam
586 2827 649 2889 aut
665 2817 785 2889 cibum
806 2818 960 2912 aliquem
975 2821 1158 2912 jusserunt

117 2941 206 3033 capi,
224 2948 287 3010 aut
310 2938 490 3031 qualitatis
512 2936 660 3027 alicujus
677 2934 771 3005 ebibi
788 2936 979 3028 potionem,
995 2944 1058 3006 aut
1078 2934 1159 3004 her·

116 3054 242 3125 barum
277 3066 318 3125 et
345 3055 545 3151 graminum
586 3072 713 3121 suecos.
748 3052 985 3144 superimponi
1023 3052 1158 3142 inquie-

119 3173 277 3243 tantibus
305 3173 426 3255 causis,
461 3168 651 3251 ¹ambulare,
685 3188 830 3251 cessare,
865 3174 929 3240 aut
959 3190 998 3238 re
1029 3165 1156 3259 aliqua,

117 3312 195 3381 quae
221 3286 361 3371 officiat,
379 3289 555 3359 abstinere
580 3286 673 3379 quod
699 3308 776 3356 esse
801 3308 874 3355 non
896 3306 1072 3379 magnum,
1088 3306 1156 3355 uec

117 3406 356 3477 admirationis
378 3404 524 3497 alicujus
547 3412 690 3496 stupore
715 3404 929 3496 condignum
952 3412 1154 3495 promptum

117 3531 182 3605 est,
199 3523 228 3592 si
246 3521 428 3593 volueritis
450 3520 642 3603 attendere,
660 3527 699 3590 et
720 3519 850 3590 medici
867 3516 959 3615 (sor.
982 3520 1153 3613 medicus)

117 3640 226 3709 etiarn
253 3640 303 3710 sic
329 3648 455 3710 curant
479 3635 571 3734 (sor.
594 3638 722 3729 curat),
738 3635 868 3707 animal
892 3638 992 3708 bumi
1020 3647 1155 3719 natum,

116 3778 183 3825 aec
208 3755 379 3826 conlisum
402 3754 557 3827 scientiae
579 3754 739 3838 venete,
759 3755 821 3824 md
847 3753 884 3823 in
906 3764 982 3825 arte
1003 3754 1155 3847 suspica-

116 3870 182 3941 bili
205 3873 371 3964 positum,
397 3879 435 3942 et
464 3871 743 3963 conjecturarum
777 3870 1065 3941 aestimationibus
1091 3892 1156 3940 nu-

117 3996 205 4057 tans.
259 3986 372 4059 Nulla
398 3998 518 4059 autern
542 3988 652 4058 virtus
675 3994 729 4057 est
750 3985 1040 4057 medicaminibus
1060 4006 1156 4057 amo-

117 4126 203 4175 uere
225 4126 302 4195 quae
327 4112 498 4175 noceant:
528 4102 698 4174 beneficia
722 4104 792 4174 ista
819 4124 947 4185 rerum,
975 4124 1046 4172 nun
1074 4110 1157 4173 sunt

118 4222 316 4294 mranuum
340 4230 552 4315 potestates:
579 4230 625 4303 et,
643 4230 684 4290 ut
707 4223 754 4293 sit
775 4218 952 4290 laudabile
973 4221 1156 4312 scireque

160 4354 229 4399 Vola·
245 4357 278 4399 ll.
610 4356 629 4398 0
649 4356 667 4397 0
