2867 4817
246 283 267 348 o
656 283 875 369 enuoues

246 456 368 559 πάσης
399 459 699 556 ἐκκλησιαστικῆς
731 456 912 537 κοινωνίας
943 455 1104 534 ἐντεῦθεν
1130 456 1200 555 ἤδη
1228 455 1302 537 ὑπὸ

246 589 309 685 τῆς
328 583 481 665 συνόδου
498 583 761 683 ἐκβεβλημένος
779 585 838 663 καὶ
856 581 1088 684 ἀνενίργητος
1110 580 1297 686 ὑπάρχων·

247 710 348 792 ἀλλά
379 714 438 791 καὶ
464 712 581 794 αὐτοῖς
607 717 681 793 τοῖς
710 713 774 808 τῆς
802 708 974 812 ἐπαρχίας
1002 706 1213 790 ἐπισκόποις
1240 711 1302 786 καὶ

247 847 320 924 τοῖς
352 838 459 944 πέριξ
487 837 766 940 μητροπολίταις
802 843 877 919 τοῖς
912 834 960 914 τά
991 838 1054 933 τῆς
1087 834 1301 941 ὀρθοδοξίας

248 975 444 1074 φρονοῦσιν
463 966 697 1063 ὑποκείσεται,
716 969 764 1048 είς
783 960 825 1043 τὸ
843 960 961 1062 πάντη
988 964 1046 1042 καὶ
1070 969 1135 1042 τοῦ
1151 967 1300 1060 βαθμοῦ
1309 1001 1327 1060 5

247 1098 311 1194 τῆς
328 1096 525 1192 ἐπισκοπῆς
542 1093 771 1191 ἐκβληθῆναι.

636 1306 839 1382 ΚΑΝΩΝ
869 1308 913 1380 Β.

304 1453 350 1528 Ei
376 1448 420 1528 δέ
441 1480 532 1531 τινες
560 1447 777 1550 ἔπαρχιῶται
803 1447 994 1526 ἐπίσκοποι
1024 1447 1302 1552 ἀπελείφθησαν

249 1579 312 1674 τῆς
339 1575 443 1677 ἁγίας
469 1569 634 1670 συνόδου,
662 1575 722 1650 καὶ
753 1605 799 1676 τη
828 1573 1041 1680 ἀποστασία
1071 1572 1295 1675 προσετέθη.

248 1700 373 1803 oeni]
397 1703 639 1805 προστεθῆναι
663 1705 870 1802 πειραθεῖεν,
889 1696 913 1799 ἢ
938 1701 998 1778 καὶ
1023 1697 1349 1805 ύπογράφαντεςιο

207 1837 209 1840 ’
248 1829 522 1936 τῇΝεστορίου
554 1824 755 1929 καθαιρείπει
786 1823 1104 1929 ἐπαλινδρόμησαν
1133 1824 1226 1929 πρὸς
1257 1825 1301 1905 τὸ

247 1963 311 2060 τῆς
339 1957 567 2039 ἀποστασίας
591 1953 788 2055 συνέδρων·
822 1951 969 2036 τούτους
992 1951 1111 2052 πάντη
1134 1953 1228 2033 κατὰ
1255 1951 1297 2033 τὸ

248 2084 359 2193 δόξαν
385 2090 431 2190 τῇ
459 2084 544 2188 ἁγίᾳ
574 2079 715 2188 συνόδῳ
745 2079 958 2183 ἀλλοτρίους
985 2075 1072 2160 εἶναι
1099 2083 1164 2178 τῆς
1192 2085 1292 2183 ίερω-

248 2213 360 2313 σύνης
377 2213 436 2292 καὶ
453 2217 517 2289 τοῦ
533 2206 677 2307 βάθμυῦ
694 2207 886 2288 ἐκπίπτειν.

635 2420 837 2497 ΚΑΝΩΝ
866 2421 907 2498 Γ.
1309 2457 1320 2496 ι
1325 2453 1342 2514 5

306 2572 351 2649 Ei
370 2564 410 2644 δέ
425 2598 515 2648 τινες
533 2566 592 2642 καὶ
609 2567 681 2642 τῶν
698 2563 736 2640 ἐν
754 2559 889 2666 ἑκάστη
907 2559 1013 2641 πόλει
1030 2559 1054 2662 ἣ
1078 2561 1181 2668 χώρᾳ
1198 2570 1291 2661 κλη-

248 2701 355 2802 ρικῶυ
384 2689 452 2773 ἀπὸ
480 2690 682 2793 Νεστορίου
706 2691 765 2768 καὶ
789 2694 862 2767 τῶν
880 2685 951 2768 σὺν
975 2689 1071 2796 αὐτῷ
1095 2689 1210 2769 ὄντων
1230 2694 1296 2787 τῆς

249 2822 441 2929 ἱερωσύνης
468 2817 703 2916 ἐκωλύθησαν
731 2814 789 2895 διά
816 2811 858 2895 τὸ
887 2817 1003 2918 ὀρθῶς
1034 2821 1190 2922 φρονεῖν·
1221 2819 1298 2895 iic:

249 3058 408 3120 clesisstioe
428 3055 629 3115 communione
647 3054 753 3113 abhinc
791 3065 984 3122 sumserunt,
995 3053 1042 3112 vel
1052 3053 1188 3113 sooedere
1198 3055 1295 3114 onusti

251 3160 268 3199 e
282 3138 393 3218 synodo
406 3137 527 3214 ejectus,
542 3146 572 3195 et
587 3134 623 3194 sd
637 3133 752 3194 nullum
790 3135 923 3206 fuerunt,
937 3133 994 3202 vel,
1005 3154 1071 3193 cum
1086 3135 1174 3193 etiem
1185 3135 1296 3194 Nesto-

251 3219 445 3280 exercendum
475 3236 582 3276 munus
611 3215 751 3274 officium·
792 3216 828 3272 rii
849 3214 1026 3295 depositioni
1046 3216 1295 3295 subscripsissent,

251 3321 309 3380 que
329 3300 368 3359 sit
388 3298 527 3358 idoneus:
553 3295 604 3356 sed
627 3308 658 3356 et
681 3294 753 3373 ipsis
793 3295 830 3354 ed
843 3295 994 3374 apostasiae
1012 3315 1177 3354 consessum
1198 3316 1296 3356 recur-

251 3380 406 3462 provineiae
426 3378 577 3459 episeopis,
593 3387 623 3437 et
644 3377 681 3434 iis
701 3375 753 3454 qui
792 3387 908 3435 rerunt:
941 3376 962 3432 ii
983 3377 1112 3445 omnino,
1134 3390 1169 3434 ut
1189 3387 1297 3436 sancte

252 3472 322 3522 sunt
363 3459 548 3520 circumcisos
585 3455 753 3534 metropoli-
793 3455 904 3535 synodo
919 3456 1013 3515 visum
1028 3467 1083 3522 est,
1098 3456 1158 3515 siut
1171 3477 1189 3515 o
1202 3476 1296 3516 seoer.

252 3543 338 3613 tanis,
373 3541 424 3621 qui
458 3560 522 3618 qme
560 3548 630 3597 sunt
667 3545 753 3594 reotoe
794 3537 876 3596 dotio
889 3537 976 3596 alieni
990 3548 1020 3596 et
1033 3535 1126 3614 gradu
1137 3537 1285 3596 excidunt.

252 3617 754 3702 opinionis,sentiunt‚omninosub·
943 3667 953 3690 ,

249 3702 377 3781 jicietur,
387 3712 418 3761 et
426 3701 462 3760 de
470 3703 653 3781 episoopetus
661 3697 753 3775 gradu
929 3665 1082 3724 CANON
1104 3667 1164 3724 ῘῙῙ·

254 3784 418 3861 dejicietur,
835 3770 868 3829 Si
882 3771 932 3847 qui
947 3781 1045 3830 eutem
1060 3792 1097 3831 ex
1113 3772 1234 3840 clericis.
1246 3775 1298 3850 qui

794 3852 909 3911 suntin
923 3871 1096 3930 unoquoque
1110 3853 1183 3911 urbe
1193 3853 1240 3912 vel
1252 3874 1298 3913 re-

397 3911 549 3972 CANON
570 3910 613 3969 ῙῙ·
794 3933 880 4010 gione
894 3942 925 3991 et
943 3946 1013 3991 sunt
1032 3933 1087 3992 sub
1102 3933 1253 4004 Nestorio,
1267 3948 1298 3994 et

294 4021 326 4080 Si
354 4030 450 4080 eutem
476 4017 608 4076 nonnulli
635 4014 754 4095 provin.
795 4013 831 4071 iis
844 4012 894 4090 qui
909 4022 978 4073 sunt
992 4033 1058 4072 cum
1077 4015 1151 4093 ipso,
1166 4014 1299 4074 sacerdo·

253 4101 340 4162 ciuies
363 4101 489 4181 episcopi
513 4108 619 4158 sancte
643 4095 755 4174 synodo
795 4093 838 4152 tio
858 4105 956 4152 sutem
981 4104 1049 4152 sunt
1079 4094 1237 4162 interdicti,
1262 4116 1299 4154 eo

254 4203 312 4242 non
333 4181 530 4243 interfuerunt
552 4190 582 4238 et
604 4177 754 4255 apostasioe
795 4174 874 4254 quod
888 4186 965 4234 reete
985 4175 1121 4243 sentiunt,
1136 4186 1171 4234 ut
1190 4176 1211 4234 ii
1225 4196 1299 4252 quo.
