2867 4817
287 276 531 342 EPISTOLA
553 277 621 341 AD
645 277 677 339 S.
701 275 1006 341 CYPRIANUM.
1106 274 1171 339 283

114 454 272 527 ehielem
288 462 328 524 et
345 451 544 535 Danielem,
562 452 772 545 posteriores
796 459 916 533 aetate,
933 450 979 521 ad
995 450 1171 521 unanimi·

114 572 200 643 tatis
217 569 405 640 vinculum
427 570 540 639 virtus
565 568 685 639 divina
708 569 916 661 oonjunxit3
941 574 983 638 ut
1008 569 1169 659 quamvis

115 686 340 780 temporibus
381 682 496 777 longIs
538 685 680 755 discreti
714 692 844 767 essent,
878 686 1004 755 eadem
1045 691 1168 755 tamen

114 804 236 875 divina
252 801 483 894 inspiratione
499 800 681 871 sentirent.
725 798 832 883 Quod
848 807 887 870 et
902 822 997 871 nuno
1014 801 1052 871 in
1067 801 1168 872 vobis

88 919 442 1007 sanimadvertimus,
476 926 518 987 ut
551 920 612 1009 qui
651 917 862 1011 longissimis
903 918 1104 1012 regionibus
1145 942 1167 989 a

112 1036 217 1107 nobis
234 1036 388 1127 separati
405 1035 500 1116 estis,
518 1056 622 1105 sensu
640 1042 763 1105 tamen
787 1042 826 1105 et
842 1036 967 1127 spiritu
983 1034 1167 1128 copulatos

114 1176 177 1223 vos
202 1174 285 1222 esse
306 1150 491 1221 nobiseum
516 1151 722 1243 proberetis.
774 1150 880 1235 Quod
897 1159 1014 1222 totum
1035 1152 1105 1223 hoo
1125 1151 1167 1222 fit

113 1270 235 1339 divina
270 1268 420 1337 unitate.
474 1266 571 1337 Nam
605 1289 688 1337 oum
724 1266 900 1338 Dominus
934 1290 1026 1337 unus
1059 1276 1166 1360 atque

113 1385 209 1455 idem
238 1384 287 1453 sit
314 1385 376 1477 qui
397 1383 536 1455 habitat
560 1384 597 1453 in
622 1383 735 1467 nobis,
760 1385 945 1477 conjungit
971 1383 1104 1476 ubique
1129 1393 1167 1455 et

72 1536 104 1575 ιο
113 1500 260 1593 oopnlat
286 1522 369 1571 suos
392 1498 533 1569 vinculo
558 1499 715 1569 unitatis.
772 1498 880 1571 Unde
905 1502 942 1570 in
967 1501 1165 1571 universam
1176 1512 1217 1562 Ps-
1228 1512 1328 1571 xviit4

113 1625 247 1687 terram
283 1618 396 1687 exirit
430 1637 535 1686 sonus
569 1638 702 1698 eorum,
734 1618 795 1707 qui
829 1640 852 1686 a
882 1615 1038 1687 Domino
1069 1616 1166 1685 missi

112 1744 208 1817 sunt,
239 1735 389 1804 unitatis
420 1733 544 1825 spiritu
574 1731 744 1804 velociter
772 1743 964 1805 currentes.
1016 1733 1166 1805 Sioute

112 1852 293 1921 eontrario
319 1848 408 1919 nihil
433 1851 577 1941 prodest
602 1848 738 1941 aliquos
763 1852 944 1943 proximos
963 1857 1001 1919 et
1019 1850 1166 1941 junctos

112 1967 179 2038 sibi
211 1989 291 2039 esse
316 1966 530 2059 corporibus,
551 1966 581 2035 si
606 1967 725 2037 animo
748 1976 786 2037 et
807 1975 930 2037 mente
952 1966 1164 2050 dissideant3

74 2086 259 2177 15quando
275 2084 422 2155 adunari
446 2083 575 2153 animae
600 2084 746 2153 omnino
769 2107 840 2154 non
857 2085 1002 2175 possint,
1019 2107 1101 2175 quae
1126 2105 1164 2153 se

112 2224 134 2271 a
163 2200 236 2271 Dei
268 2200 407 2269 unitate
440 2199 642 2269 diviserint:
680 2198 776 2270 Eoos
809 2200 915 2283 enim,
949 2200 1073 2291 inquit,
1101 2199 1293 2292 quil’alnti·

112 2318 350 2412 longinquant
375 2338 414 2386 se
438 2317 501 2386 abs
526 2324 574 2399 te,
592 2316 779 2409 peribunt:
806 2316 868 2387 sed
885 2315 976 2387 tales
986 2274 1211 2409 judicium²⁶‘

113 2433 263 2505 Domini
280 2456 345 2527 pro
361 2434 489 2505 merito
507 2456 571 2503 suo
588 2433 768 2515 subibunt,
786 2432 993 2504 recedentes
1009 2455 1031 2502 a
1047 2432 1163 2503 verbis

111 2552 188 2643 ajin
215 2551 279 2643 qui
308 2550 452 2623 Patrem
478 2572 542 2644 pro
571 2550 709 2620 unitate
739 2550 958 2642 depreeatur,
987 2556 1026 2618 et
1053 2548 1140 2618 dioit
1153 2561 1326 2619 :navam

70 2698 104 2741 ιο
113 2666 223 2738 Pater
240 2666 288 2737 da
303 2674 346 2737 ut
362 2667 539 2759 quomodo
559 2688 626 2761 ego
644 2677 682 2735 et
698 2673 741 2735 tu
766 2688 879 2737 unum
900 2687 1032 2748 snmus,
1050 2666 1100 2735 sio
1125 2673 1163 2735 et

112 2783 148 2854 hi
165 2786 203 2855 in
220 2784 326 2855 nobis
343 2806 454 2855 unum
472 2784 552 2853 sint.

163 2900 236 2971 III.
258 2899 337 2971 Nos
354 2924 437 2971 vero
462 2922 506 2970 ea
534 2922 612 2991 quae
635 2922 658 2969 a
672 2900 774 2970 vobis
798 2901 929 2993 scripta
953 2908 1046 2983 sunt,
1063 2902 1161 2992 quasi

112 3027 234 3087 nostra
246 3020 388 3111 propria
404 3018 630 3109 suscepimus,
645 3038 711 3087 neo
729 3018 767 3086 in
781 3027 984 3089 transcursa
1000 3018 1160 3112 legimus,

113 3134 174 3203 sed
218 3155 316 3225 saepe
357 3134 509 3227 repetita
548 3134 727 3203 memoriae
768 3135 1003 3205 mandamus:
1045 3156 1161 3226 neque

71 3284 102 3341 ²5
113 3248 215 3319 obest
232 3248 381 3319 utilitati
406 3248 561 3331 salutari,
584 3256 647 3319 ant
671 3249 798 3319 eadem
826 3257 988 3319 retexere
1010 3251 1056 3320 ad
1078 3273 1162 3320 oon·

112 3364 324 3435 firmandam
357 3366 553 3448 veritatem,
588 3373 651 3435 aut
683 3373 722 3435 et
755 3366 919 3457 quaedam
952 3366 1081 3437 addere
1114 3370 1159 3439 ad

113 3480 365 3551 cumulandam
389 3481 645 3575 probationem.
698 3480 738 3551 Si
763 3483 848 3573 quid
871 3491 993 3553 autem
1018 3506 1041 3553 a
1058 3484 1160 3556 nobis

113 3597 275 3667 additum
293 3596 409 3679 fuerit,
426 3620 499 3667 non
523 3599 574 3667 sio
599 3597 742 3667 additur
757 3598 856 3689 quasi
872 3620 895 3667 a
911 3598 1011 3669 vobis
1027 3598 1159 3692 aliquid

112 3713 229 3783 minus
257 3713 394 3783 dictum
420 3714 487 3797 sit;
512 3715 574 3785 sed
600 3716 767 3806 quoniam
793 3738 908 3786 sermo
930 3716 1070 3788 divinus
1093 3717 1160 3789 hu-

68 3850 254 3923 30manam
270 3838 433 3899 naturam
456 3832 729 3925 supergreditur,
746 3854 812 3902 neo
836 3841 955 3925 potest
977 3842 1095 3905 totum
1120 3844 1158 3906 et

114 3946 312 4037 perfectum
341 3946 458 4017 anima
487 3949 694 4041 concipere3
724 3948 855 4019 ideireo
881 3957 920 4019 et
948 3959 1070 4022 tantus
1102 3961 1158 4023 est

115 4084 280 4133 numerus
313 4062 574 4156 prophetarum,
608 4074 650 4134 ut
684 4062 874 4156 multiplex
908 4067 1027 4137 divina
1067 4070 1157 4161 sapi-

114 4180 208 4249 entia
224 4202 287 4271 per
304 4177 437 4250 multos
453 4179 692 4365 distribuatulp.
746 4179 853 4252 Unde
877 4190 915 4253 et
932 4191 1050 4255 tacere
1066 4207 1157 4277 prae-
1163 4196 1248 4321 ἔξω·
1260 4197 1310 4247 xiv·

611 4316 638 4366 u
