2867 4817
245 242 322 341 'roo
585 272 976 339 nuuorarrouns

257 446 540 549 metropolitanum
562 445 835 511 Nicomediensem
857 467 877 510 a
899 443 1031 517 concilio
1051 444 1112 509 hoc
1132 444 1325 511 Chalcedo-

258 534 348 600 nensi
362 556 396 598 ιιι
411 532 535 598 decimo
547 533 647 599 tertia
660 532 799 599 Aetione
818 532 886 618 ejus
906 531 1098 597 conceditur.
1147 531 1325 618 Quidquid

260 642 335 687 vero
349 619 389 684 de
403 619 564 704 ἀκολουθίᾳ
574 624 658 700 τιμῆς
672 619 879 684 statuendum
893 624 952 698 est,
969 639 1065 704 quam
1079 626 1261 703 exponunt,
1281 626 1324 683 ut

258 707 335 773 alibi
348 704 424 784 dixi,
440 705 481 769 de
494 704 605 770 ordine
618 705 714 806 hujus
728 703 872 790 praesulis
886 711 960 789 post
973 711 1040 769 tres
1055 703 1174 769 alteros
1189 704 1324 789 episco-

259 812 525 952 ttttffit
549 790 805 956 lttslztut
824 790 1323 962 ttttttstmtt

260 967 409 1031 videntur
425 963 523 1029 verba
541 963 685 1049 proxime
706 962 912 1049 anteposita,
928 960 1071 1042 συνήθεια
1085 960 1246 1044 κεκράτηκε
1265 964 1324 1025 καὶ

256 1051 420 1135 παράδοσις
441 1051 561 1134 ἀρχαία,
577 1048 654 1115 ὥστε
674 1050 730 1113 τὸν
751 1050 785 1113 ἐν
806 1052 896 1134 stlte
915 1050 1080 1114 ἐπίσκοπον
1102 1052 1256 1129 τιμᾶσθαι,
1280 1049 1321 1111 in

258 1137 444 1224 ampliorem
458 1135 586 1221 quidem
599 1158 638 1200 eo
652 1135 799 1200 latiorem
820 1156 948 1201 sensum
962 1132 1062 1219 accipi
1076 1141 1249 1219 oportere;
1275 1142 1321 1198 ut

259 1225 362 1290 honor
375 1223 492 1307 ubique
506 1228 541 1287 et
555 1243 680 1306 semper
692 1221 766 1287 huie
780 1221 849 1286 sedi
863 1221 959 1285 datus
972 1219 1178 1306 intelligatur.

669 1340 823 1407 OANON
848 1341 893 1405 X.

299 1446 338 1510 P.
347 1459 402 1593 5³7⁸
417 1444 439 1508 l.
452 1463 482 1511 2.
499 1445 534 1509 ἑν
548 1446 600 1509 δύο
615 1447 735 1509 πόλεων
750 1448 824 1509 κατὰ
839 1446 873 1509 τὸ
885 1444 956 1509 αὐτὸ
970 1445 1189 1528 καταλέγεσθαι
1204 1446 1317 1525 ἐκκλη-

258 1532 352 1611 σίαις]
403 1551 476 1594 ooes
498 1534 573 1594 κατὰ
594 1532 629 1594 τὸ
645 1532 716 1594 αὐτὸ
738 1530 1008 1596 consentientibus
1028 1532 1173 1595 omnibus
1188 1540 1317 1616 prseter-

257 1616 400 1684 Ooneilia
419 1616 464 1681 sie
481 1615 642 1695 collocavi,
658 1638 723 1681 non
743 1623 816 1704 post
833 1619 1013 1698 ἐκκλησίαις.
1059 1616 1122 1681 Sed
1142 1618 1224 1681 mele
1246 1618 1315 1681 κατ’

257 1703 349 1769 αὐτὸν
363 1703 530 1769 (lenonum
544 1702 643 1767 editio
657 1702 803 1789 princeps
818 1702 950 1787 aliaeque
965 1702 1086 1789 pariter
1100 1703 1266 1768 exhibent.

658 1822 811 1889 OANON
834 1823 900 1887 XI.
1006 1852 1008 1855 ·

297 1924 336 1991 P.
350 1926 401 1989 60.
416 1924 480 2011 lit.
496 1931 558 1992 reis
572 1922 659 1989 οὖσιν
675 1928 708 1989 ἓν
722 1924 876 2008 ὑπολήψει
894 1928 995 2006 μόνοις
1009 1926 1196 2009 παρέχεσθαι
1210 1951 1311 2007 προσ·

257 2012 359 2097 ιθποις]
371 2010 543 2097 Dionysius
552 2010 696 2095 Exiguus
706 2011 805 2076 hebet
815 2010 1054 2077 temnentes
1057 2012 1206 2098 personis.
1225 2012 1311 2076 Gon-

255 2097 340 2163 seras
355 2103 421 2161 not.
432 2097 516 2162 infra
529 2098 572 2161 ad
587 2097 706 2162 (lanon.
724 2096 825 2161 XXI.
858 2097 1007 2176 Concilio,
1023 2098 1056 2161 in
1072 2097 1187 2183 quibus
1201 2098 1312 2163 minus

256 2184 420 2249 commode
430 2186 533 2264 μόνοις
543 2192 618 2269 post
629 2186 716 2249 οὖσιν
725 2185 832 2270 posita
843 2193 893 2249 est
903 2206 975 2263 vox,
985 2207 1025 2249 ex
1037 2184 1161 2250 oaeteris
1171 2186 1310 2249 correxi.

647 2304 800 2371 OANON
823 2304 908 2371 XII.

297 2407 370 2473 Ibid
382 2407 402 2472 l.
417 2428 449 2489 4
468 2406 588 2473 Ἦλθεν
603 2410 679 2489 sieri
703 2413 750 2488 ⁶2]
768 2408 818 2473 Ut
834 2430 940 2474 veram
954 2408 1050 2473 hu'us
1068 2408 1197 2475 canonis
1216 2431 1310 2475 occa·

255 2495 385 2573 sionem,
410 2501 444 2559 ot
468 2494 640 2595 genuinam
667 2495 782 2579 exinde
811 2495 894 2560 illius
919 2432 1161 2595 intelligentiam
1189 2494 1311 2596 clarius

253 2581 1311 2753 ttffltsttffltttttttpttttttttt?

252 2753 326 2820 cilio
346 2752 473 2819 actione
496 2760 622 2839 quarte,
643 2753 809 2840 agitatam,
832 2754 1025 2839 praecipuam
1047 2754 1120 2818 huic
1139 2754 1309 2819 condendo

251 2840 366 2905 canoni
387 2839 553 2905 materiem
575 2840 759 2926 praebuisse.
805 2839 976 2905 Enimvero
992 2839 1095 2925 Tyrus
1117 2840 1193 2904 olim
1209 2841 1308 2906 Phoe-

252 2927 343 2991 niciae
371 2926 557 3012 metropolis
582 2926 653 3005 fuit,
676 2933 711 2991 et
736 2926 821 2991 inter
846 2926 926 2991 alias
951 2932 1122 3013 propterea
1150 2927 1248 2991 urbes
1273 2927 1308 2990 in

252 3013 365 3077 eadem
375 3012 537 3098 provincis
547 3013 749 3091 constitutas,
760 3012 914 3097 Berytum
926 3012 986 3076 sibi
995 3012 1172 3097 subjectam
1180 3012 1306 3078 habuit.

253 3098 373 3163 Verum
396 3098 586 3164 Eustathius
605 3098 717 3184 Beryti
739 3098 903 3184 episeopus
926 3099 968 3162 ab
987 3097 1180 3184 imperatore
1202 3099 1307 3164 Theo-

252 3185 343 3250 dosio
362 3185 602 3269 impetraverat,
624 3196 663 3250 ut
684 3185 772 3250 diota
794 3184 967 3249 Phoenioiae
989 3185 1150 3297 provincia
1168 3184 1202 3250 in
1225 3185 1307 3251 duos

251 3271 459 3350 divideretur,
474 3279 508 3337 et
525 3293 591 3336 unc
610 3270 695 3336 illius
714 3278 807 3357 parte
827 3269 974 3357 episcopo
993 3270 1077 3357 syri,
1091 3293 1167 3336 vero
1188 3278 1306 3337 metro

251 3358 374 3443 polites,
390 3364 562 3436 reservata,
573 3357 677 3422 altera
687 3357 748 3422 sibi
759 3356 995 3437 concederetur,
1008 3357 1097 3441 cujus
1108 3357 1176 3443 ipse
1187 3366 1306 3423 metro-

251 3443 414 3531 politanus
422 3449 517 3521 esset,
528 3447 651 3544 quelque
661 3443 880 3529 episcoporum
890 3442 1107 3509 ordinationes
1118 3443 1304 3525 celebraret,

252 3530 425 3630 etreliqua
439 3530 673 3629 metropolitica
689 3530 765 3613 jura
780 3530 865 3594 solus
884 3536 1054 3595 exerceret.
1100 3530 1208 3595 Urbes
1227 3538 1305 3596 tunc

250 3625 405 3701 temporis
433 3637 455 3680 a
479 3616 648 3701 Tyriorum
676 3615 844 3701 metropoli
882 3616 1023 3682 rescissae
1052 3624 1145 3681 erant
1174 3616 1303 3702 Byblos,

251 3702 380 3787 Botrys,
404 3701 460 3765 Tri
483 3699 550 3781 olis,
574 3702 791 3781 Orthosiades,
814 3704 911 3766 Arcae
933 3711 968 3769 et
992 3703 1175 3768 Amaridos.
1220 3705 1304 3769 Haeo

252 3788 421 3874 provinciae
440 3788 452 3851 i
478 3788 525 3853 'us
547 3787 659 3852 divisio
682 3790 725 3853 ab
746 3788 938 3875 imperatore
959 3789 1142 3875 impetrata,
1163 3788 1262 3855 etiam
1283 3814 1305 3856 a

252 3875 375 3961 synodo
397 3874 535 3959 quadum
557 3874 775 3961 episcoporum
790 3874 1067 3963 Constantinopoli
1088 3876 1211 3953 habita,
1226 3898 1300 3941 con-

251 3962 382 4025 firmata
403 3967 463 4039 est,
489 3961 580 4045 cujus
605 3961 733 4026 decreto
763 3962 861 4025 etiam
883 3961 1020 4026 Photius
1042 3961 1119 4046 'l'yri
1144 3972 1303 4048 metropo-

252 4048 373 4113 litanus
386 4046 574 4132 subscripsit
588 4047 725 4132 quidem,
741 4048 798 4111 sed
817 4046 943 4126 invitus,
964 4069 1022 4112 nee
1039 4048 1106 4113 sine
1124 4070 1303 4115 excommu-

251 4132 411 4198 nicatione
438 4132 466 4197 ei
491 4155 513 4198 a
541 4133 673 4198 concilio
702 4133 873 4212 intentata,
902 4133 962 4198 nisi
993 4134 1197 4200 consentiret.
1251 4136 1304 4201 Ae

251 4220 385 4305 proinde
416 4218 617 4285 Marcianum
646 4227 759 4305 postea
792 4220 1026 4307 imperatorem,
1055 4221 1161 4287 libello
1192 4222 1302 4289 oblato
