2867 4817
276 311 341 377 DE
365 312 523 378 OPERE
547 314 613 379 ET
636 314 989 381 ELEEMOSYNIS.
1095 318 1160 383 803

105 510 223 557 rerum
249 510 312 557 nee
336 484 477 583 anferre
499 487 586 583 qnid
604 512 798 583 possnmns.
849 488 1023 563 Habentes
1046 492 1161 587 itaquo

104 601 350 675 exhibitionem
372 612 405 675 et
428 613 664 702 tepnmentnm,
681 603 738 677 tis
754 608 904 680 contenti
919 608 1038 679 simin.
1090 609 1162 700 Qui

104 730 219 791 antem
242 718 359 791 votnm
381 719 503 793 divites
516 720 614 816 fieri,
638 723 798 795 insidunt
823 724 862 794 in
889 726 1106 797 tentationem
1129 734 1162 797 et

105 838 144 907 in
174 834 404 933 muscipulam
430 846 461 909 et
488 836 662 910 desiderio
691 838 799 911 mntte
828 850 860 911 et
888 843 1054 926 nocentia,
1085 866 1162 938 qna

79 961 266 1050 smerpnnt
299 950 470 1024 hmninem
505 954 543 1024 in
571 954 804 1049 perditionem
838 966 870 1028 et
903 957 943 1027 in
971 959 1161 1031 interitnm.

105 1066 234 1139 Radia
262 1068 353 1139 enim
383 1069 537 1141 omninm
567 1069 737 1141 matorum
767 1079 816 1143 est
844 1071 1027 1167 cupiditas,
1058 1097 1160 1169 qnam

106 1184 251 1279 qnidam
279 1193 469 1279 appetentes
495 1185 790 1286 nansnapnoeennt
813 1212 837 1258 n
851 1188 937 1281 fide,
967 1199 1000 1261 et
1028 1192 1162 1263 insere

106 1312 210 1373 erum
226 1326 263 1373 se
279 1302 452 1375 doloribus
469 1302 596 1375 mattis.

160 1419 252 1491 VII.
271 1419 410 1491 Metuis
429 1444 475 1491 ne
496 1422 750 1513 patrimonium
771 1431 875 1492 tunm
896 1422 988 1493 forte
1011 1424 1161 1508 definiat,

69 1538 137 1607 rosi
173 1538 312 1629 operari
346 1560 393 1609 ex
422 1560 465 1607 eo
499 1537 645 1632 largiter
673 1538 845 1632 eoeperist
884 1539 1037 1624 Quando
1067 1542 1170 1611 enim.

109 1652 247 1723 inotum
273 1661 400 1723 estut
422 1654 523 1745 justo
552 1664 696 1746 possent
730 1654 852 1725 deesse
884 1654 1049 1739 subsidia,
1079 1678 1162 1726 enm

110 1770 284 1862 seriptum
314 1770 379 1841 sit:
417 1767 500 1841 Non
529 1767 657 1841 oooidet
674 1769 777 1866 same
805 1768 980 1843 Dominus
1009 1771 1161 1842 enimam
1171 1788 1279 1839 rm.

100 1884 269 1979 justam?
303 1884 428 1956 Helias
457 1886 494 1955 in
523 1886 714 1958 solitudine
744 1889 857 1958 eorvis
883 1889 1326 1961 ministrantibussssan·

110 2004 279 2097 pasoitur,
315 2022 352 2073 et
388 2002 530 2073 Danieli
565 2004 603 2072 in
637 2001 718 2073 laen
751 2004 796 2073 ad
830 2002 974 2074 leonum
1005 2005 1162 2098 praedam
1171 2016 1291 2066 uma

72 2152 101 2211 ¹5
105 2122 211 2213 jussu
246 2121 339 2213 regis
371 2120 507 2190 incluso
541 2120 728 2213 prandium
757 2120 926 2191 divinitus
954 2084 1311 2214 apparatnr3⁸⁹¹¹⁶²¹¹'

112 2248 152 2307 et
177 2246 221 2306 tu
246 2238 376 2307 metuis
399 2260 445 2307 ne
468 2236 627 2329 operanti
653 2234 720 2305 tibi
746 2244 783 2306 et
808 2234 1005 2307 Dominum
1027 2258 1166 2329 prome-

113 2355 208 2424 renti
232 2354 324 2423 desit
348 2351 568 2435 alimentum,
590 2351 732 2443 quando
754 2350 829 2443 ipse
852 2352 889 2421 in
914 2350 1098 2445 evangelio
1120 2351 1166 2422 ad

114 2470 426 2565 exprobrationem
456 2490 579 2539 eorum
613 2468 742 2561 quibus
775 2490 876 2538 mens
906 2468 1017 2537 dubia
1044 2476 1099 2538 est
1128 2476 1166 2538 et

115 2588 204 2659 tides
229 2608 337 2679 parva
365 2592 586 2656 contestetur
615 2592 652 2655 et
678 2585 792 2654 dieat:
828 2580 986 2679 Aspicite
1012 2582 1291 2656 oototiiinrnnvn

74 2702 204 2787 roeoeti,
240 2702 403 2797 qnoniam
436 2724 503 2773 non
539 2701 720 2783 seminant,
749 2721 857 2793 neqne
889 2707 1028 2783 metunt,
1061 2723 1168 2795 neqne

117 2818 282 2917 eollipnnt
316 2819 355 2889 in
394 2816 529 2901 homan,
563 2826 595 2887 et
632 2812 743 2885 Peter
781 2822 889 2887 vester
928 2812 1068 2885 eoehstis
1106 2811 1169 2885 etit

118 2932 189 3005 i‘lta.
241 2931 367 3005 Nonne
391 2957 448 3005 eos
471 2930 589 3027 pineis
618 2928 689 3001 iliis
716 2930 829 3001 estis?
864 2929 1040 3002 Volneres
1069 2928 1169 2999 Deus

119 3052 241 3146 pascit,
260 3058 297 3119 et
313 3051 510 3143 passeribus
531 3048 701 3120 alimenta
721 3048 847 3118 diurna
866 3053 1101 3140 praestantur;
1131 3055 1169 3117 et

119 3169 248 3262 quibus
272 3166 392 3237 nullus
417 3168 543 3237 divinae
568 3166 619 3235 rei
649 3186 772 3235 sensus
797 3173 862 3246 est,
888 3164 939 3234 eis
968 3186 1035 3233 nee
1063 3173 1170 3257 potus

77 3310 185 3373 25nee
211 3282 312 3354 eibus
337 3282 447 3353 deest.
497 3280 552 3353 Tu
578 3280 790 3362 Christiano,
820 3288 862 3349 tu
888 3279 958 3350 Dei
986 3303 1097 3363 servo,
1127 3289 1169 3351 tu

120 3401 284 3496 operibus
309 3399 411 3471 bonis
436 3399 567 3480 dedito,
593 3405 635 3466 tn
661 3396 817 3467 Domino
842 3418 907 3466 sno
932 3419 1012 3466 earo
1036 3395 1168 3489 aliquid

121 3520 303 3591 existimas
315 3515 546 3588 defuturum?
563 3515 630 3585 nisi
647 3515 676 3585 si
693 3522 798 3607 putas
814 3516 898 3605 quia
913 3515 973 3606 qni
987 3513 1170 3585 Christum

121 3636 243 3729 pascit,
266 3658 289 3703 a
313 3632 456 3704 Christo
481 3632 557 3725 ipse
582 3653 654 3700 non
681 3630 846 3723 pasoitur,
869 3638 932 3699 aut
955 3630 1006 3699 eis
1030 3637 1171 3702 terrena

121 3754 272 3823 deerunt
289 3750 418 3842 quibus
434 3748 591 3819 eoelestia
607 3754 644 3816 et
663 3746 782 3817 dirina
801 3743 1017 3815 tribuuntur.

81 3894 115 3951 30
171 3866 283 3941 VIII.
308 3864 417 3937 Unde
438 3864 516 3935 haee
540 3862 721 3935 incredula
745 3863 924 3956 cogitatio,
941 3862 1036 3931 unde
1061 3862 1171 3956 impia

123 3994 160 4055 et
189 3982 361 4077 sacrilega
387 3982 456 4053 ista
485 3977 698 4053 meditatio?
751 3977 847 4062 Quid
876 3977 962 4048 facit
994 3979 1032 4048 in
1062 3979 1168 4051 domo

123 4101 205 4173 fidei
238 4100 413 4195 perfidum
446 4094 593 4191 peetus?
631 4095 728 4180 Quid
757 4094 818 4185 qui
852 4092 993 4163 Christo
1026 4096 1171 4167 omnino

126 4240 193 4287 non
211 4216 325 4287 eredit
340 4214 539 4309 appellatur
553 4221 591 4284 et
604 4212 734 4283 dicitur
746 4208 982 4281 Christianus?
1001 4209 1168 4281 Pharisaei
