2867 4817
278 330 344 395 ato
653 333 940 399 FIRMILIANI

279 528 400 577 secum
429 507 665 600 loquentibus,
683 510 758 581 sive
783 510 916 580 infide
941 510 1079 579 sincera
1103 532 1333 602 perseveran-

279 625 385 695 tibus.
412 624 492 696 Nec
510 634 672 719 oporteat
688 626 757 697 hoc
773 626 880 721 longo
897 634 1054 697 tractatu
1070 634 1252 709 excutere,
1264 626 1331 698 sed

278 743 390 834 ipsam
421 742 505 811 satis
531 743 577 812 sit
604 742 791 834 epistolam
816 743 945 836 legere,
975 742 1121 835 etquid
1147 742 1331 834 apostolus

279 858 418 937 dixerit,
443 859 487 928 de
513 859 589 949 ipso
609 859 771 951 apostolo
793 880 1056 952 recognoscere
1107 857 1203 942 Quid
1231 881 1330 952 ergo,

279 974 454 1066 inquiunt,
478 974 541 1045 fiet
567 975 612 1046 de
636 976 692 1047 bis
712 978 772 1068 qui
795 976 841 1047 ab
860 975 1034 1046 haereticis
1051 976 1235 1045 venientes
1251 978 1331 1046 sine
1342 1000 1362 1058 5

279 1092 436 1163 ecclesiae
463 1092 640 1185 baptismo
667 1094 810 1163 admissi
837 1091 948 1163 suut?
975 1091 1085 1162 Side
1111 1092 1240 1163 seculo
1263 1115 1332 1163 ex-

278 1218 468 1291 cesserunt,
486 1210 523 1278 in
540 1232 663 1284 eorum
680 1232 829 1281 numero
845 1211 906 1302 qui
923 1210 1017 1301 apud
1035 1231 1100 1279 uos
1116 1209 1329 1280 catechizati

278 1327 421 1418 quidem
439 1334 531 1409 sunt,
550 1328 610 1396 scd
637 1328 840 1419 priusquam
866 1326 1130 1418 baptizarentur
1150 1325 1329 1408 obierunt,

278 1442 463 1513 habentur.
517 1442 602 1512 Non
627 1444 734 1512 modo
764 1442 889 1513 dicunt
908 1438 1002 1536 (for.
1022 1439 1109 1511 Non
1133 1440 1330 1524 modicum,

278 1556 347 1629 oid.
365 1561 495 1649 notam)
513 1557 795 1629 emolumentum
814 1558 971 1628 veritatis
991 1565 1029 1627 et
1046 1556 1140 1639 fidoi,
1157 1558 1202 1627 ad
1218 1580 1330 1649 quam
1346 1586 1386 1626 ιο

279 1674 403 1747 relicto
445 1696 561 1745 errore
599 1683 842 1767 pervenerant,
877 1675 945 1745 etsi
983 1678 1330 1746 consummationem

278 1792 403 1885 gratiae
430 1791 611 1860 consecuti
645 1812 717 1861 non
747 1800 840 1873 sunt,
868 1799 985 1861 morte
1017 1792 1201 1883 praeventi.
1252 1791 1330 1876 Qui

279 1915 399 1977 autem
439 1906 554 1977 adhuc
588 1909 626 1977 in
670 1906 797 1977 saeculo
839 1917 1058 2000 permanent,
1100 1907 1331 1999 baptizentur

279 2022 438 2095 ecclesiae
489 2024 675 2117 baptismo,
720 2034 762 2094 ut
806 2025 1051 2095 remissionem
1099 2033 1331 2115 peccatorum

280 2141 445 2231 consequi
462 2142 618 2232 possint;
644 2162 689 2211 ne
710 2163 775 2233 per
790 2140 942 2212 alienam
959 2142 1272 2235 praesumptionem
1291 2143 1330 2211 in
1345 2166 1383 2224 ις

279 2258 427 2350 pristino
444 2280 561 2327 errore
577 2266 772 2340 manentes,
791 2258 867 2328 sine
882 2258 1005 2351 gratiae
1022 2258 1332 2330 consummatione

279 2374 485 2443 moriantur.

118 2508 244 2571 mptum·
332 2488 420 2560 XV.
439 2489 616 2561 Caeterum
634 2489 739 2582 quale
755 2489 926 2561 delictum
943 2500 1009 2574 est,
1027 2491 1084 2561 vel
1107 2490 1250 2561 illonrm
1266 2492 1331 2582 qui

116 2573 272 2717 msa.
281 2606 485 2689 admittunt,
521 2606 577 2677 vel
612 2630 736 2676 eonrm
773 2608 834 2698 qui
873 2607 1139 2689 admittuntu13
1180 2616 1223 2675 ut
1256 2629 1331 2676 non

116 2718 266 2819 m„
281 2720 412 2793 ablutis
437 2744 501 2814 per
521 2720 677 2793 ecelesiae
699 2721 879 2792 lavacrum
902 2722 1073 2804 sordibus,
1090 2744 1158 2792 uec
1173 2722 1331 2813 peccatis
1343 2748 1385 2788 20

116 2834 264 2962 ἓξὲξ·
282 2838 460 2930 expositis,
490 2848 658 2932 usurpata
679 2847 815 2908 temere
841 2840 1163 2909 communicatione
1189 2838 1332 2908 eontin-

117 2965 237 3015 atrahit-
280 2961 368 3046 gant
395 2976 520 3045 corpus
550 2962 588 3024 et
617 2954 827 3047 sangninem
858 2951 1014 3036 Domini,
1045 2975 1127 3023 cnm
1157 2953 1329 3044 scriptum

121 3083 244 3133 remi.
281 3069 349 3139 sit:
376 3068 588 3162 Quicunque
614 3070 729 3141 ederit
758 3092 887 3162 panem
920 3080 984 3140 aut
1017 3070 1147 3140 biberit
1179 3066 1330 3138 calicem

119 3160 159 3211 '⁷‘
282 3183 427 3255 Domini
470 3188 623 3281 indigue,
657 3208 739 3257 reus
779 3187 848 3255 erit
881 3186 1036 3279 corporis
1076 3195 1116 3255 et
1148 3184 1330 3276 sauguinis

282 3299 451 3373 Domini?
483 3303 561 3373 Nos
587 3304 695 3373 etiam
720 3301 801 3372 iilos
823 3326 912 3394 quos
938 3302 976 3372 hi
1002 3302 1064 3394 qui
1089 3302 1186 3393 prius
1207 3301 1245 3369 iu
1270 3322 1381 3394 ‹ac-25

280 3416 387 3489 clesia
412 3418 587 3490 catholica
611 3420 766 3512 episcopi
792 3419 942 3501 fueraut,
960 3427 998 3489 et
1014 3418 1242 3512 postmodum
1259 3416 1329 3487 sibi

281 3541 495 3626 potestatem
521 3534 655 3605 clericae
676 3534 906 3605 ordinationis
929 3543 1150 3605 assumentes
1171 3534 1332 3626 baptiza-

282 3659 414 3734 verant
431 3675 495 3745 pro
511 3674 582 3724 nou
599 3652 787 3745 baptizatis
803 3651 985 3722 habendos
995 3650 1243 3744 judicavimus
1280 3648 1331 3719 Et

281 3767 348 3839 hoo
365 3769 459 3862 apud
476 3790 540 3840 nos
565 3768 780 3850 observatur,
797 3776 840 3838 ut
856 3770 1058 3861 quicunque
1074 3766 1121 3837 ab
1137 3765 1207 3836 illis
1223 3767 1329 3837 tincti

281 3886 325 3955 ad
355 3908 419 3957 nos
442 3888 598 3969 veniunt,
626 3894 794 3977 tanquam
820 3884 927 3956 alieni
956 3895 995 3956 et
1020 3884 1110 3955 nibil
1136 3884 1382 3977 consecuti,30

281 4002 387 4073 unico
403 4010 441 4072 et
458 4024 541 4073 vero
564 4000 722 4073 ecclesiae
744 4000 928 4073 catholica
952 4002 1128 4093 baptismo
1148 4000 1244 4093 apud
1264 4022 1331 4071 nos

281 4117 516 4211 baptizentur,
547 4127 585 4188 ct
612 4118 739 4188 lavacri
767 4117 884 4188 vitalis
912 4118 1216 4212 regenerationem
1246 4139 1332 4187 con·-

281 4242 483 4325 sequantur.
536 4234 583 4304 Et
613 4242 735 4306 tamen
762 4234 916 4307 multum
947 4236 1096 4306 intereat
1122 4235 1216 4304 inter
1245 4256 1329 4305 eum
