2867 4817
265 309 331 379 274
442 310 644 377 ARNOBIl
670 303 919 376 ADVERSUS
941 312 1132 377 GENTES

268 490 324 570 sit,
342 488 495 557 rationes
511 508 598 579 quas
613 486 770 559 babeant
785 489 931 560 semina
980 489 1071 574 Quis
1092 491 1211 583 ipsam
1227 487 1325 557 tinx-

270 605 338 675 erit
361 604 551 686 hominem,
577 604 656 697 quis
680 605 888 689 informarit,
912 604 1040 677 velex
1065 608 1224 677 materia·
1249 626 1325 695 qno

269 744 399 817 genere
428 722 727 791 constructionem
759 722 871 815 ipsam
900 724 1162 794 oonfinnaverlt
1195 742 1326 815 oorpo·
1433 788 1434 814 p

271 858 360 907 rum.
421 838 517 922 Quid
552 838 601 909 sit
634 860 766 922 sensus,
804 841 889 933 quid
930 841 1059 923 anima,
1098 839 1326 911 advolaritns

271 954 316 1024 ad
346 976 410 1025 nos
439 962 574 1049 sponte,
602 978 649 1027 an
677 979 760 1025 oum
789 957 874 1049 ipsis
903 966 980 1027 sata
1003 958 1051 1028 sit
1072 974 1111 1027 at
1136 964 1326 1050 procreata

273 1072 481 1144 visceribus:
523 1074 646 1144 mortis
674 1074 850 1167 partloeps
880 1074 997 1169 degat,
1030 1098 1077 1145 an
1110 1072 1325 1145 immortali-

273 1191 356 1259 tatis
380 1189 618 1282 perpetuitate
643 1190 774 1261 donata
802 1191 860 1261 sit
911 1191 984 1276 Qui
1008 1200 1124 1263 status
1147 1213 1215 1261 nos
1245 1212 1325 1260 ma·

272 1315 366 1389 neat,
391 1328 474 1376 oum
500 1306 678 1377 dissolutis
702 1306 893 1379 abierimus
916 1331 939 1378 a
959 1309 1139 1379 membris
1191 1306 1325 1380 Vietn·

272 1424 348 1493 riae
372 1444 436 1493 nos
461 1423 581 1506 simus,
604 1446 650 1493 an
674 1425 883 1494 memoriam
904 1424 1041 1495 nnllam
1063 1428 1176 1498 nostri
1197 1446 1324 1497 sensns

273 1552 311 1608 et
344 1540 595 1611 reeordationis
628 1540 793 1611 habituri.
854 1542 926 1626 Qui
965 1544 1203 1637 arrogantiam
1237 1566 1324 1614 oon·

273 1656 416 1725 strinxit
434 1664 600 1737 nostram,
618 1664 656 1725 et
672 1654 785 1726 alatas
797 1656 985 1750 supercilio
1000 1660 1156 1729 oerviees
1172 1661 1324 1730 modurn

274 1770 360 1841 feeit
400 1792 471 1841 suae
513 1770 727 1841 infirmitatis
759 1794 971 1866 ognosoero:
1014 1774 1086 1858 Qui
1126 1776 1325 1847 animantia

273 1888 482 1959 monstravit
515 1888 678 1959 informia
712 1885 806 1983 (sor.
836 1890 984 1974 infirma,
1016 1890 1223 1982 Stesoodius)
1256 1914 1325 1963 nos

274 2024 360 2087 esse,
385 2004 484 2074 venis
512 2003 734 2097 opinionibus
759 2004 888 2081 fidere:
913 2006 1002 2077 nihil
1026 2008 1324 2101 eomprehensurn
1429 2097 1432 2101 ι

274 2116 414 2203 habere,
442 2118 531 2190 nihil
558 2121 656 2203 seire,
687 2130 726 2190 et
755 2144 833 2213 quae
861 2132 999 2195 nostros
1027 2126 1096 2195 sita
1123 2134 1209 2196 sunt
1236 2134 1325 2196 anta

274 2235 405 2318 oeulos,
438 2258 511 2306 non
544 2236 682 2307 vidore:
727 2236 799 2320 Qui
833 2238 943 2332 (quod
978 2242 1097 2311 omnia
1131 2242 1323 2334 superavit,

275 2362 313 2423 et
347 2362 601 2447 transgressum
639 2363 695 2425 est
728 2361 892 2451 munera)
923 2357 971 2427 ab
998 2358 1228 2452 religionibus
1256 2378 1324 2429 nos

274 2468 370 2543 falsis
394 2470 600 2565 religionem
625 2470 786 2541 traduxit
811 2473 854 2544 ad
881 2496 1020 2545 veram:
1047 2475 1119 2559 Qui
1143 2475 1191 2545 ab
1212 2477 1324 2569 a'gnis

276 2586 455 2670 lnortlbus,
473 2596 580 2680 atque
597 2610 646 2677 ex
670 2586 839 2659 vilissimo
859 2591 1020 2661 formatis
1040 2591 1118 2664 luto
1134 2592 1179 2662 ad
1197 2594 1325 2685 sydera

276 2704 473 2775 sublevavit
501 2713 548 2775 et'
564 2703 713 2775 eoelum:
741 2714 780 2775 et
808 2729 891 2777 oum
919 2707 1064 2779 domino
1092 2730 1211 2780 rerum
1241 2708 1323 2781 Deo

276 2820 569 2915 supplicationum
587 2821 673 2893 feeit
690 2822 798 2893 verba
812 2832 920 2916 atque
933 2824 1132 2895 orationum
1144 2826 1324 2920 oolloqnia

276 2958 432 3009 miseere.

326 3053 513 3125 XXXIX.
532 3053 750 3139 Venorabar,
768 3052 791 3131 d
806 3056 961 3127 eoeoitas!
982 3078 1095 3150 nuper
1109 3056 1325 3130 simulachra

276 3172 382 3243 modo
407 3194 453 3241 ex
478 3171 677 3242 fornacibus
701 3182 874 3265 prompta,
899 3174 937 3241 in
961 3174 1147 3245 inoudlbus
1172 3175 1260 3247 deos
1283 3186 1324 3248 et

277 3309 322 3359 ex
339 3286 475 3359 malleis
488 3288 684 3371 fabricatos,
697 3288 967 3381 elephantorum
983 3312 1071 3374 ossa,
1083 3293 1249 3384 piatuns,
1262 3312 1323 3361 re·

276 3406 425 3477 ternosis
441 3406 478 3476 in
494 3404 676 3477 arboribus
693 3406 835 3477 toeuias:
865 3408 1052 3501 siquando
1069 3429 1323 3500 conspexeram

277 3522 489 3593 lubricatum
512 3521 676 3615 lapidem,
694 3532 733 3593 et
754 3544 801 3593 ex
818 3521 901 3593 olivi
918 3526 1076 3619 unguine
1092 3526 1322 3608 sordidatum,

276 3648 444 3730 tanquam
469 3640 600 3711 inesset
625 3640 677 3709 vis
702 3661 863 3733 presens,
890 3640 1068 3724 adulabar,
1098 3640 1250 3726 affabar3
1284 3650 1322 3713 et

276 3754 447 3829 beneficia
481 3756 668 3850 poscebam
699 3756 788 3827 nihil
822 3758 998 3828 sentiente
1028 3760 1074 3829 de
1102 3768 1250 3829 trunco:
1284 3767 1323 3830 et

276 3892 336 3943 eos
364 3874 467 3967 ipsos,
498 3873 595 3945 divos
625 3864 712 3967 quos
742 3896 819 3945 esse
846 3872 936 3945 milri
969 3896 1219 3967 persuaseram,
1248 3876 1323 3947 affi-

275 3988 412 4060 oiebam
439 3990 663 4061 contumeliis
688 3990 872 4084 gravibus3
907 4013 990 4061 oum
1015 4013 1076 4062 eos
1100 4014 1177 4063 essa
1202 3992 1321 4063 erede·

274 4104 355 4185 bam
389 4105 495 4200 ligna,
530 4107 672 4201 lapides,
702 4118 810 4201 atque
839 4130 925 4191 ossa,
955 4118 1018 4179 aut
1052 4109 1089 4178 in
1119 4108 1321 4201 hujusmodl

274 4242 389 4293 rerum
421 4220 581 4293 habitare
611 4227 770 4295 materia.
835 4223 944 4294 Nune
974 4226 1119 4296 dootore
1149 4235 1252 4297 tanto
1285 4226 1321 4295 in
