2867 4817
287 342 352 411 192
621 338 1002 403 ANNOTATIONES

286 532 379 576 voces
392 518 448 575 cat
461 508 600 588 ederent,
615 516 700 575 teste
715 508 912 574 Tertulliano
925 510 986 589 hic,
1002 509 1035 575 S.
1047 509 1206 596 prrisno
1217 534 1267 597 ep.
1277 534 1298 598 5
1300 531 1333 613 5,

286 604 321 661 et
341 596 395 661 lib.
412 596 476 659 III.
503 618 572 695 cap.
589 597 642 677 78.
664 596 708 659 sd
735 594 910 677 Quirinum,
937 596 1109 661 Ambrosio
1153 597 1275 663 iuribus
1300 621 1336 663 m

285 681 372 761 locis,
387 704 425 747 sc
442 680 567 745 Hilario
582 682 736 747 Romanae
747 680 885 748 ecclesiae
896 682 1040 747 diacono.
1071 682 1104 746 S.
1153 682 1336 769 ieronymns

285 790 361 833 vero
382 768 439 845 ait,
462 767 495 830 in
517 768 638 833 Graecis
658 768 688 832 le
711 766 718 781 '
736 776 807 852 pos
829 788 931 846 mcccc,
956 769 989 832 in
1015 768 1140 833 Latinis
1160 770 1333 849 codicibus,

279 864 350 939 post
363 874 458 918 mmm
471 862 499 917 et
513 853 652 919 adama
715 874 868 915 nnonnnro
881 854 924 918 cd
943 854 1022 919 edit.
1041 854 1219 919 Romanam
1236 856 1335 939 hujus

285 946 454 1017 tractatus,
471 962 540 1023 quae
555 961 639 1005 anno
657 940 749 1024 1765.
764 939 893 1024 prodiit.
922 940 978 1003 Ad
992 939 1027 1003 S.
1040 939 1213 1025 Scripturae
1227 941 1335 1005 locum

286 1027 371 1111 quod
393 1025 520 1103 attinet,
545 1026 730 1091 Graecorum
752 1026 959 1109 superstitum
981 1025 1125 1089 codicum
1149 1026 1244 1091 lectio
1268 1034 1333 1102 est,

285 1112 428 1261 plunimi
457 1112 727 1177 consentientibus
756 1108 889 1189 Latinis,
913 1114 989 1193 μετὰ
1016 1113 1089 1193 μίαν
1116 1113 1164 1176 καὶ
1189 1112 1335 1195 δευτέραν

287 1202 358 1261 vend
376 1222 456 1261 σιαν.

330 1283 369 1347 Ρ.
387 1300 457 1366 127.
467 1283 487 1347 l.
494 1303 523 1366 9.
536 1282 765 1367 subornantur]
777 1282 943 1347 Omsntnr
952 1280 1106 1358 videlicet,
1118 1281 1332 1362 instmuntnr,

285 1369 692 1519 blienhtlllwdlolnm
708 1368 824 1469 Latine
839 1367 910 1516 (liubi.
935 1367 1030 1516 Nptae
1036 1367 1332 1520 pdrffulppffisipigp

312 1478 359 1519 s.
481 1477 575 1519 .vo.
614 1474 938 1539 .p.14.rnqu1us
984 1476 1013 1518 rc
1064 1476 1083 1518 e
1314 1478 1333 1520 r

286 1542 458 1605 collocatus
473 1548 533 1605 est.

331 1627 412 1691 Ibid.
428 1628 448 1691 l.
462 1648 509 1691 10.
528 1626 657 1691 trinitas
675 1624 827 1713 hominis]
853 1624 903 1690 Ut
923 1624 983 1689 has
1004 1646 1047 1688 nu
1125 1625 1333 1711 interpretari

286 1714 454 1791 valeamus,
477 1712 579 1777 mittit
604 1732 662 1775 nos
688 1710 848 1776 Semlerus
872 1710 916 1775 ad
941 1710 1020 1775 Tert
1065 1712 1127 1775 'aui
1152 1712 1267 1776 librum
1292 1713 1333 1777 dc

285 1800 406 1863 Acme
428 1821 497 1884 cap.
515 1817 553 1873 ας
586 1799 628 1861 ad
658 1796 773 1862 Ircnaei
801 1802 910 1861 antem
933 1796 988 1859 lib.
1006 1795 1031 1861 1.
1061 1798 1173 1861 Contra
1192 1798 1334 1863 Herem

286 1884 489 1949 Thomasiani
501 1891 610 1949 textus
625 1882 739 1949 editor.
763 1890 783 1918 “
795 1881 877 1946 Haec
888 1882 1030 1946 Trinitas
1046 1891 1130 1961 sunt,
1146 1884 1242 1947 homo
1251 1883 1332 1969 hyli-

287 1978 308 2007 ‘⁴
318 1993 373 2035 cus
384 1992 439 2034 seu
455 1970 590 2047 choicus,
602 1969 635 2032 id
647 1976 706 2047 est,
719 1967 893 2033 materialis
906 1973 965 2031 aut
975 1975 1140 2043 terrenus;
1164 1970 1333 2054 psychicus

287 2065 307 2092 “
322 2078 378 2120 seu
406 2056 560 2133 animalis,
591 2062 624 2119 et
650 2054 830 2140 spiritalis.”
881 2054 1061 2118 Annotatio
1095 2061 1146 2119 cst
1179 2055 1222 2118 ad
1250 2056 1331 2119 edit.

287 2144 464 2208 Romanam
478 2164 518 2205 ex
533 2140 706 2206 Christiani
722 2140 804 2224 Lupi
819 2139 953 2203 Scholiis
966 2140 1143 2224 desumpta

331 2227 412 2291 Ibid.
430 2228 451 2291 l.
475 2248 522 2291 ιι.
553 2227 738 2291 Platonicus
759 2224 889 2311 iuerat]
913 2225 1033 2289 Theod
1056 2226 1214 2290 (lanterus
1230 2225 1333 2291 Junio

286 2314 528 2379 confirmaverat
551 2312 583 2376 in
606 2312 794 2397 quibusdam
819 2311 986 2396 (quodam)
1012 2311 1111 2376 MSO.
1129 2312 1200 2397 legi,
1224 2312 1333 2377 Pleto-

285 2401 372 2463 nicus
385 2401 491 2483 feror,
507 2398 590 2463 forte
604 2399 734 2472 melius;
762 2397 973 2483 tranquillitas
986 2397 1167 2482 opponitur.
1193 2398 1331 2461 Ssunrn.

287 2487 335 2550 At
349 2507 423 2549 vero
439 2485 549 2549 scribit
560 2484 784 2549 auctorinlrc:
812 2482 953 2547 Udittmc
972 2482 1150 2547 Valentinus
1159 2483 1334 2549 Platoris&

286 2573 436 2636 sectator?

330 2656 514 2721 Ibid.l.18.
537 2656 587 2721 De
606 2654 699 2741 igneo
718 2654 804 2737 Deo]
829 2654 917 2718 Deus
936 2655 1041 2739 ipsam
1054 2653 1161 2739 Apelli
1178 2655 1333 2720 tribuitur

286 2764 324 2807 ca
348 2792 355 2806 .
412 2790 418 2803 .

324 2763 411 2893 ibid.
427 2828 446 2891 l.
461 2846 513 2895 22.
529 2826 718 2911 ectromate]
737 2824 952 2909 Hieronymus
969 2824 1003 2887 in
1023 2824 1122 2888 Amos
1140 2825 1332 2910 prophetam

285 2914 388 3000 primo
408 2912 636 2978 commentario
655 2911 786 2985 scribit;
815 2910 1022 2975 Valentinum
1036 2932 1077 2974 ex
1091 2910 1252 2974 AEonibus
1266 2911 1334 2976 suis

286 3008 471 3077 extremum,
484 3000 545 3063 hoc
555 3006 614 3075 est,
624 2997 830 3083 trigesimum,
841 2996 1004 3061 Christum
1011 3018 1135 3073 vocare,
1144 3003 1177 3060 et
1187 2997 1331 3077 ἔκτρωμα,

286 3086 346 3149 hoc
361 3094 419 3165 est,
435 3085 622 3150 abortivum.
648 3085 772 3147 Burrus
787 3083 962 3145 Rnsnnnus
976 3104 997 3146 a
1011 3082 1152 3146 Semlero
1165 3082 1293 3145 allatus.

331 3171 412 3234 Ibid.
427 3171 448 3233 l.
463 3189 513 3254 ²3·
532 3170 682 3254 Sequitur
696 3168 918 3246 Aristotelem]
937 3167 1077 3232 Itaedit.
1088 3167 1196 3252 prince
1245 3167 1330 3232 Ithe-

286 3256 433 3331 naniane,
449 3256 545 3320 verba
555 3256 691 3340 jungens
705 3276 778 3318 cum
792 3253 959 3338 prioribus.
997 3252 1036 3316 ln
1050 3252 1163 3317 ultima
1217 3253 1255 3316 it.
1272 3276 1332 3317 sua

287 3341 459 3405 Rhenanus
478 3341 667 3417 emendavit,
687 3341 824 3404 imme
842 3339 1042 3415 Aristotelem,
1059 3338 1281 3423 Pameliusque
1296 3362 1331 3403 se

286 3427 331 3491 sic
345 3427 449 3511 legere
464 3448 503 3489 ex
519 3425 626 3490 codice
641 3426 802 3490 Vaticano
818 3431 958 3489 testatus
972 3430 1031 3488 est.
1076 3421 1100 3486 J
1102 3424 1194 3487 unius
1208 3446 1283 3487 vero
1297 3424 1330 3487 in

285 3512 371 3575 notis
390 3512 432 3575 ad
452 3511 528 3576 edit.
549 3512 687 3575 Franek.
703 3511 737 3573 in
757 3532 820 3595 qua
834 3509 971 3594 quidem,
992 3510 1074 3573 sicut
1093 3510 1127 3572 in
1145 3508 1331 3573 Delsccrdae

286 3597 433 3675 editione,
446 3597 514 3661 baec
526 3597 621 3661 lectio
631 3603 732 3673 extat,
745 3597 806 3660 hcc
819 3602 937 3673 monet,
951 3603 970 3631 ‘⁶
984 3594 1123 3680 (Prima)
1136 3594 1235 3659 editio
1246 3594 1330 3658 Rhe·

287 3692 306 3719 “
322 3684 405 3760 nani,
429 3682 774 3768 scqcitcrAmstotom
793 3681 848 3745 alii
868 3681 1012 3745 miserm
1031 3680 1232 3757 Aristotclom,
1258 3682 1331 3743 dvc·

287 3781 306 3803 ¹·
322 3775 476 3848 βοητικῶς.
515 3768 601 3832 Nihil
623 3768 744 3831 muto.”
791 3766 915 3830 Verum
938 3773 1048 3830 tamen
1072 3766 1159 3830 istud
1186 3766 1331 3829 miseram

284 3854 485 3931 Aristotobm,
503 3854 586 3939 quod
601 3853 731 3917 exhibet
746 3852 821 3916 edit.
836 3851 938 3916 Paris.
950 3873 1034 3915 enno
1051 3852 1132 3935 1566
1140 3872 1266 3927 excusa,
1282 3872 1330 3914 re-

284 3936 1150 4108 stillulishchlrsslrltrnt
1172 3935 1331 4000 ”lm

330 4110 410 4173 lbid.
426 4110 447 4173 l.
460 4129 512 4195 25.
528 4111 560 4173 in
575 4108 764 4194 conjecturis
779 4108 905 4185 duram]
928 4108 982 4171 An
1001 4106 1102 4171 hocsi
1147 4106 1282 4184 ‘destun
1298 4106 1330 4170 in

286 4195 441 4279 probabili
472 4194 748 4280 argumentatione
770 4194 925 4258 nodosam
950 4214 989 4257 sc
1012 4192 1079 4256 diffi
1098 4191 1189 4255 'emt
1225 4192 1331 4257 Incisa

286 4302 345 4367 ego
360 4280 443 4345 inter
457 4280 525 4345 haec
539 4280 668 4345 mutavi.
