<?xml version="1.0" encoding="UTF-8"?>
<!DOCTYPE html PUBLIC "-//W3C//DTD XHTML 1.0 Transitional//EN"
    "http://www.w3.org/TR/xhtml1/DTD/xhtml1-transitional.dtd">
<html xmlns="http://www.w3.org/1999/xhtml" xml:lang="en" lang="en">
 <head>
  <title>
</title>
<meta http-equiv="Content-Type" content="text/html;charset=utf-8" />
  <meta name='ocr-system' content='tesseract 3.04.00' />
  <meta name='ocr-capabilities' content='ocr_page ocr_carea ocr_par ocr_line ocrx_word'/>
</head>
<body>
  <div class='ocr_page' id='page_1' title='image "./scriptorumeccle03routgoog_0362.png"; bbox 0 0 2867 4817; ppageno 0'>
   <div class='ocr_carea' id='block_1_1' title="bbox 284 322 1005 391">
    <p class='ocr_par' dir='ltr' id='par_1_1' title="bbox 284 322 1005 391">
     <span class='ocr_line' id='line_1_1' title="bbox 284 322 1005 391; baseline -0.007 -1"><span class='ocrx_word' id='word_1_1' title='bbox 284 322 352 391; x_wconf 69' lang='lat'><strong>346</strong></span> <span class='ocrx_word' id='word_1_2' title='bbox 622 322 1005 387; x_wconf 80' lang='lat' dir='ltr'><strong>ANNOTATIONES</strong></span> 
     </span>
    </p>
   </div>
   <div class='ocr_carea' id='block_1_2' title="bbox 232 492 1356 3671">
    <p class='ocr_par' dir='ltr' id='par_1_2' title="bbox 232 492 1350 1262">
     <span class='ocr_line' id='line_1_2' title="bbox 289 492 1345 582; baseline -0.002 -21"><span class='ocrx_word' id='word_1_3' title='bbox 289 502 404 582; x_wconf 88' lang='lat' dir='ltr'><strong>utpote</strong></span> <span class='ocrx_word' id='word_1_4' title='bbox 427 502 543 574; x_wconf 78' lang='lat' dir='ltr'><strong>sertus,</strong></span> <span class='ocrx_word' id='word_1_5' title='bbox 566 516 621 559; x_wconf 83' lang='lat' dir='ltr'><strong>eos</strong></span> <span class='ocrx_word' id='word_1_6' title='bbox 642 494 850 561; x_wconf 86' lang='lat' dir='ltr'><strong>aeoersitione</strong></span> <span class='ocrx_word' id='word_1_7' title='bbox 871 492 979 559; x_wconf 79' lang='lat' dir='ltr'><strong>divina</strong></span> <span class='ocrx_word' id='word_1_8' title='bbox 999 492 1041 557; x_wconf 92' lang='lat' dir='ltr'><strong>de</strong></span> <span class='ocrx_word' id='word_1_9' title='bbox 1061 492 1169 558; x_wconf 77' lang='lat' dir='ltr'><strong>seosulo</strong></span> <span class='ocrx_word' id='word_1_10' title='bbox 1189 492 1345 559; x_wconf 86' lang='lat' dir='ltr'><strong>liberatos</strong></span> 
     </span>
     <span class='ocr_line' id='line_1_3' title="bbox 290 578 1345 681; baseline -0.003 -35"><span class='ocrx_word' id='word_1_11' title='bbox 290 583 367 647; x_wconf 84' lang='lat' dir='ltr'><strong>lore.</strong></span> <span class='ocrx_word' id='word_1_12' title='bbox 405 582 481 646; x_wconf 92' lang='lat' dir='ltr'><strong>Vid.</strong></span> <span class='ocrx_word' id='word_1_13' title='bbox 503 580 598 667; x_wconf 86' lang='lat' dir='ltr'><strong>paulo</strong></span> <span class='ocrx_word' id='word_1_14' title='bbox 623 580 728 655; x_wconf 70' lang='lat' dir='ltr'><strong>inim</strong></span> <span class='ocrx_word' id='word_1_15' title='bbox 762 588 798 646; x_wconf 86' lang='lat' dir='ltr'><strong>et</strong></span> <span class='ocrx_word' id='word_1_16' title='bbox 816 580 886 681; x_wconf 77' lang='lat' dir='ltr'><strong>jam</strong></span> <span class='ocrx_word' id='word_1_17' title='bbox 907 600 1004 664; x_wconf 89' lang='lat' dir='ltr'><strong>snpra</strong></span> <span class='ocrx_word' id='word_1_18' title='bbox 1027 578 1088 643; x_wconf 91' lang='lat' dir='ltr'><strong>snb</strong></span> <span class='ocrx_word' id='word_1_19' title='bbox 1109 578 1238 643; x_wconf 91' lang='lat' dir='ltr'><strong>initium</strong></span> <span class='ocrx_word' id='word_1_20' title='bbox 1264 581 1295 662; x_wconf 61' lang='grc' dir='ltr'><strong>ξ.</strong></span> <span class='ocrx_word' id='word_1_21' title='bbox 1314 598 1345 645; x_wconf 85' lang='lat'><strong>2.</strong></span> 
     </span>
     <span class='ocr_line' id='line_1_4' title="bbox 291 665 1347 753; baseline -0.003 -21"><span class='ocrx_word' id='word_1_22' title='bbox 291 668 400 745; x_wconf 87' lang='lat' dir='ltr'><strong>habes,</strong></span> <span class='ocrx_word' id='word_1_23' title='bbox 416 669 521 732; x_wconf 76' lang='lat' dir='ltr'><strong>Latus</strong></span> <span class='ocrx_word' id='word_1_24' title='bbox 534 668 636 753; x_wconf 80' lang='lat' dir='ltr'><strong>itaque</strong></span> <span class='ocrx_word' id='word_1_25' title='bbox 649 666 686 732; x_wconf 75' lang='lat' dir='ltr'><strong>de</strong></span> <span class='ocrx_word' id='word_1_26' title='bbox 698 677 792 731; x_wconf 76' lang='lat' dir='ltr'><strong>morte</strong></span> <span class='ocrx_word' id='word_1_27' title='bbox 804 688 876 750; x_wconf 79' lang='lat' dir='ltr'><strong>yoro</strong></span> <span class='ocrx_word' id='word_1_28' title='bbox 889 667 1047 752; x_wconf 67' lang='lat' dir='ltr'><strong>pintima,</strong></span> <span class='ocrx_word' id='word_1_29' title='bbox 1062 674 1091 731; x_wconf 83' lang='lat' dir='ltr'><strong>ot</strong></span> <span class='ocrx_word' id='word_1_30' title='bbox 1111 666 1153 729; x_wconf 91' lang='lat' dir='ltr'><strong>de</strong></span> <span class='ocrx_word' id='word_1_31' title='bbox 1167 665 1272 731; x_wconf 82' lang='lat' dir='ltr'><strong>vieina</strong></span> <span class='ocrx_word' id='word_1_32' title='bbox 1293 686 1347 729; x_wconf 88' lang='lat' dir='ltr'><strong>ae·</strong></span> 
     </span>
     <span class='ocr_line' id='line_1_5' title="bbox 292 750 1345 839; baseline -0.004 -20"><span class='ocrx_word' id='word_1_33' title='bbox 292 754 461 819; x_wconf 85' lang='lat' dir='ltr'><strong>eersitione</strong></span> <span class='ocrx_word' id='word_1_34' title='bbox 475 774 613 819; x_wconf 84' lang='lat' dir='ltr'><strong>seaurus.</strong></span> <span class='ocrx_word' id='word_1_35' title='bbox 659 752 730 816; x_wconf 91' lang='lat' dir='ltr'><strong>Imo</strong></span> <span class='ocrx_word' id='word_1_36' title='bbox 743 752 904 839; x_wconf 76' lang='lat' dir='ltr'><strong>geminum</strong></span> <span class='ocrx_word' id='word_1_37' title='bbox 925 751 1014 816; x_wconf 90' lang='lat' dir='ltr'><strong>istud</strong></span> <span class='ocrx_word' id='word_1_38' title='bbox 1034 752 1099 815; x_wconf 86' lang='lat' dir='ltr'><strong>line</strong></span> <span class='ocrx_word' id='word_1_39' title='bbox 1118 750 1214 817; x_wconf 81' lang='lat' dir='ltr'>libelli</span> <span class='ocrx_word' id='word_1_40' title='bbox 1229 758 1345 817; x_wconf 84' lang='lat' dir='ltr'><strong>extat:</strong></span> 
     </span>
     <span class='ocr_line' id='line_1_6' title="bbox 291 837 1348 915; baseline -0.004 -10"><span class='ocrx_word' id='word_1_41' title='bbox 291 840 369 905; x_wconf 79' lang='lat' dir='ltr'><strong>Joot</strong></span> <span class='ocrx_word' id='word_1_42' title='bbox 387 840 426 905; x_wconf 84' lang='lat' dir='ltr'><strong>ote</strong></span> <span class='ocrx_word' id='word_1_43' title='bbox 443 861 500 904; x_wconf 81' lang='lat' dir='ltr'><strong>suo</strong></span> <span class='ocrx_word' id='word_1_44' title='bbox 521 839 748 905; x_wconf 68' lang='lat' dir='ltr'><strong>imortalitate</strong></span> <span class='ocrx_word' id='word_1_45' title='bbox 765 860 879 915; x_wconf 66' lang='lat' dir='ltr'><strong>sem</strong></span> <span class='ocrx_word' id='word_1_46' title='bbox 894 837 996 902; x_wconf 77' lang='lat' dir='ltr'><strong>ottae</strong></span> <span class='ocrx_word' id='word_1_47' title='bbox 1011 838 1050 903; x_wconf 78' lang='lat' dir='ltr'><strong>de</strong></span> <span class='ocrx_word' id='word_1_48' title='bbox 1066 846 1170 901; x_wconf 71' lang='lat' dir='ltr'><strong>nostra</strong></span> <span class='ocrx_word' id='word_1_49' title='bbox 1188 838 1348 902; x_wconf 72' lang='lat' dir='ltr'><strong>ineolumi·</strong></span> 
     </span>
     <span class='ocr_line' id='line_1_7' title="bbox 232 923 1348 1009; baseline -0.004 -18"><span class='ocrx_word' id='word_1_50' title='bbox 232 942 236 949; x_wconf 84' lang='lat'>&#39;</span> <span class='ocrx_word' id='word_1_51' title='bbox 292 935 353 991; x_wconf 82' lang='lat' dir='ltr'><strong>tote</strong></span> <span class='ocrx_word' id='word_1_52' title='bbox 366 925 506 991; x_wconf 80' lang='lat' dir='ltr'><strong>aottioito.</strong></span> <span class='ocrx_word' id='word_1_53' title='bbox 550 924 599 990; x_wconf 89' lang='lat' dir='ltr'><strong>At</strong></span> <span class='ocrx_word' id='word_1_54' title='bbox 613 947 688 989; x_wconf 88' lang='lat' dir='ltr'><strong>vero</strong></span> <span class='ocrx_word' id='word_1_55' title='bbox 707 924 816 989; x_wconf 85' lang='lat' dir='ltr'><strong>Fellus</strong></span> <span class='ocrx_word' id='word_1_56' title='bbox 833 925 877 989; x_wconf 84' lang='lat' dir='ltr'><strong>sd</strong></span> <span class='ocrx_word' id='word_1_57' title='bbox 893 924 999 999; x_wconf 82' lang='lat' dir='ltr'><strong>verba,</strong></span> <span class='ocrx_word' id='word_1_58' title='bbox 1014 924 1052 988; x_wconf 81' lang='lat' dir='ltr'><strong>de</strong></span> <span class='ocrx_word' id='word_1_59' title='bbox 1066 924 1274 1009; x_wconf 77' lang='lat' dir='ltr'><strong>pemoutiose</strong></span> <span class='ocrx_word' id='word_1_60' title='bbox 1291 923 1348 987; x_wconf 84' lang='lat' dir='ltr'><strong>sol-</strong></span> 
     </span>
     <span class='ocr_line' id='line_1_8' title="bbox 293 1009 1348 1096; baseline -0.004 -19"><span class='ocrx_word' id='word_1_61' title='bbox 293 1012 395 1089; x_wconf 81' lang='lat' dir='ltr'><strong>licitis,</strong></span> <span class='ocrx_word' id='word_1_62' title='bbox 411 1011 448 1077; x_wconf 76' lang='lat' dir='ltr'><strong>ds</strong></span> <span class='ocrx_word' id='word_1_63' title='bbox 468 1011 659 1077; x_wconf 60' lang='lat' dir='ltr'><strong>eoemdtiooe</strong></span> <span class='ocrx_word' id='word_1_64' title='bbox 674 1010 796 1089; x_wconf 58' lang='lat' dir='ltr'><strong>meede,</strong></span> <span class='ocrx_word' id='word_1_65' title='bbox 811 1010 873 1075; x_wconf 90' lang='lat' dir='ltr'><strong>hoe</strong></span> <span class='ocrx_word' id='word_1_66' title='bbox 894 1009 1073 1087; x_wconf 76' lang='lat' dir='ltr'><strong>adnotavit,</strong></span> <span class='ocrx_word' id='word_1_67' title='bbox 1090 1016 1109 1047; x_wconf 91' lang='lat'><strong>“</strong></span> <span class='ocrx_word' id='word_1_68' title='bbox 1121 1010 1273 1096; x_wconf 80' lang='lat' dir='ltr'><strong>Martyrii</strong></span> <span class='ocrx_word' id='word_1_69' title='bbox 1296 1030 1348 1073; x_wconf 89' lang='lat' dir='ltr'><strong>oo·</strong></span> 
     </span>
     <span class='ocr_line' id='line_1_9' title="bbox 297 1095 1350 1198; baseline -0.002 -35"><span class='ocrx_word' id='word_1_70' title='bbox 297 1106 317 1135; x_wconf 89' lang='lat'>“</span> <span class='ocrx_word' id='word_1_71' title='bbox 331 1119 444 1198; x_wconf 77' lang='lat' dir='ltr'><strong>ronam</strong></span> <span class='ocrx_word' id='word_1_72' title='bbox 455 1097 624 1197; x_wconf 76' lang='lat' dir='ltr'><strong>refugiunt.</strong></span> <span class='ocrx_word' id='word_1_73' title='bbox 638 1096 781 1162; x_wconf 83' lang='lat' dir='ltr'><strong>ooelestia</strong></span> <span class='ocrx_word' id='word_1_74' title='bbox 793 1096 912 1183; x_wconf 83' lang='lat' dir='ltr'><strong>gandia</strong></span> <span class='ocrx_word' id='word_1_75' title='bbox 926 1117 991 1160; x_wconf 93' lang='lat' dir='ltr'><strong>non</strong></span> <span class='ocrx_word' id='word_1_76' title='bbox 1004 1096 1188 1181; x_wconf 82' lang='lat' dir='ltr'><strong>expetunt.”</strong></span> <span class='ocrx_word' id='word_1_77' title='bbox 1225 1095 1350 1161; x_wconf 84' lang='lat' dir='ltr'><em>Utrum</em></span> 
     </span>
     <span class='ocr_line' id='line_1_10' title="bbox 293 1204 536 1262; baseline -0.008 -13"><span class='ocrx_word' id='word_1_78' title='bbox 293 1206 403 1262; x_wconf 83' lang='lat' dir='ltr'><strong>mans,</strong></span> <span class='ocrx_word' id='word_1_79' title='bbox 419 1204 485 1249; x_wconf 81' lang='lat' dir='ltr'><strong>anor</strong></span> <span class='ocrx_word' id='word_1_80' title='bbox 508 1206 536 1248; x_wconf 87' lang='lat' dir='ltr'><strong>e.</strong></span> 
     </span>
    </p>

    <p class='ocr_par' dir='ltr' id='par_1_3' title="bbox 295 1205 1351 1783">
     <span class='ocr_line' id='line_1_11' title="bbox 340 1205 1351 1353; baseline -0.001 -20"><span class='ocrx_word' id='word_1_81' title='bbox 340 1270 378 1333; x_wconf 90' lang='lat' dir='ltr'><strong>P.</strong></span> <span class='ocrx_word' id='word_1_82' title='bbox 390 1271 460 1353; x_wconf 80' lang='lat'><em>289.</em></span> <span class='ocrx_word' id='word_1_83' title='bbox 473 1205 514 1333; x_wconf 75' lang='lat' dir='ltr'><strong>lpr</strong></span> <span class='ocrx_word' id='word_1_84' title='bbox 520 1288 551 1353; x_wconf 86' lang='lat'><strong>5.</strong></span> <span class='ocrx_word' id='word_1_85' title='bbox 563 1267 676 1333; x_wconf 91' lang='lat' dir='ltr'><strong>didioit</strong></span> <span class='ocrx_word' id='word_1_86' title='bbox 686 1268 784 1332; x_wconf 94' lang='lat' dir='ltr'><strong>immo</strong></span> <span class='ocrx_word' id='word_1_87' title='bbox 792 1266 1046 1353; x_wconf 76' lang='lat' dir='ltr'><strong>remanentibus]</strong></span> <span class='ocrx_word' id='word_1_88' title='bbox 1060 1266 1143 1331; x_wconf 89' lang='lat' dir='ltr'><strong>Fide</strong></span> <span class='ocrx_word' id='word_1_89' title='bbox 1152 1266 1248 1331; x_wconf 85' lang='lat' dir='ltr'><strong>nixus</strong></span> <span class='ocrx_word' id='word_1_90' title='bbox 1257 1266 1351 1332; x_wconf 90' lang='lat' dir='ltr'><strong>MSti</strong></span> 
     </span>
     <span class='ocr_line' id='line_1_12' title="bbox 295 1352 1350 1439; baseline -0.004 -18"><span class='ocrx_word' id='word_1_91' title='bbox 295 1356 496 1421; x_wconf 82' lang='lat' dir='ltr'><strong>Tewaterani</strong></span> <span class='ocrx_word' id='word_1_92' title='bbox 517 1354 714 1439; x_wconf 76' lang='lat' dir='ltr'><strong>aliorumque</strong></span> <span class='ocrx_word' id='word_1_93' title='bbox 740 1352 980 1438; x_wconf 83' lang='lat' dir='ltr'><strong>quatuordeeim</strong></span> <span class='ocrx_word' id='word_1_94' title='bbox 1002 1352 1035 1415; x_wconf 93' lang='lat' dir='ltr'><strong>in</strong></span> <span class='ocrx_word' id='word_1_95' title='bbox 1058 1352 1135 1417; x_wconf 90' lang='lat' dir='ltr'><strong>edit.</strong></span> <span class='ocrx_word' id='word_1_96' title='bbox 1150 1352 1254 1418; x_wconf 86' lang='lat' dir='ltr'><strong>Oxon.</strong></span> <span class='ocrx_word' id='word_1_97' title='bbox 1285 1374 1350 1417; x_wconf 90' lang='lat' dir='ltr'><strong>me-</strong></span> 
     </span>
     <span class='ocr_line' id='line_1_13' title="bbox 295 1438 1349 1525; baseline -0.002 -20"><span class='ocrx_word' id='word_1_98' title='bbox 295 1450 502 1518; x_wconf 87' lang='lat' dir='ltr'><strong>moratorum,</strong></span> <span class='ocrx_word' id='word_1_99' title='bbox 523 1440 557 1505; x_wconf 92' lang='lat' dir='ltr'><strong>in</strong></span> <span class='ocrx_word' id='word_1_100' title='bbox 579 1440 693 1524; x_wconf 90' lang='lat' dir='ltr'><strong>quibus</strong></span> <span class='ocrx_word' id='word_1_101' title='bbox 715 1446 791 1504; x_wconf 88' lang='lat' dir='ltr'><strong>sunt</strong></span> <span class='ocrx_word' id='word_1_102' title='bbox 808 1438 873 1503; x_wconf 89' lang='lat' dir='ltr'><strong>duo</strong></span> <span class='ocrx_word' id='word_1_103' title='bbox 889 1438 934 1503; x_wconf 94' lang='lat' dir='ltr'><strong>illi</strong></span> <span class='ocrx_word' id='word_1_104' title='bbox 955 1438 1038 1503; x_wconf 86' lang='lat' dir='ltr'><strong>Novi</strong></span> <span class='ocrx_word' id='word_1_105' title='bbox 1059 1438 1190 1525; x_wconf 84' lang='lat' dir='ltr'><strong>Collegii</strong></span> <span class='ocrx_word' id='word_1_106' title='bbox 1211 1438 1349 1517; x_wconf 88' lang='lat' dir='ltr'><strong>oodiees,</strong></span> 
     </span>
     <span class='ocr_line' id='line_1_14' title="bbox 296 1524 1350 1611; baseline -0.002 -18"><span class='ocrx_word' id='word_1_107' title='bbox 296 1534 457 1593; x_wconf 85' lang='lat' dir='ltr'><strong>traotatus</strong></span> <span class='ocrx_word' id='word_1_108' title='bbox 477 1548 588 1590; x_wconf 87' lang='lat' dir='ltr'><strong>omnes</strong></span> <span class='ocrx_word' id='word_1_109' title='bbox 610 1525 761 1611; x_wconf 73' lang='lat' dir='ltr'><strong>Cypriani</strong></span> <span class='ocrx_word' id='word_1_110' title='bbox 781 1524 990 1601; x_wconf 73' lang='lat' dir='ltr'><strong>eontinentes</strong></span> <span class='ocrx_word' id='word_1_111' title='bbox 1012 1546 1187 1610; x_wconf 83' lang='lat' dir='ltr'>pronomen</span> <span class='ocrx_word' id='word_1_112' title='bbox 1207 1524 1292 1589; x_wconf 72' lang='lat' dir='ltr'><strong>nott</strong></span> <span class='ocrx_word' id='word_1_113' title='bbox 1315 1526 1350 1591; x_wconf 91' lang='lat' dir='ltr'><strong>in</strong></span> 
     </span>
     <span class='ocr_line' id='line_1_15' title="bbox 296 1608 1351 1685; baseline -0.001 -7"><span class='ocrx_word' id='word_1_114' title='bbox 296 1613 422 1678; x_wconf 82' lang='lat' dir='ltr'><strong>exeneis</strong></span> <span class='ocrx_word' id='word_1_115' title='bbox 435 1612 581 1677; x_wconf 81' lang='lat' dir='ltr'><strong>additum</strong></span> <span class='ocrx_word' id='word_1_116' title='bbox 596 1618 673 1676; x_wconf 88' lang='lat' dir='ltr'><strong>ante</strong></span> <span class='ocrx_word' id='word_1_117' title='bbox 687 1608 918 1685; x_wconf 56' lang='lat' dir='ltr'><strong>omoeoeusion,</strong></span> <span class='ocrx_word' id='word_1_118' title='bbox 930 1611 988 1675; x_wconf 91' lang='lat' dir='ltr'><strong>sed</strong></span> <span class='ocrx_word' id='word_1_119' title='bbox 1002 1611 1218 1676; x_wconf 76' lang='lat' dir='ltr'><strong>obscuriorem</strong></span> <span class='ocrx_word' id='word_1_120' title='bbox 1228 1611 1351 1677; x_wconf 80' lang='lat' dir='ltr'><strong>saeiens</strong></span> 
     </span>
     <span class='ocr_line' id='line_1_16' title="bbox 296 1696 1340 1783; baseline -0.003 -19"><span class='ocrx_word' id='word_1_121' title='bbox 296 1720 483 1777; x_wconf 81' lang='lat' dir='ltr'><strong>sermonem,</strong></span> <span class='ocrx_word' id='word_1_122' title='bbox 499 1698 648 1783; x_wconf 80' lang='lat' dir='ltr'><strong>expunxi.</strong></span> <span class='ocrx_word' id='word_1_123' title='bbox 688 1698 781 1761; x_wconf 90' lang='lat' dir='ltr'><strong>Idem</strong></span> <span class='ocrx_word' id='word_1_124' title='bbox 795 1696 897 1762; x_wconf 88' lang='lat' dir='ltr'><strong>neseit</strong></span> <span class='ocrx_word' id='word_1_125' title='bbox 912 1697 986 1761; x_wconf 90' lang='lat' dir='ltr'><strong>MS.</strong></span> <span class='ocrx_word' id='word_1_126' title='bbox 1001 1703 1058 1761; x_wconf 92' lang='lat' dir='ltr'><strong>ute</strong></span> <span class='ocrx_word' id='word_1_127' title='bbox 1096 1719 1136 1761; x_wconf 92' lang='lat' dir='ltr'><strong>ue</strong></span> <span class='ocrx_word' id='word_1_128' title='bbox 1148 1697 1340 1763; x_wconf 84' lang='lat' dir='ltr'><strong>Drurinnus.</strong></span> 
     </span>
    </p>

    <p class='ocr_par' dir='ltr' id='par_1_4' title="bbox 298 1781 1354 2461">
     <span class='ocr_line' id='line_1_17' title="bbox 342 1781 1351 1870; baseline -0.001 -22"><span class='ocrx_word' id='word_1_129' title='bbox 342 1785 380 1849; x_wconf 91' lang='lat' dir='ltr'><strong>P.</strong></span> <span class='ocrx_word' id='word_1_130' title='bbox 394 1804 467 1870; x_wconf 85' lang='lat'><strong>290.</strong></span> <span class='ocrx_word' id='word_1_131' title='bbox 488 1782 509 1848; x_wconf 95' lang='lat' dir='ltr'><strong>l.</strong></span> <span class='ocrx_word' id='word_1_132' title='bbox 524 1803 555 1868; x_wconf 85' lang='lat'><strong>3.</strong></span> <span class='ocrx_word' id='word_1_133' title='bbox 580 1782 747 1869; x_wconf 77' lang='lat' dir='ltr'><strong>Improbat</strong></span> <span class='ocrx_word' id='word_1_134' title='bbox 761 1781 898 1867; x_wconf 88' lang='lat' dir='ltr'><strong>denique</strong></span> <span class='ocrx_word' id='word_1_135' title='bbox 911 1781 1077 1869; x_wconf 88' lang='lat' dir='ltr'><strong>apostolus</strong></span> <span class='ocrx_word' id='word_1_136' title='bbox 1119 1783 1228 1866; x_wconf 86' lang='lat' dir='ltr'><strong>aulus]</strong></span> <span class='ocrx_word' id='word_1_137' title='bbox 1252 1783 1351 1848; x_wconf 84' lang='lat' dir='ltr'><strong>Hane</strong></span> 
     </span>
     <span class='ocr_line' id='line_1_18' title="bbox 298 1867 1351 1953; baseline -0.002 -16"><span class='ocrx_word' id='word_1_138' title='bbox 298 1869 439 1937; x_wconf 88' lang='lat' dir='ltr'><strong>omnium</strong></span> <span class='ocrx_word' id='word_1_139' title='bbox 453 1868 629 1935; x_wconf 88' lang='lat' dir='ltr'><strong>editionum</strong></span> <span class='ocrx_word' id='word_1_140' title='bbox 642 1868 811 1935; x_wconf 89' lang='lat' dir='ltr'><strong>leotionem</strong></span> <span class='ocrx_word' id='word_1_141' title='bbox 822 1867 970 1934; x_wconf 86' lang='lat' dir='ltr'><strong>Baluzius</strong></span> <span class='ocrx_word' id='word_1_142' title='bbox 984 1868 1091 1935; x_wconf 87' lang='lat' dir='ltr'><strong>neseio</strong></span> <span class='ocrx_word' id='word_1_143' title='bbox 1106 1891 1205 1953; x_wconf 88' lang='lat' dir='ltr'><strong>quare</strong></span> <span class='ocrx_word' id='word_1_144' title='bbox 1218 1891 1292 1933; x_wconf 87' lang='lat' dir='ltr'><strong>enm</strong></span> <span class='ocrx_word' id='word_1_145' title='bbox 1306 1868 1351 1935; x_wconf 79' lang='lat' dir='ltr'><strong>nl</strong></span> 
     </span>
     <span class='ocr_line' id='line_1_19' title="bbox 298 1953 1351 2042; baseline 0 -21"><span class='ocrx_word' id='word_1_146' title='bbox 298 1964 371 2021; x_wconf 86' lang='lat' dir='ltr'><strong>tera</strong></span> <span class='ocrx_word' id='word_1_147' title='bbox 384 1957 524 2042; x_wconf 78' lang='lat' dir='ltr'><strong>inorepot</strong></span> <span class='ocrx_word' id='word_1_148' title='bbox 543 1954 761 2021; x_wconf 85' lang='lat' dir='ltr'><strong>eommutavit.</strong></span> <span class='ocrx_word' id='word_1_149' title='bbox 806 1953 846 2017; x_wconf 95' lang='lat' dir='ltr'><strong>In</strong></span> <span class='ocrx_word' id='word_1_150' title='bbox 860 1955 937 2019; x_wconf 89' lang='lat' dir='ltr'><strong>edit.</strong></span> <span class='ocrx_word' id='word_1_151' title='bbox 953 1956 1057 2019; x_wconf 86' lang='lat' dir='ltr'><strong>Oxon.</strong></span> <span class='ocrx_word' id='word_1_152' title='bbox 1072 1976 1154 2040; x_wconf 77' lang='lat' dir='ltr'><strong>quoe,</strong></span> <span class='ocrx_word' id='word_1_153' title='bbox 1169 1956 1293 2041; x_wconf 86' lang='lat' dir='ltr'><strong>pariter</strong></span> <span class='ocrx_word' id='word_1_154' title='bbox 1312 1978 1351 2021; x_wconf 85' lang='lat' dir='ltr'><strong>ao</strong></span> 
     </span>
     <span class='ocr_line' id='line_1_20' title="bbox 299 2039 1352 2127; baseline 0 -20"><span class='ocrx_word' id='word_1_155' title='bbox 299 2048 434 2121; x_wconf 68' lang='lat' dir='ltr'><strong>oneras,</strong></span> <span class='ocrx_word' id='word_1_156' title='bbox 458 2048 594 2127; x_wconf 87' lang='lat' dir='ltr'><strong>praestat</strong></span> <span class='ocrx_word' id='word_1_157' title='bbox 615 2039 774 2127; x_wconf 74' lang='lat' dir='ltr'><strong>impondat,</strong></span> <span class='ocrx_word' id='word_1_158' title='bbox 794 2040 859 2105; x_wconf 91' lang='lat' dir='ltr'><strong>duo</strong></span> <span class='ocrx_word' id='word_1_159' title='bbox 880 2047 1009 2106; x_wconf 89' lang='lat' dir='ltr'><strong>tantum</strong></span> <span class='ocrx_word' id='word_1_160' title='bbox 1032 2042 1156 2107; x_wconf 89' lang='lat' dir='ltr'><strong>oodioes</strong></span> <span class='ocrx_word' id='word_1_161' title='bbox 1174 2062 1352 2107; x_wconf 90' lang='lat' dir='ltr'><strong>memoran-</strong></span> 
     </span>
     <span class='ocr_line' id='line_1_21' title="bbox 299 2126 1353 2213; baseline -0.001 -20"><span class='ocrx_word' id='word_1_162' title='bbox 299 2134 363 2206; x_wconf 87' lang='lat' dir='ltr'><strong>tur,</strong></span> <span class='ocrx_word' id='word_1_163' title='bbox 379 2128 412 2191; x_wconf 91' lang='lat' dir='ltr'><strong>in</strong></span> <span class='ocrx_word' id='word_1_164' title='bbox 435 2127 550 2211; x_wconf 83' lang='lat' dir='ltr'><strong>quibus</strong></span> <span class='ocrx_word' id='word_1_165' title='bbox 567 2134 660 2192; x_wconf 85' lang='lat' dir='ltr'><strong>extat</strong></span> <span class='ocrx_word' id='word_1_166' title='bbox 677 2128 808 2193; x_wconf 86' lang='lat' dir='ltr'><strong>verbnm</strong></span> <span class='ocrx_word' id='word_1_167' title='bbox 827 2127 988 2213; x_wconf 51' lang='lat' dir='ltr'><strong>increpo&amp;</strong></span> <span class='ocrx_word' id='word_1_168' title='bbox 1012 2149 1121 2192; x_wconf 88' lang='lat' dir='ltr'><strong>verum</strong></span> <span class='ocrx_word' id='word_1_169' title='bbox 1142 2126 1261 2192; x_wconf 82' lang='lat' dir='ltr'><strong>ibidem</strong></span> <span class='ocrx_word' id='word_1_170' title='bbox 1283 2128 1353 2192; x_wconf 91' lang='lat' dir='ltr'><strong>sine</strong></span> 
     </span>
     <span class='ocr_line' id='line_1_22' title="bbox 300 2211 1353 2299; baseline -0.002 -20"><span class='ocrx_word' id='word_1_171' title='bbox 300 2235 398 2279; x_wconf 87' lang='lat' dir='ltr'><strong>eausa</strong></span> <span class='ocrx_word' id='word_1_172' title='bbox 434 2220 626 2278; x_wconf 85' lang='lat' dir='ltr'><strong>annotatum</strong></span> <span class='ocrx_word' id='word_1_173' title='bbox 660 2224 721 2292; x_wconf 85' lang='lat' dir='ltr'><strong>est,</strong></span> <span class='ocrx_word' id='word_1_174' title='bbox 760 2212 897 2277; x_wconf 90' lang='lat' dir='ltr'><strong>“Forte</strong></span> <span class='ocrx_word' id='word_1_175' title='bbox 933 2211 1103 2299; x_wconf 83' lang='lat' dir='ltr'><strong>legendum</strong></span> <span class='ocrx_word' id='word_1_176' title='bbox 1134 2214 1353 2299; x_wconf 55' lang='lat' dir='ltr'><strong>inproperutf</strong></span> 
     </span>
     <span class='ocr_line' id='line_1_23' title="bbox 302 2297 1354 2386; baseline 0.002 -23"><span class='ocrx_word' id='word_1_177' title='bbox 302 2300 404 2363; x_wconf 88' lang='lat' dir='ltr'><strong>Porro</strong></span> <span class='ocrx_word' id='word_1_178' title='bbox 427 2305 561 2363; x_wconf 90' lang='lat' dir='ltr'><strong>tuentur</strong></span> <span class='ocrx_word' id='word_1_179' title='bbox 581 2297 751 2365; x_wconf 85' lang='lat' dir='ltr'><strong>leotionem</strong></span> <span class='ocrx_word' id='word_1_180' title='bbox 774 2297 924 2384; x_wconf 66' lang='lat' dir='ltr'><strong>tapetas</strong></span> <span class='ocrx_word' id='word_1_181' title='bbox 946 2298 1072 2364; x_wconf 91' lang='lat' dir='ltr'><strong>oodioes</strong></span> <span class='ocrx_word' id='word_1_182' title='bbox 1092 2300 1212 2386; x_wconf 74' lang='lat' dir='ltr'><strong>scripti,</strong></span> <span class='ocrx_word' id='word_1_183' title='bbox 1236 2299 1354 2385; x_wconf 81' lang='lat' dir='ltr'><strong>quibua</strong></span> 
     </span>
     <span class='ocr_line' id='line_1_24' title="bbox 299 2394 516 2461; baseline -0.014 -10"><span class='ocrx_word' id='word_1_184' title='bbox 299 2394 382 2461; x_wconf 84' lang='lat' dir='ltr'><strong>ntor,</strong></span> <span class='ocrx_word' id='word_1_185' title='bbox 398 2406 516 2449; x_wconf 91' lang='lat' dir='ltr'><strong>omnes.</strong></span> 
     </span>
    </p>

    <p class='ocr_par' dir='ltr' id='par_1_5' title="bbox 299 2468 1355 3158">
     <span class='ocr_line' id='line_1_25' title="bbox 345 2468 1354 2557; baseline 0.004 -24"><span class='ocrx_word' id='word_1_186' title='bbox 345 2469 427 2535; x_wconf 92' lang='lat' dir='ltr'><strong>Ibid.</strong></span> <span class='ocrx_word' id='word_1_187' title='bbox 439 2468 459 2535; x_wconf 91' lang='lat' dir='ltr'><strong>l.</strong></span> <span class='ocrx_word' id='word_1_188' title='bbox 473 2472 524 2535; x_wconf 79' lang='lat'><strong>28.</strong></span> <span class='ocrx_word' id='word_1_189' title='bbox 548 2470 628 2551; x_wconf 69' lang='lat' dir='ltr'><strong>Quis</strong></span> <span class='ocrx_word' id='word_1_190' title='bbox 647 2491 711 2535; x_wconf 94' lang='lat' dir='ltr'><strong>non</strong></span> <span class='ocrx_word' id='word_1_191' title='bbox 726 2470 770 2534; x_wconf 83' lang='lat' dir='ltr'><strong>sd</strong></span> <span class='ocrx_word' id='word_1_192' title='bbox 790 2470 922 2535; x_wconf 84' lang='lat' dir='ltr'><strong>meliora</strong></span> <span class='ocrx_word' id='word_1_193' title='bbox 939 2469 1105 2557; x_wconf 80' lang='lat' dir='ltr'><strong>festinett]</strong></span> <span class='ocrx_word' id='word_1_194' title='bbox 1133 2469 1280 2537; x_wconf 76' lang='lat' dir='ltr'><strong>Positum</strong></span> <span class='ocrx_word' id='word_1_195' title='bbox 1302 2480 1354 2537; x_wconf 87' lang='lat' dir='ltr'><strong>est</strong></span> 
     </span>
     <span class='ocr_line' id='line_1_26' title="bbox 299 2554 1354 2641; baseline 0 -20"><span class='ocrx_word' id='word_1_196' title='bbox 299 2557 334 2621; x_wconf 95' lang='lat' dir='ltr'><strong>in</strong></span> <span class='ocrx_word' id='word_1_197' title='bbox 347 2562 502 2621; x_wconf 75' lang='lat' dir='ltr'><strong>contextu</strong></span> <span class='ocrx_word' id='word_1_198' title='bbox 516 2554 699 2633; x_wconf 84' lang='lat' dir='ltr'><strong>Baluziano,</strong></span> <span class='ocrx_word' id='word_1_199' title='bbox 718 2555 793 2636; x_wconf 73' lang='lat' dir='ltr'><strong>ose</strong></span> <span class='ocrx_word' id='word_1_200' title='bbox 806 2576 866 2619; x_wconf 79' lang='lat' dir='ltr'><strong>stou</strong></span> <span class='ocrx_word' id='word_1_201' title='bbox 883 2556 929 2620; x_wconf 84' lang='lat' dir='ltr'><strong>ad</strong></span> <span class='ocrx_word' id='word_1_202' title='bbox 941 2555 1067 2620; x_wconf 76' lang='lat' dir='ltr'><strong>metim</strong></span> <span class='ocrx_word' id='word_1_203' title='bbox 1080 2556 1187 2621; x_wconf 86' lang='lat' dir='ltr'><strong>venire</strong></span> <span class='ocrx_word' id='word_1_204' title='bbox 1199 2556 1354 2641; x_wconf 76' lang='lat' dir='ltr'><strong>seotiuett</strong></span> 
     </span>
     <span class='ocr_line' id='line_1_27' title="bbox 301 2641 1355 2726; baseline -0.001 -18"><span class='ocrx_word' id='word_1_205' title='bbox 301 2642 381 2708; x_wconf 83' lang='lat' dir='ltr'><strong>Onm</strong></span> <span class='ocrx_word' id='word_1_206' title='bbox 396 2662 470 2707; x_wconf 85' lang='lat' dir='ltr'><strong>vero</strong></span> <span class='ocrx_word' id='word_1_207' title='bbox 482 2642 613 2707; x_wconf 87' lang='lat' dir='ltr'><strong>verbum</strong></span> <span class='ocrx_word' id='word_1_208' title='bbox 626 2642 728 2707; x_wconf 70' lang='lat' dir='ltr'><strong>entire</strong></span> <span class='ocrx_word' id='word_1_209' title='bbox 742 2641 864 2706; x_wconf 81' lang='lat' dir='ltr'><strong>frustra</strong></span> <span class='ocrx_word' id='word_1_210' title='bbox 876 2641 1082 2726; x_wconf 66' lang='lat' dir='ltr'><strong>quaerendum</strong></span> <span class='ocrx_word' id='word_1_211' title='bbox 1096 2642 1140 2707; x_wconf 87' lang='lat' dir='ltr'><strong>sit</strong></span> <span class='ocrx_word' id='word_1_212' title='bbox 1152 2642 1201 2707; x_wconf 85' lang='lat' dir='ltr'><strong>vel</strong></span> <span class='ocrx_word' id='word_1_213' title='bbox 1216 2644 1251 2707; x_wconf 91' lang='lat' dir='ltr'><strong>in</strong></span> <span class='ocrx_word' id='word_1_214' title='bbox 1263 2641 1355 2707; x_wconf 89' lang='lat' dir='ltr'><strong>libris</strong></span> 
     </span>
     <span class='ocr_line' id='line_1_28' title="bbox 300 2726 1354 2813; baseline 0 -20"><span class='ocrx_word' id='word_1_215' title='bbox 300 2727 405 2806; x_wconf 91' lang='lat' dir='ltr'><strong>editis,</strong></span> <span class='ocrx_word' id='word_1_216' title='bbox 422 2729 470 2792; x_wconf 91' lang='lat' dir='ltr'><strong>vel</strong></span> <span class='ocrx_word' id='word_1_217' title='bbox 485 2727 612 2813; x_wconf 85' lang='lat' dir='ltr'><strong>seriptis</strong></span> <span class='ocrx_word' id='word_1_218' title='bbox 626 2726 687 2793; x_wconf 86' lang='lat' dir='ltr'><strong>illis</strong></span> <span class='ocrx_word' id='word_1_219' title='bbox 707 2727 822 2813; x_wconf 90' lang='lat' dir='ltr'><strong>quibus</strong></span> <span class='ocrx_word' id='word_1_220' title='bbox 841 2749 917 2793; x_wconf 89' lang='lat' dir='ltr'><strong>usus</strong></span> <span class='ocrx_word' id='word_1_221' title='bbox 931 2748 1011 2805; x_wconf 89' lang='lat' dir='ltr'><strong>snm,</strong></span> <span class='ocrx_word' id='word_1_222' title='bbox 1027 2727 1105 2792; x_wconf 91' lang='lat' dir='ltr'><strong>illud</strong></span> <span class='ocrx_word' id='word_1_223' title='bbox 1124 2729 1295 2794; x_wconf 89' lang='lat' dir='ltr'><strong>delendum</strong></span> <span class='ocrx_word' id='word_1_224' title='bbox 1309 2729 1354 2793; x_wconf 88' lang='lat' dir='ltr'><strong>vi-</strong></span> 
     </span>
     <span class='ocr_line' id='line_1_29' title="bbox 300 2812 1354 2899; baseline 0.002 -21"><span class='ocrx_word' id='word_1_225' title='bbox 300 2814 405 2879; x_wconf 86' lang='lat' dir='ltr'><strong>detur.</strong></span> <span class='ocrx_word' id='word_1_226' title='bbox 449 2812 546 2877; x_wconf 89' lang='lat' dir='ltr'><strong>Adde</strong></span> <span class='ocrx_word' id='word_1_227' title='bbox 566 2814 651 2898; x_wconf 92' lang='lat' dir='ltr'><strong>qnod</strong></span> <span class='ocrx_word' id='word_1_228' title='bbox 672 2835 775 2899; x_wconf 90' lang='lat' dir='ltr'><strong>neque</strong></span> <span class='ocrx_word' id='word_1_229' title='bbox 795 2813 964 2889; x_wconf 84' lang='lat' dir='ltr'><strong>Pamslins‚</strong></span> <span class='ocrx_word' id='word_1_230' title='bbox 979 2834 1083 2899; x_wconf 88' lang='lat' dir='ltr'><strong>neque</strong></span> <span class='ocrx_word' id='word_1_231' title='bbox 1100 2815 1207 2879; x_wconf 83' lang='lat' dir='ltr'><strong>Variae</strong></span> <span class='ocrx_word' id='word_1_232' title='bbox 1227 2814 1354 2880; x_wconf 85' lang='lat' dir='ltr'><strong>Leotio-</strong></span> 
     </span>
     <span class='ocr_line' id='line_1_30' title="bbox 302 2898 1354 2984; baseline 0.001 -19"><span class='ocrx_word' id='word_1_233' title='bbox 302 2920 359 2965; x_wconf 85' lang='lat' dir='ltr'><strong>nes</strong></span> <span class='ocrx_word' id='word_1_234' title='bbox 373 2899 406 2963; x_wconf 94' lang='lat' dir='ltr'><strong>in</strong></span> <span class='ocrx_word' id='word_1_235' title='bbox 421 2898 498 2965; x_wconf 88' lang='lat' dir='ltr'><strong>edit.</strong></span> <span class='ocrx_word' id='word_1_236' title='bbox 514 2898 617 2965; x_wconf 87' lang='lat' dir='ltr'><strong>Oxon.</strong></span> <span class='ocrx_word' id='word_1_237' title='bbox 633 2899 746 2984; x_wconf 79' lang='lat' dir='ltr'><strong>positae</strong></span> <span class='ocrx_word' id='word_1_238' title='bbox 768 2900 837 2984; x_wconf 91' lang='lat' dir='ltr'><strong>ejus</strong></span> <span class='ocrx_word' id='word_1_239' title='bbox 854 2899 1048 2964; x_wconf 80' lang='lat' dir='ltr'><strong>mentionem</strong></span> <span class='ocrx_word' id='word_1_240' title='bbox 1068 2901 1199 2965; x_wconf 83' lang='lat' dir='ltr'><strong>taoiunt.</strong></span> <span class='ocrx_word' id='word_1_241' title='bbox 1244 2900 1301 2965; x_wconf 84' lang='lat' dir='ltr'><strong>lta</strong></span> <span class='ocrx_word' id='word_1_242' title='bbox 1319 2908 1354 2966; x_wconf 89' lang='lat' dir='ltr'><strong>et</strong></span> 
     </span>
     <span class='ocr_line' id='line_1_31' title="bbox 300 2985 1353 3087; baseline 0.004 -38"><span class='ocrx_word' id='word_1_243' title='bbox 300 2985 445 3072; x_wconf 85' lang='lat' dir='ltr'><strong>proxime</strong></span> <span class='ocrx_word' id='word_1_244' title='bbox 459 2992 533 3071; x_wconf 88' lang='lat' dir='ltr'><strong>post</strong></span> <span class='ocrx_word' id='word_1_245' title='bbox 542 2986 585 3050; x_wconf 92' lang='lat' dir='ltr'><strong>ob</strong></span> <span class='ocrx_word' id='word_1_246' title='bbox 596 2985 729 3049; x_wconf 88' lang='lat' dir='ltr'><strong>eandem</strong></span> <span class='ocrx_word' id='word_1_247' title='bbox 740 3006 868 3050; x_wconf 83' lang='lat' dir='ltr'><strong>oausam</strong></span> <span class='ocrx_word' id='word_1_248' title='bbox 877 2986 1044 3070; x_wconf 79' lang='lat' dir='ltr'><strong>rssorrnori</strong></span> <span class='ocrx_word' id='word_1_249' title='bbox 1047 3008 1111 3087; x_wconf 91' lang='lat' dir='ltr'><strong>pro</strong></span> <span class='ocrx_word' id='word_1_250' title='bbox 1124 2987 1353 3071; x_wconf 79' lang='lat' dir='ltr'><strong>trorusomori,</strong></span> 
     </span>
     <span class='ocr_line' id='line_1_32' title="bbox 302 3070 1203 3158; baseline 0.001 -22"><span class='ocrx_word' id='word_1_251' title='bbox 302 3072 388 3158; x_wconf 85' lang='lat' dir='ltr'><strong>quod</strong></span> <span class='ocrx_word' id='word_1_252' title='bbox 402 3078 495 3137; x_wconf 85' lang='lat' dir='ltr'><strong>extat</strong></span> <span class='ocrx_word' id='word_1_253' title='bbox 509 3071 542 3134; x_wconf 93' lang='lat' dir='ltr'><strong>in</strong></span> <span class='ocrx_word' id='word_1_254' title='bbox 557 3070 729 3135; x_wconf 82' lang='lat' dir='ltr'><strong>Balnniano</strong></span> <span class='ocrx_word' id='word_1_255' title='bbox 742 3079 846 3149; x_wconf 83' lang='lat' dir='ltr'><strong>textu,</strong></span> <span class='ocrx_word' id='word_1_256' title='bbox 861 3073 1013 3137; x_wconf 87' lang='lat' dir='ltr'><strong>redueere</strong></span> <span class='ocrx_word' id='word_1_257' title='bbox 1027 3094 1129 3137; x_wconf 76' lang='lat' dir='ltr'><strong>visum</strong></span> <span class='ocrx_word' id='word_1_258' title='bbox 1142 3080 1203 3137; x_wconf 89' lang='lat' dir='ltr'><strong>est.</strong></span> 
     </span>
    </p>

    <p class='ocr_par' dir='ltr' id='par_1_6' title="bbox 302 3156 1356 3671">
     <span class='ocr_line' id='line_1_33' title="bbox 346 3156 1354 3244; baseline 0.005 -24"><span class='ocrx_word' id='word_1_259' title='bbox 346 3156 384 3221; x_wconf 90' lang='lat' dir='ltr'><strong>P.</strong></span> <span class='ocrx_word' id='word_1_260' title='bbox 396 3176 468 3239; x_wconf 80' lang='lat'>291.</span> <span class='ocrx_word' id='word_1_261' title='bbox 483 3157 503 3221; x_wconf 94' lang='lat' dir='ltr'><strong>l.</strong></span> <span class='ocrx_word' id='word_1_262' title='bbox 518 3175 566 3222; x_wconf 67' lang='grc' dir='ltr'><strong>ια.</strong></span> <span class='ocrx_word' id='word_1_263' title='bbox 578 3157 752 3221; x_wconf 84' lang='lat' dir='ltr'><strong>seeundum</strong></span> <span class='ocrx_word' id='word_1_264' title='bbox 766 3156 862 3221; x_wconf 87' lang='lat' dir='ltr'><strong>fidem</strong></span> <span class='ocrx_word' id='word_1_265' title='bbox 876 3157 955 3243; x_wconf 83' lang='lat' dir='ltr'><strong>veri]</strong></span> <span class='ocrx_word' id='word_1_266' title='bbox 973 3157 1057 3223; x_wconf 80' lang='lat' dir='ltr'><strong>Haeo</strong></span> <span class='ocrx_word' id='word_1_267' title='bbox 1069 3157 1174 3237; x_wconf 86' lang='lat' dir='ltr'><strong>leotio‚</strong></span> <span class='ocrx_word' id='word_1_268' title='bbox 1187 3179 1284 3244; x_wconf 90' lang='lat' dir='ltr'><strong>quam</strong></span> <span class='ocrx_word' id='word_1_269' title='bbox 1298 3180 1354 3225; x_wconf 81' lang='lat' dir='ltr'><strong>ex-</strong></span> 
     </span>
     <span class='ocr_line' id='line_1_34' title="bbox 303 3242 1353 3331; baseline 0.004 -26"><span class='ocrx_word' id='word_1_270' title='bbox 303 3242 416 3308; x_wconf 86' lang='lat' dir='ltr'><strong>hibent</strong></span> <span class='ocrx_word' id='word_1_271' title='bbox 437 3242 583 3307; x_wconf 87' lang='lat' dir='ltr'><strong>undeoim</strong></span> <span class='ocrx_word' id='word_1_272' title='bbox 605 3242 806 3329; x_wconf 81' lang='lat' dir='ltr'><strong>exemplaria,</strong></span> <span class='ocrx_word' id='word_1_273' title='bbox 821 3243 854 3307; x_wconf 95' lang='lat' dir='ltr'><strong>in</strong></span> <span class='ocrx_word' id='word_1_274' title='bbox 869 3242 984 3327; x_wconf 90' lang='lat' dir='ltr'><strong>quibus</strong></span> <span class='ocrx_word' id='word_1_275' title='bbox 1002 3266 1086 3331; x_wconf 92' lang='lat' dir='ltr'><strong>pono</strong></span> <span class='ocrx_word' id='word_1_276' title='bbox 1102 3244 1353 3331; x_wconf 70' lang='lat' dir='ltr'><strong>Seguierianm</strong></span> 
     </span>
     <span class='ocr_line' id='line_1_35' title="bbox 302 3327 1355 3416; baseline 0.003 -24"><span class='ocrx_word' id='word_1_277' title='bbox 302 3334 352 3392; x_wconf 88' lang='lat' dir='ltr'><strong>est</strong></span> <span class='ocrx_word' id='word_1_278' title='bbox 366 3327 497 3413; x_wconf 88' lang='lat' dir='ltr'><strong>optima.</strong></span> <span class='ocrx_word' id='word_1_279' title='bbox 537 3329 579 3391; x_wconf 92' lang='lat' dir='ltr'><strong>In</strong></span> <span class='ocrx_word' id='word_1_280' title='bbox 592 3328 717 3393; x_wconf 84' lang='lat' dir='ltr'><strong>duobus</strong></span> <span class='ocrx_word' id='word_1_281' title='bbox 731 3328 802 3394; x_wconf 87' lang='lat' dir='ltr'><strong>aliis</strong></span> <span class='ocrx_word' id='word_1_282' title='bbox 816 3329 971 3416; x_wconf 88' lang='lat' dir='ltr'><strong>seriptum</strong></span> <span class='ocrx_word' id='word_1_283' title='bbox 984 3339 1034 3395; x_wconf 92' lang='lat' dir='ltr'><strong>est</strong></span> <span class='ocrx_word' id='word_1_284' title='bbox 1048 3328 1141 3396; x_wconf 78' lang='lat' dir='ltr'><strong>serbi.</strong></span> <span class='ocrx_word' id='word_1_285' title='bbox 1187 3330 1355 3395; x_wconf 76' lang='lat' dir='ltr'><strong>Morellins</strong></span> 
     </span>
     <span class='ocr_line' id='line_1_36' title="bbox 302 3412 1355 3499; baseline 0.003 -22"><span class='ocrx_word' id='word_1_286' title='bbox 302 3412 448 3491; x_wconf 79' lang='lat' dir='ltr'><strong>adnotat,</strong></span> <span class='ocrx_word' id='word_1_287' title='bbox 459 3412 616 3478; x_wconf 79' lang='lat' dir='ltr'><strong>sevidisse</strong></span> <span class='ocrx_word' id='word_1_288' title='bbox 624 3414 778 3499; x_wconf 86' lang='lat' dir='ltr'><strong>seriptum</strong></span> <span class='ocrx_word' id='word_1_289' title='bbox 788 3415 822 3479; x_wconf 93' lang='lat' dir='ltr'><strong>in</strong></span> <span class='ocrx_word' id='word_1_290' title='bbox 832 3416 974 3499; x_wconf 84' lang='lat' dir='ltr'><strong>antiquis</strong></span> <span class='ocrx_word' id='word_1_291' title='bbox 985 3416 1139 3481; x_wconf 71' lang='lat' dir='ltr'><strong>wrialim</strong></span> <span class='ocrx_word' id='word_1_292' title='bbox 1149 3414 1240 3480; x_wconf 80' lang='lat' dir='ltr'><strong>serbi.</strong></span> <span class='ocrx_word' id='word_1_293' title='bbox 1258 3417 1355 3497; x_wconf 74' lang='lat' dir='ltr'><strong>Quod</strong></span> 
     </span>
     <span class='ocr_line' id='line_1_37' title="bbox 302 3498 1354 3567; baseline 0.003 -3"><span class='ocrx_word' id='word_1_294' title='bbox 302 3498 471 3564; x_wconf 74' lang='lat' dir='ltr'><strong>confirmat</strong></span> <span class='ocrx_word' id='word_1_295' title='bbox 485 3506 628 3564; x_wconf 88' lang='lat' dir='ltr'><strong>nostram</strong></span> <span class='ocrx_word' id='word_1_296' title='bbox 642 3500 821 3565; x_wconf 89' lang='lat' dir='ltr'><strong>leotionem.</strong></span> <span class='ocrx_word' id='word_1_297' title='bbox 852 3499 892 3563; x_wconf 94' lang='lat' dir='ltr'><strong>In</strong></span> <span class='ocrx_word' id='word_1_298' title='bbox 907 3502 1014 3567; x_wconf 88' lang='lat' dir='ltr'><strong>oodioe</strong></span> <span class='ocrx_word' id='word_1_299' title='bbox 1025 3502 1176 3567; x_wconf 90' lang='lat' dir='ltr'><strong>Beooensi</strong></span> <span class='ocrx_word' id='word_1_300' title='bbox 1190 3508 1224 3567; x_wconf 87' lang='lat' dir='ltr'><strong>et</strong></span> <span class='ocrx_word' id='word_1_301' title='bbox 1238 3502 1272 3565; x_wconf 92' lang='lat' dir='ltr'><strong>in</strong></span> <span class='ocrx_word' id='word_1_302' title='bbox 1287 3503 1354 3567; x_wconf 90' lang='lat' dir='ltr'><strong>edi·</strong></span> 
     </span>
     <span class='ocr_line' id='line_1_38' title="bbox 303 3584 1356 3671; baseline 0.002 -21"><span class='ocrx_word' id='word_1_303' title='bbox 303 3584 391 3650; x_wconf 90' lang='lat' dir='ltr'><strong>tione</strong></span> <span class='ocrx_word' id='word_1_304' title='bbox 415 3584 553 3651; x_wconf 86' lang='lat' dir='ltr'><strong>Morellii</strong></span> <span class='ocrx_word' id='word_1_305' title='bbox 573 3585 690 3671; x_wconf 83' lang='lat' dir='ltr'><strong>legitur</strong></span> <span class='ocrx_word' id='word_1_306' title='bbox 704 3587 864 3651; x_wconf 62' lang='lat' dir='ltr'><strong>ueritatiu</strong></span> <span class='ocrx_word' id='word_1_307' title='bbox 888 3586 971 3653; x_wconf 81' lang='lat' dir='ltr'><strong>Haeo</strong></span> <span class='ocrx_word' id='word_1_308' title='bbox 990 3586 1156 3653; x_wconf 73' lang='lat' dir='ltr'><strong>anzms.</strong></span> <span class='ocrx_word' id='word_1_309' title='bbox 1203 3587 1265 3669; x_wconf 79' lang='lat' dir='ltr'><strong>Qui</strong></span> <span class='ocrx_word' id='word_1_310' title='bbox 1287 3589 1356 3652; x_wconf 81' lang='lat' dir='ltr'><strong>neri</strong></span> 
     </span>
    </p>
   </div>
   <div class='ocr_carea' id='block_1_3' title="bbox 302 3670 1355 3823">
    <p class='ocr_par' dir='ltr' id='par_1_7' title="bbox 302 3670 1355 3823">
     <span class='ocr_line' id='line_1_39' title="bbox 302 3670 1355 3823; baseline 0.006 -90"><span class='ocrx_word' id='word_1_311' title='bbox 302 3690 361 3756; x_wconf 92' lang='lat' dir='ltr'><strong>pro</strong></span> <span class='ocrx_word' id='word_1_312' title='bbox 386 3670 521 3735; x_wconf 83' lang='lat' dir='ltr'><strong>lectione</strong></span> <span class='ocrx_word' id='word_1_313' title='bbox 547 3670 678 3758; x_wconf 79' lang='lat' dir='ltr'><strong>vulgata</strong></span> <span class='ocrx_word' id='word_1_314' title='bbox 705 3673 992 3823; x_wconf 61' lang='lat' dir='ltr'><strong>mutqunmus</strong></span> <span class='ocrx_word' id='word_1_315' title='bbox 1024 3675 1141 3760; x_wconf 89' lang='lat' dir='ltr'><strong>posuit,</strong></span> <span class='ocrx_word' id='word_1_316' title='bbox 1172 3673 1355 3739; x_wconf 84' lang='lat' dir='ltr'><strong>laventibus</strong></span> 
     </span>
    </p>
   </div>
   <div class='ocr_carea' id='block_1_4' title="bbox 301 3756 1355 4256">
    <p class='ocr_par' dir='ltr' id='par_1_8' title="bbox 301 3756 1355 4256">
     <span class='ocr_line' id='line_1_40' title="bbox 303 3756 1354 3857; baseline 0.006 -38"><span class='ocrx_word' id='word_1_317' title='bbox 303 3778 431 3856; x_wconf 76' lang='lat' dir='ltr'><strong>quoqne</strong></span> <span class='ocrx_word' id='word_1_318' title='bbox 444 3756 552 3823; x_wconf 87' lang='lat' dir='ltr'><strong>eodioe</strong></span> <span class='ocrx_word' id='word_1_319' title='bbox 567 3756 652 3857; x_wconf 41' lang='lat' dir='ltr'><strong>Novi·</strong></span> <span class='ocrx_word' id='word_1_320' title='bbox 663 3756 742 3824; x_wconf 82' lang='lat' dir='ltr'>Gall.</span> <span class='ocrx_word' id='word_1_321' title='bbox 756 3777 783 3822; x_wconf 84' lang='lat'><strong>2.</strong></span> <span class='ocrx_word' id='word_1_322' title='bbox 799 3766 834 3823; x_wconf 90' lang='lat' dir='ltr'><strong>et</strong></span> <span class='ocrx_word' id='word_1_323' title='bbox 877 3767 1057 3825; x_wconf 79' lang='lat' dir='ltr'><strong>ewaterano</strong></span> <span class='ocrx_word' id='word_1_324' title='bbox 1070 3782 1151 3825; x_wconf 90' lang='lat' dir='ltr'><strong>meo.</strong></span> <span class='ocrx_word' id='word_1_325' title='bbox 1195 3760 1260 3825; x_wconf 86' lang='lat' dir='ltr'><strong>Sed</strong></span> <span class='ocrx_word' id='word_1_326' title='bbox 1275 3782 1354 3845; x_wconf 78' lang='lat' dir='ltr'><strong>qno</strong></span> 
     </span>
     <span class='ocr_line' id='line_1_41' title="bbox 302 4014 1353 4099; baseline 0.005 -22"><span class='ocrx_word' id='word_1_327' title='bbox 302 4014 355 4091; x_wconf 88' lang='lat' dir='ltr'><strong>sit,</strong></span> <span class='ocrx_word' id='word_1_328' title='bbox 369 4014 529 4079; x_wconf 70' lang='lat' dir='ltr'><strong>oemrtdom</strong></span> <span class='ocrx_word' id='word_1_329' title='bbox 544 4015 642 4099; x_wconf 72' lang='lat' dir='ltr'><strong>fidem</strong></span> <span class='ocrx_word' id='word_1_330' title='bbox 663 4016 751 4081; x_wconf 88' lang='lat' dir='ltr'><strong>verbi</strong></span> <span class='ocrx_word' id='word_1_331' title='bbox 772 4017 927 4084; x_wconf 84' lang='lat' dir='ltr'><strong>veritatis.</strong></span> <span class='ocrx_word' id='word_1_332' title='bbox 972 4017 1076 4083; x_wconf 82' lang='lat' dir='ltr'><strong>Extat</strong></span> <span class='ocrx_word' id='word_1_333' title='bbox 1089 4026 1199 4083; x_wconf 88' lang='lat' dir='ltr'><strong>tamen</strong></span> <span class='ocrx_word' id='word_1_334' title='bbox 1216 4018 1353 4094; x_wconf 81' lang='lat' dir='ltr'><strong>infra‚si</strong></span> 
     </span>
     <span class='ocr_line' id='line_1_42' title="bbox 304 4098 1355 4191; baseline 0.003 -28"><span class='ocrx_word' id='word_1_335' title='bbox 304 4098 380 4184; x_wconf 92' lang='lat' dir='ltr'><strong>quid</strong></span> <span class='ocrx_word' id='word_1_336' title='bbox 399 4100 431 4163; x_wconf 91' lang='lat' dir='ltr'><strong>id</strong></span> <span class='ocrx_word' id='word_1_337' title='bbox 447 4100 554 4173; x_wconf 80' lang='lat' dir='ltr'><strong>refert,</strong></span> <span class='ocrx_word' id='word_1_338' title='bbox 575 4099 608 4163; x_wconf 95' lang='lat' dir='ltr'><strong>in</strong></span> <span class='ocrx_word' id='word_1_339' title='bbox 625 4100 678 4166; x_wconf 95' lang='lat' dir='ltr'><strong>lib.</strong></span> <span class='ocrx_word' id='word_1_340' title='bbox 695 4102 736 4167; x_wconf 86' lang='lat' dir='ltr'><strong>de</strong></span> <span class='ocrx_word' id='word_1_341' title='bbox 750 4103 855 4188; x_wconf 85' lang='lat' dir='ltr'><strong>Opere</strong></span> <span class='ocrx_word' id='word_1_342' title='bbox 872 4111 906 4168; x_wconf 85' lang='lat' dir='ltr'><strong>et</strong></span> <span class='ocrx_word' id='word_1_343' title='bbox 928 4102 1147 4191; x_wconf 84' lang='lat' dir='ltr'><strong>Eleemosynis</strong></span> <span class='ocrx_word' id='word_1_344' title='bbox 1167 4126 1238 4190; x_wconf 82' lang='lat' dir='ltr'><strong>esp.</strong></span> <span class='ocrx_word' id='word_1_345' title='bbox 1249 4124 1283 4185; x_wconf 83' lang='lat'><strong>4.</strong></span> <span class='ocrx_word' id='word_1_346' title='bbox 1297 4103 1355 4190; x_wconf 78' lang='lat' dir='ltr'><strong>qai</strong></span> 
     </span>
     <span class='ocr_line' id='line_1_43' title="bbox 301 4182 1005 4256; baseline 0.01 -7"><span class='ocrx_word' id='word_1_347' title='bbox 301 4182 386 4249; x_wconf 73' lang='lat' dir='ltr'><strong>tato</strong></span> <span class='ocrx_word' id='word_1_348' title='bbox 400 4185 474 4250; x_wconf 87' lang='lat' dir='ltr'><strong>fidei</strong></span> <span class='ocrx_word' id='word_1_349' title='bbox 485 4186 654 4252; x_wconf 84' lang='lat' dir='ltr'><strong>veritatem</strong></span> <span class='ocrx_word' id='word_1_350' title='bbox 668 4198 769 4253; x_wconf 74' lang='lat' dir='ltr'><strong>servat</strong></span> <span class='ocrx_word' id='word_1_351' title='bbox 782 4190 847 4253; x_wconf 81' lang='lat' dir='ltr'><strong>Dei</strong></span> <span class='ocrx_word' id='word_1_352' title='bbox 859 4190 1005 4256; x_wconf 78' lang='lat' dir='ltr'><strong>timorem,</strong></span> 
     </span>
    </p>
   </div>
   <div class='ocr_carea' id='block_1_5' title="bbox 347 4271 1351 4361">
    <p class='ocr_par' dir='ltr' id='par_1_9' title="bbox 347 4271 1351 4361">
     <span class='ocr_line' id='line_1_44' title="bbox 347 4271 1351 4361; baseline 0.006 -28"><span class='ocrx_word' id='word_1_353' title='bbox 347 4272 383 4335; x_wconf 84' lang='lat' dir='ltr'><strong>l‘.</strong></span> <span class='ocrx_word' id='word_1_354' title='bbox 402 4289 472 4357; x_wconf 85' lang='lat'>292.</span> <span class='ocrx_word' id='word_1_355' title='bbox 495 4271 514 4337; x_wconf 93' lang='lat' dir='ltr'><strong>l.</strong></span> <span class='ocrx_word' id='word_1_356' title='bbox 537 4292 582 4336; x_wconf 89' lang='lat'><strong>11.</strong></span> <span class='ocrx_word' id='word_1_357' title='bbox 605 4274 747 4359; x_wconf 79' lang='lat' dir='ltr'><strong>quomodo</strong></span> <span class='ocrx_word' id='word_1_358' title='bbox 761 4285 789 4340; x_wconf 80' lang='lat' dir='ltr'><strong>ot</strong></span> <span class='ocrx_word' id='word_1_359' title='bbox 804 4276 888 4341; x_wconf 80' lang='lat' dir='ltr'><strong>Deos</strong></span> <span class='ocrx_word' id='word_1_360' title='bbox 901 4286 1001 4341; x_wconf 77' lang='lat' dir='ltr'><strong>mosset</strong></span> <span class='ocrx_word' id='word_1_361' title='bbox 1015 4278 1050 4341; x_wconf 80' lang='lat' dir='ltr'><strong>iu</strong></span> <span class='ocrx_word' id='word_1_362' title='bbox 1064 4276 1224 4361; x_wconf 70' lang='lat' dir='ltr'><strong>numm]</strong></span> <span class='ocrx_word' id='word_1_363' title='bbox 1250 4276 1351 4343; x_wconf 71' lang='lat' dir='ltr'><strong>omis</strong></span> 
     </span>
    </p>
   </div>
   <div class='ocr_carea' id='block_1_6' title="bbox 0 0 1452 4817">
    <p class='ocr_par' dir='ltr' id='par_1_10' title="bbox 0 0 1452 4817">
     <span class='ocr_line' id='line_1_45' title="bbox 0 0 1452 4817; baseline 0 0"><span class='ocrx_word' id='word_1_364' title='bbox 0 0 1452 4817; x_wconf 95' lang='lat' dir='ltr'><strong> </strong></span> 
     </span>
    </p>
   </div>
  </div>
 </body>
</html>
