2867 4817
269 324 335 397 296
645 327 677 391 S.
702 323 940 391 CYPRIANI

270 526 383 574 manae
399 502 583 574 infirmitas
596 511 703 594 atque
716 497 940 571 imbecillitas
952 498 1095 580 faceret,
1107 498 1175 567 nisi
1187 496 1320 567 itemm

270 621 384 713 pietas
414 621 534 691 divina
567 619 789 700 subveniens,
815 616 968 708 justitiae
1001 623 1039 684 et
1068 612 1321 683 misericordiae

271 737 435 830 operibus
452 737 610 819 ostensis,
627 736 722 805 viam
744 734 919 827 quandam
937 732 1082 801 tuendae
1098 730 1221 801 salutis
1237 752 1322 822 ape-

271 854 366 935 riret
383 860 425 922 ut
442 853 562 923 sordes
583 852 812 945 postmodum
834 871 1060 941 quascunque
1079 846 1321 918 contrahimus

273 967 504 1062 eleemosynis
532 968 728 1039 abluamus.
780 967 955 1061 Loquitur
980 967 1019 1036 in
1052 966 1233 1058 scripturis
1265 965 1351 1046 di·s

133 1112 149 1143 ο
183 1094 217 1142 iv·
273 1086 363 1157 vinis
391 1084 544 1179 Spiritus
569 1084 722 1155 Sanctus
744 1091 782 1154 et
804 1085 911 1155 dicit:
936 1080 1175 1177 Ekenmynis
1197 1089 1229 1153 es
1244 1078 1323 1174 fide

133 1176 182 1210 Μ’
194 1176 236 1209 ”⁸
274 1200 397 1275 delicto
408 1210 617 1300 purpurata.
662 1201 749 1272 Non
768 1200 893 1295 utique
915 1199 977 1271 illa
998 1199 1129 1271 delicta
1150 1222 1228 1292 quae
1244 1197 1323 1270 fue-

273 1328 353 1392 rant
387 1328 470 1390 ante
507 1324 698 1389 contincta
761 1315 859 1387 Nam
893 1315 956 1387 illa
985 1316 1118 1387 Christi
1150 1318 1323 1411 sanguine

274 1447 311 1509 et
345 1436 622 1509 sanctificatione
654 1443 860 1529 purgantur.
921 1432 1024 1505 Idem
1057 1434 1174 1504 denuo
1214 1434 1322 1505 dicit:

109 1568 243 1620 astutii-
273 1553 494 1648 Siculaque
527 1552 698 1649 eatirspait
727 1551 850 1648 ignoro,
883 1550 935 1621 sic
967 1548 1177 1646 eleemosyna
1209 1550 1324 1621 auin-
1336 1589 1381 1629 10

269 1673 348 1770 quit
371 1679 559 1767 peccatam.
603 1668 676 1739 Hic
703 1690 842 1761 quoque
871 1669 1070 1739 ostenditur
1093 1677 1131 1738 et
1152 1668 1325 1762 probatur

210 1812 213 1819 ’
273 1791 357 1882 quia
374 1790 466 1860 sieut
488 1787 628 1858 lavacro
650 1808 750 1878 aquae
770 1784 933 1856 salutaris
952 1786 1126 1880 gehenuae
1147 1786 1238 1879 ignis
1259 1808 1324 1855 ex-

272 1906 457 1999 tinguitur,
493 1905 544 1974 ita
578 1911 616 1973 et
651 1902 883 1996 eleemosynis
916 1910 1024 1994 atque
1058 1900 1324 1994 operationibus

268 2022 376 2115 justis
393 2020 605 2092 delictomm
626 2018 769 2091 flamma
790 2020 936 2113 sopitur.
987 2018 1036 2089 Et
1053 2018 1136 2111 quia
1157 2018 1269 2088 semel
1285 2020 1324 2088 in

276 2138 452 2231 baptismo
468 2138 614 2207 remissa
635 2145 862 2229 peccatorum
879 2138 992 2217 datur,
1010 2136 1150 2207 assidua
1170 2143 1209 2206 et
1225 2135 1380 2235 jugis15

276 2254 433 2346 operatio
462 2254 628 2347 baptismi
657 2255 769 2324 instar
796 2255 937 2324 imitata
964 2251 1035 2323 Dei
1065 2248 1157 2347 (for.
1187 2251 1324 2345 Deum)

276 2392 394 2441 rursus
416 2370 675 2465 indulgentiam
699 2370 857 2464 largitur.
905 2369 988 2441 Hoo
1014 2379 1052 2440 et
1074 2370 1114 2438 in
1140 2366 1325 2462 evangelio

277 2485 453 2559 Dominus
478 2488 593 2559 docet.
643 2486 741 2558 Nam
767 2510 850 2558 oum
879 2488 1134 2558 denotarentur
1162 2484 1327 2579 discipuli

277 2603 353 2695 ejus
378 2604 473 2695 quod
498 2604 654 2687 ederent,
681 2626 747 2675 nec
771 2603 869 2697 prius
892 2626 1019 2674 manus
1042 2602 1246 2687 abluissent,
1271 2626 1328 2673 re·

115 2740 176 2791 me.
187 2740 221 2789 xs.
276 2720 419 2813 spondit
436 2728 474 2791 et
490 2721 601 2792 dixit:
629 2717 799 2816 Qaisccit
814 2719 907 2815 qood
921 2720 1015 2792 intas
1027 2718 1176 2817 calfacit
1190 2730 1223 2792 et
1235 2719 1330 2815 qaod
1338 2759 1383 2800 20

266 2835 368 2933 foria
401 2845 460 2909 cst.
521 2834 646 2908 Verum
679 2834 758 2907 dote
782 2834 1036 2932 eleemosynam,
1066 2846 1099 2908 et
1132 2860 1205 2908 ecce
1233 2835 1328 2909 vobo

278 2952 408 3025 mando
436 2954 564 3025 omnic.
616 2952 758 3025 Dooens
791 2953 927 3025 scilicet
959 2962 998 3024 et
1032 2954 1222 3025 osteudens
1254 2977 1328 3024 non

277 3093 404 3141 manus
421 3069 586 3142 lavandas
599 3092 685 3154 esse,
698 3070 761 3141 md
777 3076 913 3163 pectus,
930 3079 969 3139 et
981 3071 1101 3141 sordes
1116 3072 1328 3142 intrinsecus

279 3188 397 3280 potius
428 3210 533 3279 quam
564 3188 784 3258 extrinsecam
813 3185 1067 3270 detrahendam
1113 3210 1236 3259 rerum
1266 3190 1329 3280 qui

279 3304 482 3397 purgaverit
499 3304 594 3397 quod
610 3312 665 3375 est
687 3304 794 3387 intus,
811 3326 895 3374 eum
917 3326 1058 3397 qnoque
1077 3303 1115 3373 id
1132 3305 1227 3397 quod
1243 3304 1331 3377 foris
1342 3343 1381 3402 25

280 3428 335 3491 est
357 3442 573 3515 repurgasse,
596 3430 635 3493 ot
656 3422 850 3493 emundata
872 3428 1003 3503 mente,
1020 3430 1104 3493 cute
1127 3443 1268 3513 quoque
1290 3430 1331 3492 et

279 3560 426 3631 corpore
442 3540 617 3610 mundum
634 3560 710 3610 esse
728 3538 885 3631 ooepisse.
919 3536 1030 3607 Porro
1042 3548 1164 3608 autem
1180 3560 1332 3610 monens

279 3664 319 3725 et
341 3656 531 3727 ostendens
554 3655 651 3727 unde
673 3656 797 3726 mundi
819 3664 858 3727 et
882 3656 1023 3749 purgati
1045 3676 1123 3725 esse
1145 3656 1332 3747 possimus,

280 3774 418 3845 addidit
434 3772 674 3867 eleemosynas
690 3794 768 3843 esse
784 3771 971 3843 faclendas.
1008 3768 1212 3843 Misericors
1224 3773 1334 3847 docet

280 3901 320 3962 et
335 3899 459 3961 monet
475 3890 751 3964 misericordiam
766 3888 865 3972 lieri3
890 3896 928 3959 ot
944 3888 1028 3981 quia
1047 3910 1185 3962 servare
1202 3893 1334 3981 quaerit
1342 3930 1385 3989 30

282 4030 370 4100 quos
397 4030 526 4102 magno
550 4008 666 4101 pretio
690 4006 852 4086 redemit,
877 4014 958 4098 post
985 4004 1150 4097 baptismi
1179 4008 1333 4099 gratiam

283 4124 478 4197 sordidatos
495 4126 601 4195 docet
617 4124 736 4195 denno
756 4144 860 4215 posse
881 4123 1033 4217 purgari.
1085 4120 1334 4216 Agnoscamus

282 4242 412 4333 itaque,
436 4241 561 4313 fratres
584 4240 765 4324 carissimi,
787 4239 918 4310 divinae
945 4238 1180 4333 indulgentiae
1202 4262 1334 4311 munus
