2867 4817
249 326 300 389 IN
327 326 360 387 S.
378 324 657 389 POLYCARPI
683 324 974 387 EPISTOLAM.
1098 326 1140 385 25

126 496 208 561 ibid.
224 497 248 561 l.
267 519 275 560 ι
281 516 315 581 5.
339 499 524 561 κατενιθπιον
540 496 631 560 αὐτοῦ
645 502 695 576 τῆς
708 498 910 580 δικαιοσύνης]
933 495 988 557 An
1002 495 1140 559 scriben-

84 585 156 647 dum
177 590 231 647 est
255 588 293 660 τῆ
319 586 504 669 camerone,
531 583 562 645 h.
575 605 602 647 e.
626 584 659 646 in
678 583 807 667 justitie.
828 582 985 647 ambulare
1010 580 1139 645 θιθοιιιὲ

83 670 144 733 Sed
157 670 258 734 aliter
271 649 351 733 Veh
364 669 487 754 Interp.
510 668 593 733 Haec
606 669 681 732 olim
697 670 798 754 posui.
819 668 846 731 J
847 692 901 733 em
914 690 989 732 vero
1000 675 1139 733 veterem

84 768 190 855 metm
214 755 391 855 lectionem
410 755 449 820 ol.
464 755 687 856 Jacobscnus3
711 761 745 819 et
761 755 854 819 velim
878 776 962 855 nnnc
986 777 1046 841 ego
1068 776 1139 819 eam

82 852 328 992 “senff
341 842 705 1009 iiqffliffl
719 841 1070 1012 fflffiiibiis
1091 931 1140 992 κιι

83 1021 214 1095 Χριστοῦ
230 1018 311 1100 (pro
325 1014 414 1079 edito
430 1019 513 1079 Θεοῦ
534 1018 568 1078 ἐν
586 1015 732 1101 Χριστῷ),
749 1023 783 1079 et
801 1015 849 1077 iia
869 1036 993 1100 quoque
1012 1014 1139 1113 legebat

84 1101 156 1166 Vct.
176 1101 306 1185 Interp.
332 1100 448 1164 Snnn.
488 1100 560 1164 Hoc
576 1122 644 1186 ego,
664 1102 823 1185 probante
841 1100 926 1165 idem
942 1100 1085 1177 Usseno,
1106 1100 1139 1163 in

81 1201 206 1251 textum
231 1185 352 1271 recepi.
399 1186 451 1250 Sic
476 1208 602 1271 quoque
624 1186 687 1250 dno
707 1187 801 1252 alteri
822 1187 946 1251 codices
971 1187 1082 1272 scripti
1105 1208 1139 1251 se

81 1274 201 1339 hebent
224 1280 315 1338 teste
332 1272 530 1349 Jacobscno‚
553 1273 607 1358 qui
629 1282 738 1338 monet
761 1273 823 1358 legi
844 1273 887 1337 ed
908 1273 1004 1338 finem
1025 1274 1140 1359 cepitis

81 1360 172 1445 hujus
185 1363 231 1427 ὥς
246 1360 323 1444 Θεῷ
339 1360 390 1423 καὶ
403 1364 533 1443 Χριστῷ.

124 1447 207 1511 ibid.
233 1446 255 1509 1.
277 1462 327 1527 17.
362 1446 404 1525 μὴ
436 1446 567 1529 δίλογοι]
603 1445 656 1509 le
683 1447 775 1511 codd.
808 1444 905 1508 Leur.
936 1450 1007 1531 (seu
1033 1446 1138 1525 Flor.)

82 1533 156 1597 Yet.
173 1534 253 1597 Par.
270 1532 413 1616 pressius
428 1530 470 1595 ed
482 1532 580 1595 verbe
591 1530 629 1595 B.
641 1532 735 1597 Puuli
746 1532 779 1596 in
791 1532 852 1617 Ep.
870 1531 941 1596 1ed
957 1532 1040 1595 Tim.
1050 1532 1094 1595 iii
1107 1536 1139 1594 8.

81 1642 175 1703 qnam
196 1622 382 1700 δίγλωσσοι,
398 1617 483 1703 quod
505 1618 625 1681 hubent
644 1618 717 1682 libri
737 1618 893 1704 impressi.
930 1618 1011 1683 Haeo
1025 1617 1139 1681 Jscon-

81 1728 181 1783 sonos,
203 1726 305 1791 quem
325 1704 360 1767 in
382 1703 517 1768 lectione
532 1704 675 1767 codicum
692 1704 790 1769 MSS.
806 1704 987 1790 recipienda
1011 1710 1139 1769 secutus

81 1814 160 1857 ειιιιι.

124 1878 162 1942 Ρ.
179 1898 233 1958 14.
248 1878 270 1943 l¹
290 1900 319 1941 1.
341 1878 478 1961 ἐγένετο]
504 1876 578 1941 Ηοσ
592 1899 651 1962 pro
673 1879 790 1959 ἐγίνετο
805 1900 845 1941 ex
860 1879 952 1942 codd.
967 1877 1035 1941 suis
1049 1899 1138 1962 repo·

82 1966 144 2029 suit
158 1964 181 2028 J
183 1965 378 2041 aeobsoniis,
395 1986 489 2048 quem
504 1970 631 2028 secutus
646 1985 727 2028 sum.

126 2050 164 2114 P.
183 2072 235 2131 ¹4·
254 2051 277 2114 l.
290 2067 321 2136 5.
339 2053 388 2115 καὶ
402 2048 712 2138 συμβασιλεύσομεν]
737 2049 921 2135 Legendum
931 2050 1139 2115 videmreum

85 2137 124 2201 Χ.
137 2138 165 2202 Ι.
193 2140 245 2201 καὶ
273 2138 572 2217 συμβασιλεύσομεν,
599 2144 637 2199 ut
661 2143 739 2200 ante
767 2136 922 2222 scripium
950 2144 1001 2200 est
1027 2138 1140 2217 ἀπολη-

83 2227 217 2305 ψόμεθα.
259 2223 335 2287 Ηοσ
351 2221 426 2287 olim
441 2222 602 2287 annotavi.
636 2222 730 2286 Nune
744 2229 854 2287 monet
868 2222 908 2287 el.
924 2222 948 2287 J
949 2222 1136 2299 ecobsonm,

85 2312 127 2458 {ic
140 2310 204 2396 legi
221 2310 255 2373 in
270 2310 364 2374 codd.
383 2309 481 2372 Leur.
495 2312 567 2393 (seu
583 2308 688 2389 Flor.)
701 2316 735 2373 et
747 2308 851 2373 Puris.
867 2310 1005 2374 alterum
1020 2331 1095 2373 vero
1106 2310 1139 2373 in

101 2396 259 2461 'stimmo

127 2483 211 2547 lbid.
220 2482 241 2545 l.
255 2504 289 2567 9.
304 2484 339 2545 τὸ
355 2482 577 2545 ἀνακόπτεσθαι
590 2487 650 2545 τῶν
665 2483 827 2559 ἐπιθυμιῶν
839 2486 900 2543 τῶν
914 2482 949 2544 ἓν
962 2484 1003 2567 τῷ
1019 2482 1135 2567 κοσμῷ]

84 2568 328 2633 ‘studueram
341 2590 401 2651 pro
416 2568 637 2631 θνακύττεσθαι
651 2590 692 2631 ex
702 2566 863 2631 codicibus
873 2567 939 2631 suis
949 2574 1047 2652 etque
1062 2588 1139 2631 non·

86 2656 177 2719 nuliis
192 2655 390 2720 editionibus
403 2660 611 2738 reponentem
623 2653 663 2717 cl.
678 2653 702 2717 J
704 2653 898 2717 ecobsonum
909 2675 1033 2738 sequor,
1046 2654 1138 2718 simul

85 2754 182 2828 atque
201 2740 375 2806 articulum
390 2744 450 2803 τῶν
470 2745 545 2824 pose
565 2741 726 2819 ἐπιθυμιῶν
745 2762 785 2804 ex
807 2740 877 2803 cod.
895 2738 974 2805 Vae.
990 2740 1139 2825 adjicien-

87 2841 164 2892 iem.

130 2914 213 2978 ibid.
239 2914 332 2993 i.14.
355 2911 618 2993 θποτασσομένονς
644 2919 706 2981 τοῖς
730 2912 946 2994 πρεσβυτέροις
967 2913 1016 2976 καὶ
1043 2914 1140 2977 διακό-

90 2998 166 3085 νοις]
183 3000 295 3081 “Quis
308 2998 419 3063 dabit*
435 2998 497 3083 (ait
513 2998 713 3078 Peersonius,
738 2999 1076 3084 Vindio.19not.pert.
1093 2998 1137 3062 II.

89 3108 157 3171 esp.
176 3088 245 3172 13.)
269 3094 289 3122 “
301 3085 483 3171 episcopum
503 3084 753 3171 Philippensium
773 3092 851 3150 tunc
871 3086 906 3149 in
924 3085 1003 3149 vivis
1021 3084 1139 3149 fuisse!

91 3172 199 3254 “Quis
218 3171 391 3258 prestabit
411 3169 629 3256 Philippenses
644 3172 716 3237 ideo
735 3192 757 3235 a
777 3171 955 3257 Polycarpo
974 3172 1139 3237 consilium

92 3276 111 3293 ··
125 3280 186 3323 uon
206 3259 410 3344 efflagitasse,
431 3256 516 3342 qnod
535 3264 612 3321 tunc
632 3258 786 3344 temporis
805 3258 953 3344 episcopo
972 3258 1033 3343 ipsi
1051 3258 1138 3323 haud

92 3353 111 3379 '⁴
122 3346 323 3429 potirenturi
335 3343 388 3407 lu
397 3344 480 3407 euim
491 3344 558 3429 ipse
569 3366 623 3408 eos
632 3344 813 3431 alloquitur,
819 3350 931 3419 Ταῦτα,
940 3345 1139 3427 ἀδελφοὶρθκ

94 3434 239 3517 ‘'ipcrrrqi
267 3429 432 3513 ἐπιτρέψας
452 3432 559 3512 γράφω
585 3432 654 3509 ὑμῖν
676 3433 746 3513 περὶ
769 3435 820 3510 τῆς
845 3432 1042 3511 δικαιοσύνης·
1067 3429 1137 3495 ἀλλ’

94 3526 114 3553 “
126 3520 187 3583 ἐπεὶ
200 3520 288 3599 ὑμεῖς
302 3516 548 3599 τροεκολέσεσθέ
562 3542 610 3596 με.
648 3518 727 3581 Hoee
739 3515 840 3596 cerba,
850 3517 983 3600 fraires,
1002 3538 1062 3581 ιιοιι
1076 3538 1138 3580 meo

95 3601 543 3686 “arbitriomobedejuaeitic
561 3602 1138 3689 scribesedqucdnoeudmoproce

94 3692 218 3755 ιισσιιιί.
243 3691 290 3776 (θ.
306 3689 356 3774 3.)
383 3688 416 3752 in
440 3710 545 3765 ceusu,
572 3696 609 3753 ut
635 3689 756 3791 opinor,
781 3688 929 3755 Valentis
949 3689 1136 3789 presbyteri,

96 3782 215 3861 “quem
233 3776 357 3861 judicio
372 3774 540 3861 Polyeerpi
561 3777 802 3860 permittebant.
845 3776 927 3839 Haec
948 3776 1047 3876 igitur
1066 3797 1137 3839 cum

96 3864 243 3928 “incerte
267 3864 343 3940 sint,
366 3860 443 3925 nihii
468 3861 548 3925 certi
571 3884 611 3926 ex
636 3884 782 3927 sermone
808 3861 977 3961 Polycarpl
1002 3860 1138 3947 proferri

97 3950 256 4034 “potest'‘
281 3972 314 4035 p.
330 3949 401 4013 168.
417 3948 467 4012 ed.
484 3947 577 4013 (ient.
590 3949 707 4014 Confer
720 3949 816 4034 hujus
829 3960 922 4033 epus.
940 3950 969 4029 §.
982 3948 1014 4012 xi

135 4036 169 4099 P.
185 4055 232 4122 15.
248 4036 268 4099 i
284 4056 311 4100 1.
327 4034 562 4117 ἐπιστρέφοντες
577 4038 614 4098 τὰ
625 4034 913 4119 θποπεπλανημένα]
940 4033 1138 4118 conjiciebat

272 4123 341 4189 τοὺς
363 4120 672 4201 θποπεπλανημένοος
695 4121 856 4186 Patricius
880 4121 1008 4185 Junius.
1048 4120 1136 4185 Inve-

98 4209 172 4274 nisse
196 4210 301 4276 Vetus
328 4209 493 4293 interpres
518 4206 644 4271 videtur
668 4207 784 4276 πάντας
813 4208 1045 4290 ἐπιστρέφοντες
1070 4208 1138 4275 τοὺς

102 4297 382 4378 ιιστεπλανημένοος,
397 4316 510 4358 omnes
523 4291 562 4359 αθ
576 4314 678 4358 mere
692 4303 899 4360 οοοοοιισιιιιι.

603 4402 622 4442 ιι
