2867 4817
271 306 489 376 CONCILII
513 310 745 376 EPHESINI
770 313 1100 383 UNIVERSALIS.
1148 319 1187 382 ll

134 478 227 562 rard
251 480 333 568 rode
360 481 511 578 κανόνας
534 491 607 564 τῶν
625 485 740 566 ὁσίων
756 486 920 591 πατέρων
944 492 1004 570 καὶ
1026 490 1093 590 τὴν
1118 494 1184 597 ἀρ-

133 609 241 714 χαίαν
259 609 462 711 συνήθειαν,
480 611 524 691 δι’
549 612 685 692 ἑαυτῶν
701 610 767 696 τὰς
791 616 1008 719 χειροτονίας
1033 624 1105 696 τῶν
1125 620 1185 698 εὖ·

134 735 376 833 λαβεστιίτων
398 735 607 819 ἐπισκόπων
627 739 840 841 ποιούμενοι.
878 743 920 822 τὸ
949 743 989 824 δὲ
1014 742 1102 825 αὐτὸ
1130 750 1189 825 καὶ

134 866 192 946 ἐπὶ
211 870 284 945 τῶν
301 864 429 945 ἄλλων
446 863 655 966 διοικήσεων
666 870 733 946 ’καὶ
749 874 823 947 τῶν
847 871 1057 976 ἁπανταχοῦ
1074 875 1185 976 ε’παρ-

105 997 225 1096 5χιῶν
240 993 628 1099 παραφυλαχῶᾖσεται·
659 991 757 1074 ὥστε
773 996 910 1100 μηδενα
925 1003 998 1077 τῶν
1016 1003 1182 1105 θεοφιλε-

133 1115 281 1199 στάτων
298 1117 505 1201 ἐπισκόπων
528 1121 700 1225 ἐπαρχίαν
726 1120 848 1224 ἑτέραν
874 1125 939 1203 οὐκ
957 1125 1073 1204 οὖσαν
1090 1125 1184 1207 ἅνω-

133 1251 196 1326 θεν
212 1249 272 1326 καὶ
290 1247 444 1354 ἐξαρχῆτ
462 1245 531 1327 ὑπὸ
549 1245 615 1346 τὴν
633 1247 751 1346 αὑτοῦ,
765 1247 878 1350 ἤγουν
891 1257 964 1329 τῶν
980 1249 1052 1355 πρὸ
1067 1255 1186 1334 αὐτοῦ,

132 1381 236 1479 χεῖρα
259 1372 560 1475 καταλαμβώιειν.
589 1376 675 1453 ἀλλ’
695 1379 725 1453 εί
757 1376 820 1454 καί
844 1411 897 1460 τις
924 1378 1102 1475 κατέλαβε
1126 1384 1185 1460 καὶ

134 1502 195 1605 ὑφ’
233 1503 347 1610 ἑαυτῷ
382 1504 572 1603 πεποίηται
612 1501 841 1600 βιασάμενος,
878 1503 1012 1604 ταύτην
1056 1509 1183 1587 ἀποδι-

87 1665 124 1704 ιο
134 1625 249 1706 δόναι·
267 1627 326 1706 ἵνα
342 1626 393 1727 μὴ
411 1635 484 1709 τῶν
496 1629 660 1732 πατέρων
673 1633 707 1706 οἱ
720 1627 865 1712 κανόνες
881 1633 1185 1735 παραβαίνωνται,

132 1755 222 1856 μηδὲ
239 1759 277 1836 ἐν
295 1759 490 1861 ίερουργιαε
507 1754 753 1861 προσχήματι,
775 1757 940 1864 ἐξουσίαις
958 1765 1073 1865 τῦφος
1091 1792 1181 1839 κοσ-

132 1888 238 1984 μικῆς
264 1882 533 1988 παρεισδιίηται,
564 1884 654 1985 μηδὲ
681 1880 849 1982 λάθωμεν
882 1882 949 1984 τὴν
983 1886 1186 1990 ἐλευθερίαν

132 2011 225 2093 κατὰ
251 2010 379 2116 μικρὸν
410 2009 669 2107 ἀπολέσαντες,
701 2009 747 2111 ἢν
779 2011 864 2110 ἡμῖν
896 2011 1104 2116 ἐδωρήσατο
1134 2019 1186 2122 τῷ

133 2140 209 2248 ίδίιρ
227 2139 349 2240 αἵματι
366 2141 388 2218 ὃ
411 2136 544 2241 Κύριος
562 2139 663 2238 ἡμῶν
680 2139 824 2238 Ἰησοῦς
849 2137 1022 2244 Χριστὸς,
1041 2141 1063 2220 ὁ
1087 2140 1180 2221 πάν-

86 2287 205 2349 Ιὅτων
222 2265 421 2369 ἀνθρώπων
438 2263 676 2369 ἐλευθερῶτης
686 2275 712 2345 ⁸.

181 2391 318 2501 Ἔδοξε
335 2395 454 2474 τοίνυν
471 2399 516 2499 τῇ
535 2393 621 2499 ἁγία
638 2390 751 2497 ταύτῃ
769 2396 828 2473 καὶ
849 2399 1070 2500 οἶκουμενικῇ
1088 2430 1179 2476 συν·

132 2518 215 2628 όδτρ,
241 2519 423 2624 σώζεσθαι
447 2518 583 2623 ἑκάστῃ
607 2519 760 2627 ἐπαρχίᾳ
779 2521 919 2626 καθαρὰ
939 2525 998 2601 καὶ
1022 2523 1183 2617 illrum

132 2645 180 2726 τὰ
204 2649 294 2753 arim}
321 2644 508 2752 προσόντα
536 2647 653 2726 δίκαια
678 2645 834 2752 ἐξαρχῆτ
858 2649 1004 2746 ἄνωθεν,
1024 2649 1116 2730 κατὰ
1140 2649 1182 2732 τὸ

131 2852 164 2909 in
188 2851 287 2930 Cypro
311 2850 509 2909 ordinationes
537 2849 634 2913 faciut,
676 2867 743 2906 rum
763 2846 1045 2927 religiosissimorum
1062 2853 1181 2932 provin.

129 2930 377 3010 quemadmodum
399 2929 504 2988 libellis
520 2940 550 2988 et
568 2949 636 3008 pro·
677 2927 750 2986 oism
778 2928 873 2999 sliam,
901 2951 967 3009 ques
993 2951 1053 2990 non
1080 2932 1181 2992 multis

131 3013 204 3092 priis
215 3011 334 3071 vocibus
344 3031 397 3071 nos
408 3010 570 3069 docuerunt
580 3010 633 3068 viri
676 3019 756 3068 retro
776 3010 869 3080 annis,
891 3022 921 3071 et
945 3013 981 3071 nb
1005 3012 1099 3082 initio,
1124 3015 1180 3073 sub

131 3091 349 3170 religiosissimi,
371 3091 422 3170 qui
446 3090 483 3150 od
507 3101 634 3150 sonetum
676 3109 739 3158 sus,
754 3088 802 3150 rel
816 3111 927 3163 eorum,
942 3093 992 3171 qui
1008 3091 1091 3151 illum
1105 3115 1179 3174 proe.

129 3171 275 3252 synodum
299 3181 496 3231 accesserunt:
525 3171 562 3230 iis
583 3171 633 3248 qui
674 3182 833 3241 cesserunt,
854 3193 943 3232 msnu
967 3174 1067 3244 fuerit,
1096 3174 1176 3234 invu-

128 3253 219 3312 ssoris
233 3253 324 3332 Cypri
346 3252 474 3312 ecelesiis
494 3261 632 3332 presunt,
675 3251 734 3310 dut.
770 3250 829 3310 Sed
850 3263 881 3312 et
900 3255 926 3312 si
943 3255 1009 3331 quis
1029 3253 1177 3325 invaserit,

130 3331 227 3392 frondi
242 3353 274 3392 so
293 3334 400 3414 probro
416 3353 475 3392 non
497 3333 562 3404 erit,
581 3352 634 3392 neo
674 3347 705 3391 et
719 3333 774 3392 sibi
789 3351 840 3408 per
854 3334 913 3390 vim
928 3335 1103 3402 submiserit,
1113 3355 1176 3394 eom

129 3413 192 3473 ulls
205 3413 249 3472 ris
266 3424 318 3473 sut
336 3412 577 3493 impedimentum
592 3413 635 3472 eis
675 3412 794 3472 reddat:
819 3433 858 3472 ne
876 3423 1042 3472 sanctorum
1060 3425 1176 3493 petrum

130 3494 278 3565 afferetur,
311 3495 335 3553 si
364 3493 523 3554 seeundum
553 3513 634 3552 suno-
675 3513 800 3553 oenones
821 3493 1031 3565 tmnsilisntur,
1050 3513 1105 3552 nee
1122 3497 1178 3554 sub

129 3585 227 3634 torum
242 3585 358 3654 petrum
373 3594 497 3636 oenones
511 3584 541 3634 et
558 3574 634 3632 enti.
675 3573 860 3634 saesrdotulis
881 3575 1010 3633 muneris
1030 3583 1177 3655 pretextu

127 3674 217 3733 quom
247 3655 499 3726 consuetudinem,
527 3675 579 3732 per
603 3673 634 3714 se
675 3654 812 3714 seeulsris
829 3654 982 3734 potestatis
995 3655 1089 3714 fustus
1107 3656 1177 3714 sub.

128 3735 410 3814 religiosissimorum
431 3736 632 3816 episooporum
674 3746 730 3804 est,
762 3755 816 3794 nso
844 3734 1008 3795 libertatem
1035 3735 1176 3814 paulatim

129 3815 286 3876 electiones
309 3817 427 3876 fseisut.
469 3816 551 3876 Idem
582 3835 633 3875 nu·
674 3815 874 3896 imprudentes
891 3814 1069 3886 smittsmus,
1088 3835 1175 3894 quom

128 3907 188 3954 tem
213 3907 244 3956 et
266 3897 297 3955 in
321 3897 385 3957 aliis
406 3896 579 3957 dioeoesibus
603 3908 632 3956 et
673 3897 757 3956 uobis
786 3897 904 4034 proprio
928 3897 1069 3975 sunguine
1093 3895 1177 3956 dedit

127 3996 194 4053 quoe
207 3989 276 4037 sunt
287 3977 395 4056 ubique
427 3978 631 4038 rovinoiisser-
674 3977 820 4036 Dominus
863 3997 930 4037 esus
950 3977 1096 4046 Christus,
1115 3997 1176 4036 om-

128 4058 261 4131 vsbitur3
302 4070 336 4118 ut
358 3999 457 4120 nullus
482 4059 632 4138 episcopo.
674 4058 755 4117 nium
768 4059 919 4118 hominum
933 4057 1080 4119 liberator.

580 4241 657 4290 ¹621.
669 4257 691 4287 v.
706 4256 726 4288 τ.

625 4330 688 4395 02
