2867 4817
190 312 325 378 APUD
347 310 624 376 CONCILIUM
646 311 1050 379 CHALCEDONIUM.
1106 316 1150 385 79

98 494 165 567 τοῦ
203 483 350 588 Πατρός
386 484 601 587 γεννηθέντα
638 483 731 567 κατὰ
770 485 836 587 τὴν
878 483 1053 588 Θεότητα,
1093 488 1148 569 ἐπ’

97 610 266 718 ἐσχάτων
290 610 328 691 δὲ
352 618 425 691 τῶν
447 610 588 714 ἡμερῶν
607 610 672 692 τὸν
694 614 803 695 αὐτὸν
828 616 871 695 δι’
892 615 985 714 ἡμᾶς
1008 616 1067 695 καὶ
1092 613 1151 695 διὰ

98 736 167 839 τὴν
185 739 356 843 ἡμετέραν
376 743 559 845 σωτηρίαν
578 740 617 819 έκ
642 743 789 845 Μαρίας
806 746 871 842 τῆς
892 742 1070 901 παρθένου
1086 746 1151 843 τῆς

100 865 283 947 θεοτόκου
301 866 393 948 κατὰ
409 866 475 968 τὴν
498 868 809 975 ὡνθρωπύιητα,
787 903 849 949 ενα
872 870 931 948 καὶ
954 866 1019 948 τὸν
1043 868 1152 949 αι’πδν

64 993 279 1099 5Χριοτὸν,
308 992 409 1094 Υἱον,
441 996 586 1099 Κύριον,
614 1002 800 1099 μονογενῆ,
830 997 869 1076 ἐν
899 996 963 1076 δύο
993 993 1151 1101 φύσεσιν

100 1119 329 1226 ἀσυγχύτως,
355 1124 547 1227 ἀτρέπτως,
572 1124 831 1229 ἆδιαιρέτως,’
810 1125 1021 1228 αχωρίστως
1051 1158 1149 1226 γνω-

102 1246 179 1353 pt(
158 1278 299 1349 μενον
319 1251 533 1350 οὐδαμοῦ
489 1284 554 1351 της
570 1258 643 1331 τῶν
662 1251 810 1358 φύσεων
827 1253 1042 1359 διαφσρᾶς’
1020 1284 1152 1356 συνῃρη-

102 1375 211 1478 μένης
227 1376 286 1457 διὰ
302 1376 369 1478 τὴν
386 1379 526 1477 ἕνωσιν,
543 1378 746 1483 σωζομένης
764 1378 803 1460 δέ
825 1385 972 1478 μᾶλλον
997 1385 1063 1479 τῆς
1082 1384 1150 1459 ἰδι-

104 1506 231 1607 ότητος
260 1505 426 1610 ἑκατέρας
450 1506 607 1613 φύσεως,
635 1510 694 1586 καὶ
723 1512 772 1591 εἷς
802 1504 840 1587 ἓν
867 1504 1065 1611 πρόσωπον
1094 1510 1153 1587 καὶ

45 1670 96 1710 ιο
103 1636 191 1737 μίαν
218 1631 423 1716 ύπόστασιν
448 1636 726 1740 συντρεχούσης,
746 1636 813 1739 οὐχ
834 1637 883 1718 ὡς
904 1639 951 1719 εἰς
976 1634 1041 1715 δύο
1063 1633 1154 1739 πρό-

104 1797 216 1845 σωπα
239 1760 463 1867 μεριῷμενον
484 1760 508 1864 ἦ
531 1762 782 1867 διαιρούμενον,
801 1764 886 1842 ἀλλ’
916 1762 978 1841 ἕνα
1002 1766 1061 1843 καὶ
1090 1760 1154 1843 τδν

105 1888 215 1972 αι’ντδν
232 1888 323 1972 Υίδν
340 1892 399 1971 καὶ
414 1896 601 1995 μσνογενῇ,
613 1888 708 1972 θεὸν
726 1887 847 1991 λόγον,
864 1888 997 1993 Κύριον
1009 1892 1155 1990 Ἰησοῦν

105 2018 281 2123 Χριστόν·
299 2016 459 2123 καθάπερ
477 2019 612 2099 ἄνωθεν
624 2024 658 2098 οἰ
675 2022 859 2124 προφῆται
871 2020 951 2121 περὶ
965 2017 1084 2116 αὑτοῦ,
1096 2020 1155 2097 καὶ

107 2144 213 2232 αὐτὸς
240 2145 332 2247 ἡμᾶς
356 2149 378 2226 ὁ
404 2145 537 2249 Κύριος
562 2148 706 2246 Ἰησοῦς
729 2145 892 2251 Χριστὸς
916 2146 1154 2253 ε’ξεπαίδευσε,

54 2276 166 2367 ι5καὶ
194 2273 238 2355 τὸ
268 2279 341 2355 τῶν
371 2274 536 2380 πατέρων
567 2274 652 2374 ἡμῖν
687 2274 916 2378 παραδέδωκε
947 2272 1152 2374 σύμβολον.

106 2402 244 2484 τούτων
264 2403 383 2483 τοίνυν
403 2400 494 2500 μετὰ
515 2400 638 2501 πόσης
659 2400 886 2505 πανταχόθεν
908 2402 1088 2505 ἀκριβείας
1116 2435 1155 2482 τε

108 2534 169 2615 καὶ
196 2533 383 2635 ε’μμελείας
409 2533 493 2634 παρ’
513 2530 615 2629 ἡμῶν
643 2529 945 2628 διατυπωθέντων,
975 2527 1105 2633 ὥρισεν
1132 2528 1156 2627 ἡ

109 2662 198 2764 ἆγία
220 2663 279 2740 καὶ
301 2656 520 2759 σίκουμενικὴ
544 2658 707 2755 σύνοδος,
732 2656 854 2762 ἑτέραν
879 2658 1005 2737 πίστιν
1032 2657 1157 2758 μηδενὶ

109 2790 238 2899 ἐξεῖναι
262 2788 464 2896 προφέρειν,
488 2786 600 2891 ἤγουν
624 2782 869 2895 συγγράφειν,
898 2782 1157 2885 ἤσυιαιθένσι,

59 2922 134 3024 οοῆ
160 2925 314 3024 φρονεῖν,
337 2918 361 3022 ἢ
385 2918 566 3001 διδάσκειν
593 2913 743 3018 ἑτέρους.
776 2911 859 2999 τούς
880 2912 919 2993 δὲ
947 2918 1157 3013 τολμῶντας

110 3050 136 3152 ἢ
167 3050 369 3133 συντιθέναι
399 3052 524 3131 πίστιν
560 3045 692 3150 ἑτέραν,
728 3044 840 3146 ἤγουν
870 3038 1101 3145 προκομίζειν,
1133 3038 1158 3142 ἤ

111 3177 344 3280 διδόσκειν,ἤ
367 3174 602 3283 παραδιδόναι
626 3173 745 3278 ἕτερον
763 3170 955 3271 σύμβολον
980 3176 1054 3253 τοῖς
1077 3168 1155 3249 ε’θέ-

111 3322 243 3389 λουσιν
265 3308 492 3414 ἐπιστρέφειν
519 3309 568 3388 εἰς
589 3302 785 3404 ἐπίγνωσιν
807 3299 976 3397 ἀληθείας
1004 3297 1049 3406 ἐξ
1069 3298 1159 3377 Ἐλ-

112 3433 346 3539 ληνισμοῦ,ἤ
368 3434 413 3543 ἐξ
433 3436 672 3532 Ἰσυδαὶσμοδ
695 3429 808 3531 ἤγουν
837 3425 881 3534 ἐξ
908 3425 1075 3529 αἱρέσεως
1102 3430 1156 3505 οἱ·

64 3570 353 3668 ο5ασδηπστοῦν,
370 3564 531 3657 τούτους,
553 3566 583 3640 εὶ
599 3559 664 3657 μὲν
685 3552 754 3635 εἶεν
771 3556 960 3635 ἐπίσκοπα
982 3549 1006 3653 ἤ
1029 3564 1155 3656 κληρι-

114 3698 180 3792 κοὶ,
198 3692 412 3795 ἀλλοτρίους
430 3687 517 3769 εἶναι
535 3684 615 3769 τούς
633 3681 851 3767 ἐπισκόπους
868 3685 932 3781 τῆς
951 3682 1160 3780 ἐπισκοπῆς,

115 3823 172 3902 καὶ
197 3816 279 3902 τοὺς
304 3813 492 3921 κληρικσύς
521 3821 584 3895 τοῦ
609 3814 759 3918 κλήρου·
789 3808 882 3892 είδέ
911 3806 1162 3913 μονύῷντεςῆ

114 3950 232 4029 λαἰκσὶ
250 3943 328 4044 εἷεν,
346 3942 662 4046 ἀναθεματίζεσθσι
679 3940 818 4025 αύτούς.
873 3942 1020 4019 ΜΕΤΑ
1040 3935 1078 4017 δὲ
1095 3933 1162 4036 τὴν

115 4078 320 4182 ἀνάγνωσιν
335 4083 400 4156 τοῦ
418 4072 503 4180 ὅρου
527 4071 658 4157 πάντες
675 4077 709 4152 σί
731 4068 989 4163 εύλαβεστατοι
1010 4067 1158 4148 ἐπίσκο-

68 4242 179 4318 ηοπσι
194 4204 368 4306 ἐ’βόησαν·
399 4203 530 4303 αύιηὴ
546 4202 670 4284 πίστις
686 4204 761 4277 τῶν
776 4195 952 4299 πατέρων·
979 4199 1013 4275 οἱ
1029 4228 1162 4298 μητρο-
