2867 4817
371 548 423 639 Q.
452 538 762 629 SEPTIMII
798 528 1173 619 FLORENTIS

510 772 1039 879 TERTULLIANI

484 1026 558 1097 ΒΕ
591 1014 1064 1095 PRAESCRIPTIONE

527 1240 858 1304 HAERETICORUM
880 1238 1022 1299 LIBER.

661 1454 883 1485 »ψ-

113 1659 189 1710 car.
203 1658 223 1708 ι.
256 1630 544 1787 CONDITIO
571 1628 801 1723 praesentium
834 1633 1046 1719 temporum,
1076 1625 1185 1697 etiam
1211 1622 1306 1695 huno
1318 1651 1339 1710 5

350 1749 629 1823 admonitionem
653 1751 822 1838 provooat
847 1752 1013 1825 nostrum,
1039 1764 1111 1813 non
1140 1750 1307 1835 oportere

93 1882 167 1932 ΜΨ
178 1880 320 1961 miv-nos
335 1868 455 1941 mirari
471 1887 577 1957 snper
589 1861 743 1933 haereses
761 1861 845 1930 istas
862 1860 936 1930 sive
952 1860 1036 1951 quia
1052 1867 1155 1943 sunt3
1173 1859 1307 1932 firturae

95 1949 176 1997 ’ω’
188 1962 222 1995 '¹¹'
255 1990 351 2063 enim
368 1981 721 2080 praenunciabantur:
751 1978 825 2047 sive
842 1976 925 2068 quia
946 1975 1055 2047 fidem
1071 1977 1308 2068 quorumdam

256 2106 489 2184 subvertunt;
525 2098 570 2169 ml
601 2096 669 2167 hoo
699 2094 796 2166 enim
823 2100 916 2176 sunt,
944 2100 985 2161 nt
1015 2092 1112 2176 fides,
1142 2092 1308 2165 habendo

257 2220 505 2300 tentationem,
539 2214 688 2285 haberet
722 2212 830 2281 etiam
875 2204 1131 2302 probationem.
1201 2210 1309 2283 Vane
1326 2242 1400 2291 ιο,

256 2362 343 2434 ergo
373 2344 411 2407 et
437 2331 697 2404 inconsiderate
731 2326 890 2420 plerique
924 2326 992 2398 hoo
1026 2329 1102 2422 ipso
1136 2328 1310 2401 scandali-

257 2463 394 2537 zentur,
411 2450 505 2544 quod
532 2456 673 2518 tantum
697 2444 851 2516 haereses
869 2441 1021 2527 valeant,
1038 2453 1210 2535 quantum
1236 2446 1311 2515 sint

259 2569 353 2667 (sor.
371 2568 532 2663 possint).
567 2564 660 2636 Cum
677 2562 763 2655 quid
780 2561 945 2632 sortitum
963 2568 1027 2643 est,
1045 2570 1087 2631 ut
1104 2562 1311 2633 omnimodo

258 2689 316 2773 sit,
334 2687 427 2758 siout
443 2704 585 2755 eausam
602 2681 732 2772 accipit
749 2678 795 2749 ob
818 2698 925 2769 quam
948 2678 1004 2761 sit,
1022 2678 1071 2748 sie
1090 2679 1160 2749 vim
1187 2700 1312 2750 conse-

259 2807 390 2899 quitur,
407 2822 595 2897 perquam
612 2800 668 2881 sit,
686 2821 733 2867 ne
750 2793 830 2885 (alii
855 2798 936 2889 neo)
954 2818 1030 2867 esse
1048 2793 1141 2891 (sor.
1159 2819 1225 2867 nec
1242 2806 1312 2881 est,
1329 2832 1338 2871 ι
1347 2832 1366 2889 5

259 2924 305 3017 si)
322 2944 394 2992 non
410 2918 532 3014 possit.

114 3055 191 3106 cnr.
204 3053 241 3105 ru
312 3036 464 3111 Febrem
490 3033 642 3125 denique
667 3032 762 3102 inter
790 3038 928 3102 eeteros
953 3030 1152 3103 mortiferos
1177 3040 1215 3102 et
1232 3056 1314 3104 our-

260 3154 386 3225 eiurios
419 3151 538 3222 exitus
568 3148 745 3242 erogando
779 3146 913 3217 homini
948 3146 1165 3241 deputatam,
1194 3172 1313 3241 neque

261 3270 345 3363 quia
377 3278 432 3339 est
465 3267 644 3347 miramur,
679 3273 734 3334 est
767 3262 885 3349 enim;
923 3286 1038 3357 neque
1072 3266 1155 3356 quia
1188 3275 1315 3359 erogat

261 3386 453 3468 hominem,
481 3384 526 3454 ad
555 3383 624 3453 hoe
657 3380 754 3451 enim
789 3388 853 3450 est.
906 3378 1058 3451 Proinde
1085 3380 1238 3453 haereses
1265 3384 1313 3454 ad
1326 3420 1369 3459 20

262 3503 469 3597 languorem
503 3508 541 3570 et
571 3498 757 3569 interitum
790 3496 874 3567 fidei
907 3497 1105 3591 productas,
1141 3498 1169 3569 si
1204 3522 1316 3593 expa-

263 3619 437 3691 vescimus
459 3616 528 3687 hoo
557 3636 617 3686 eas
639 3636 753 3708 posse,
770 3614 867 3708 prius
893 3623 948 3686 est
969 3624 1012 3685 ut
1036 3636 1316 3708 expavescamus

263 3737 332 3808 hoe
349 3758 408 3807 eas
425 3755 524 3817 esse;
550 3755 631 3825 quae
649 3733 735 3802 dum
761 3739 854 3814 sunt,
872 3730 1006 3801 habent
1022 3752 1146 3824 posse;
1171 3740 1209 3801 et
1226 3732 1316 3803 dum

263 3859 421 3948 possunt,
438 3850 573 3922 habent
597 3872 684 3921 esse.
738 3848 810 3919 Sed
835 3852 930 3919 enim
957 3848 1103 3931 febrem,
1121 3857 1163 3918 ut
1179 3847 1317 3921 malum

265 3972 366 4042 etde
391 3990 506 4051 eausa,
524 3975 562 4038 et
583 3968 628 4037 de
652 3966 814 4059 potentia
839 3988 911 4049 sua,
929 3975 971 4036 ut
995 3974 1122 4037 notum
1148 3973 1214 4051 est,
1231 3966 1367 4062 abo-25

265 4087 442 4157 minamur
474 4084 593 4178 potius
626 4105 733 4176 quam
767 4082 963 4167 miramon
999 4092 1037 4155 et
1070 4093 1244 4177 quantum
1277 4085 1318 4153 in

265 4202 367 4273 nobis
401 4211 465 4285 est,
499 4222 751 4295 praecavemus,
782 4222 854 4269 non
883 4199 1055 4271 habentes
1085 4199 1317 4273 abolitionem
