2867 4817
329 1379 400 1464 IN
433 1377 799 1464 SYMBOLUM
834 1379 919 1464 ET
957 1301 1263 1464 CAbiONES

564 1626 760 1698 NICAENI
787 1625 1018 1699 CONCILII

487 1850 1094 1955 ANNOTATIONES.

659 2143 926 2178 ...Φ-...-

316 2325 354 2391 Ρ.
384 2327 459 2411 367.
488 2324 509 2390 l.
537 2345 564 2390 1.
594 2325 769 2390 Sunnonnu
799 2325 973 2412 Niomuuu]
1011 2327 1189 2413 Postquam
1227 2328 1325 2394 Fidei

274 2411 296 2478 S
350 2413 458 2477 bolum
472 2411 636 2477 Nicaenum
648 2411 771 2477 collutis
785 2412 870 2477 inter
884 2435 918 2477 se
932 2413 1041 2477 multis
1054 2437 1093 2478 cc
1103 2414 1200 2478 variis
1214 2437 1323 2480 exem·

272 2499 415 2586 peribus
436 2520 532 2585 quem
556 2497 856 2576 emendatissimum,
879 2508 917 2564 ut
938 2499 1072 2586 speravi,
1093 2501 1322 2585 praestitercm

273 2585 364 2650 valde
378 2585 505 2671 gavisus
519 2606 589 2649 sum
602 2584 816 2650 recensionem
831 2583 937 2650 videre
958 2607 1063 2649 mecm
1080 2607 1153 2650 cum
1167 2585 1221 2650 iilo
1237 2609 1323 2673 sym·

275 2671 338 2736 boli
360 2672 504 2757 exemplo
524 2693 653 2756 prorsus
675 2671 921 2750 convenientem,
938 2673 1023 2757 qnod
1045 2671 1119 2735 olim
1138 2673 1225 2756 apud
1247 2695 1323 2738 con·

274 2757 380 2822 cilium
409 2757 664 2824 Chalcedonense
692 2757 735 2820 cb
759 2756 916 2821 Eunomio
939 2755 1088 2843 episcopo
1112 2757 1322 2840 Nicomediae,

274 2842 396 2910 Nicaeni
411 2844 549 2930 episcopi
563 2841 818 2929 metropolitano,
833 2842 1003 2908 recitatum
1021 2852 1080 2908 est.
1127 2844 1245 2931 ltaque
1259 2847 1324 2912 hoo

275 2929 452 3016 exemplum
486 2931 547 2995 edo
580 2929 649 3006 tibi,
679 2928 723 2992 mi
758 2927 884 3008 Lector,
919 2937 1072 3016 tunquam
1106 2937 1249 2996 veterem
1282 2956 1323 2998 ac

274 3039 382 3081 veram
401 3017 533 3102 symboli
551 3015 664 3080 sociem
681 3022 1007 3102 repraesentantem
1021 3017 1151 3103 reliquis
1170 3018 1323 3084 nimirum

274 3103 417 3168 formulis
435 3103 522 3189 apud
540 3101 609 3167 enti
632 3123 690 3166 uos
704 3109 851 3167 auctores
870 3102 1073 3167 conservetis
1114 3103 1166 3168 Ac
1180 3104 1322 3186 demum,

273 3197 311 3254 ut
325 3197 416 3254 vetus
436 3188 599 3274 exemplar
611 3124 781 3266 bantinum,
804 3189 890 3273 quod
910 3187 962 3254 bic
983 3189 1143 3339 subiunxi,
1158 3191 1323 3272 omittam,

270 3275 425 3361 judicium
438 3296 543 3340 meum
561 3273 693 3338 ulterius
714 3273 876 3340 firmatum
891 3274 956 3339 vidi
977 3275 1041 3339 duo
1063 3299 1101 3340 us
1121 3275 1193 3341 eliis
1214 3300 1324 3343 exem·

272 3360 343 3448 plis,
360 3383 429 3446 quae
445 3383 485 3425 ex
500 3360 623 3425 duobus
637 3359 798 3424 codicibus
813 3360 938 3426 Latinis
957 3361 1058 3426 edidit
1072 3363 1095 3425 J
1097 3384 1217 3427 ocnnes
1233 3365 1324 3430 Hor-

272 3447 388 3512 duinus
400 3447 434 3512 in
444 3455 532 3512 tomo
543 3446 646 3531 primo
663 3446 874 3522 Conciliorcm,
889 3468 921 3532 p.
936 3467 1009 3532 311.
1033 3447 1161 3512 Horum
1175 3449 1325 3516 codicum

273 3532 370 3620 prior,
393 3533 446 3619 qui
472 3533 533 3598 fuit
555 3531 630 3595 olim
655 3553 753 3616 penes
774 3533 961 3597 societatem
977 3532 1068 3610 ἔθευ,
1091 3557 1176 3598 anno
1199 3535 1324 3602 Christi

275 3623 338 3686 800
361 3619 506 3706 scriptus,
533 3617 701 3682 formulam
726 3618 903 3703 praestcbct
931 3641 1004 3684 cnm
1030 3619 1243 3685 Chalcedonio
1267 3645 1324 3687 ex·

273 3708 386 3793 emplo,
402 3706 525 3771 duobus
539 3703 660 3768 minimi
672 3705 825 3768 momenti
844 3704 922 3769 locis
936 3705 1088 3790 exceptis,
1104 3707 1233 3770 omnino
1247 3731 1325 3773 con-

273 3794 471 3859 sentientem.
517 3789 671 3855 Videlicet
699 3812 764 3853 uno
787 3790 820 3853 in
840 3790 910 3855 loco
935 3792 1067 3855 additur
1086 3803 1221 3856 codrum
1246 3803 1326 3879 post

272 3879 447 3958 Dmninuon,
463 3877 496 3942 in
517 3877 621 3942 altero
634 3897 710 3940 vero
726 3897 827 3954 voces,
846 3877 892 3940 Et
912 3877 1023 3941 iterum
1047 3884 1124 3942 ente
1149 3878 1231 3954 illes,
1254 3903 1325 3946 oen·

272 3975 359 4030 tunc
383 3975 434 4040 est,
459 3964 559 4028 codex
585 3961 647 4027 iste
666 3961 799 4027 omittit.
843 3961 940 4027 Alter
958 3984 1033 4027 vero
1054 3963 1135 4028 liber
1156 3964 1230 4028 Ms.
1246 3965 1325 4031 olim

272 4050 483 4128 Oolbertinus‚
499 4046 657 4135 geminum
677 4053 776 4130 atquc
798 4047 988 4112 simillimum
1002 4049 1135 4134 symboli
1151 4049 1325 4116 somniem

271 4137 453 4214 exhibebat,
469 4137 530 4200 nisi
552 4135 646 4220 quod,
663 4141 781 4219 praeter
801 4134 897 4199 istum
912 4135 1101 4199 vanietctem
1120 4157 1219 4200 unum
1233 4137 1324 4203 uliud

272 4225 412 4302 verbum,
428 4223 585 4298 credimus,
601 4227 675 4306 post
689 4219 869 4298 articulum,
884 4221 928 4284 Io
947 4221 1101 4306 Spiritum
1116 4224 1273 4302 concon,
1289 4223 1325 4289 in

271 4333 309 4376 co
324 4309 503 4397 suppletum
519 4316 599 4373 emt.
