2867 4817
445 292 511 356 DE
536 292 799 359 ORATIONE.
1085 294 1150 363 109

171 466 332 538 Memoria
364 476 621 562 praeceptorum
651 471 744 541 viam
775 468 992 541 orationibus
1022 469 1149 539 sternit
1164 492 1311 543 oneri.

129 584 166 653 sd
184 582 311 666 ooelum,
332 607 483 677 quorum
510 586 726 679 praecipuum
749 594 815 669 est,
840 608 886 655 ne
911 586 1007 678 prius
1028 559 1308 687 ascen-ffiss,

129 700 233 771 darum
255 702 298 771 nd
324 700 395 772 Dei
424 702 548 785 altore,
573 726 680 795 quam
709 703 739 772 si
769 702 853 794 quid
883 702 1064 772 discordiae
1092 690 1313 773 velffiml'·

128 817 247 889 offense
283 843 365 889 oum
404 820 572 891 fratnlrus
611 819 900 901 contraxerimus
934 819 1150 890 resolvamus

106 933 234 1020 slllntt
246 958 277 1005 u.
290 942 365 1029 23).
394 937 493 1021 Quid
509 945 565 1006 est
577 937 673 1006 enim
689 937 735 1007 ad
752 958 877 1029 paoem
895 935 963 1006 Dei
982 938 1150 1007 accedere

126 1052 189 1119 sine
209 1054 315 1145 poce?
349 1055 397 1124 sd
426 1055 669 1125 remissionem
700 1050 901 1122 debitorum
927 1074 1008 1123 oum
1033 1060 1152 1123 reten-

126 1169 229 1241 tione?
254 1170 445 1254 Quomodo
466 1170 621 1264 placabit
639 1169 784 1241 Patrem
806 1170 915 1240 iratus
936 1170 973 1238 in
994 1169 1150 1252 fratrem,

124 1308 217 1376 quum
233 1290 345 1357 omnis
362 1291 417 1359 ira
435 1288 482 1359 ab
502 1289 605 1357 initio
626 1286 817 1357 interdieta
834 1288 880 1357 sit
896 1286 1021 1357 nobis?
1053 1286 1150 1357 Nam

124 1412 155 1469 et
168 1402 292 1496 Joseph
309 1406 497 1474 dimittens
513 1404 638 1476 fratres
653 1427 734 1475 suos
751 1403 795 1474 ad
813 1404 1078 1496 perducendum
1091 1428 1153 1497 pa·

90 1528 211 1601 mtrem,
225 1528 256 1589 et
270 1543 323 1603 ne,
340 1521 470 1613 inquit,
488 1520 693 1591 irascamini
710 1520 749 1591 in
768 1520 850 1600 oio:
868 1518 976 1608 (Gen.
990 1519 1062 1590 xlv.
1077 1524 1151 1615 24.)

123 1656 177 1704 nos
190 1634 320 1707 scilieet
334 1637 488 1719 monuit,
507 1634 606 1726 (alins
619 1638 714 1707 enim
733 1638 791 1707 via
802 1638 1074 1730 cognominatur
1085 1639 1154 1709 dis-

123 1751 236 1844 oiplinn
250 1757 398 1847 nostm)
414 1764 494 1823 tum
510 1778 556 1824 ne
577 1755 615 1823 in
631 1755 690 1823 via
709 1754 877 1824 orationis
894 1754 1089 1837 constituti,
1107 1754 1153 1825 ad

123 1864 251 1939 Patrem
266 1894 351 1941 eum
370 1870 648 1940 iraineednmus.
683 1868 825 1940 Exinde
842 1878 964 1961 aperte
978 1868 1153 1941 Dominus

122 1986 276 2079 amplians
292 1988 423 2082 legem,
440 1988 529 2057 iram
545 1988 584 2056 in
599 1988 745 2057 fratrem
763 1984 853 2083 (sor.
872 2010 978 2079 quam
993 1986 1153 2083 addend.)

88 2100 295 2186 15homioidio
307 2105 528 2197 superponit,
537 2126 582 2173 ne
595 2101 704 2173 verbo
714 2102 859 2195 quidem
872 2103 966 2173 malo
978 2107 1154 2197 permittit

121 2224 281 2314 expungi;
295 2220 617 2313 (Mastarense)
631 2218 734 2290 etiam
746 2219 779 2289 si
790 2218 1005 2291 irascardam
1016 2232 1074 2305 est,
1085 2246 1155 2295 non

122 2334 200 2407 ultro
213 2335 295 2408 solis
309 2346 493 2431 receptum,
505 2336 568 2425 (aa
577 2335 787 2431 recessumt)
801 2345 843 2407 ut
856 2338 1034 2430 apostolus
1048 2341 1155 2434 (Eph.

121 2452 160 2521 iv.
175 2452 234 2547 26)
249 2456 433 2525 admonet.
485 2452 603 2537 Quam
624 2462 746 2524 autem
764 2456 992 2525 temerarium
1010 2466 1074 2539 est,
1092 2466 1156 2529 aut

121 2568 203 2639 diem
215 2573 289 2641 sine
297 2572 461 2641 oratione
473 2571 676 2664 transigere,
686 2570 772 2640 dum
787 2593 900 2641 cessas
911 2570 1009 2641 fratri
1021 2574 1157 2644 satisfa-

86 2710 200 2772 nocere,
215 2698 276 2759 aut
293 2689 493 2760 orationem
510 2697 758 2780 perseverante
775 2689 956 2759 iracundia
972 2689 1139 2782 perdere!

165 2804 239 2875 Neo
265 2806 315 2877 ab
345 2806 399 2875 ira
426 2804 658 2887 solummodo,
684 2806 746 2875 sed
776 2806 873 2875 omni
904 2808 1049 2875 omnino
1075 2830 1158 2877 eon·
1201 2806 1285 2856 W·

122 2919 245 2991 lusione
260 2922 374 2993 animi
390 2920 502 2991 libera
518 2922 627 2993 debet
648 2944 725 2992 esse
742 2922 910 2991 orationis
931 2924 1094 3006 intentio,
1111 2872 1322 3017 deltttllllluni

121 3034 175 3105 tali
191 3038 314 3131 spiritu
337 3039 475 3120 emissa,
492 3038 606 3129 qualis
627 3048 682 3109 est
704 3037 867 3129 Spiritus,
885 3038 929 3108 ad
951 3062 1057 3131 quern
1074 3019 1313 3119 mitillllffli.

121 3152 208 3222 titur.
250 3153 384 3247 Neque
400 3156 495 3224 enim
512 3156 655 3247 agnosci
678 3155 810 3245 poterit
832 3176 855 3222 a
872 3152 1007 3247 Spiritu
1025 3155 1156 3229 Sancto
1165 3150 1300 3251 {llam

86 3269 252 3361 25spiritus
267 3272 494 3363 inquinatus;
519 3279 583 3340 aut
600 3270 711 3341 tristis
729 3294 751 3339 a
773 3269 866 3353 laeto,
884 3280 946 3342 aut
966 3274 1158 3365 impeditus

121 3385 270 3457 alibero.
310 3386 432 3457 Nemo
448 3388 686 3457 adversarium
703 3387 842 3479 reeipit;
860 3408 966 3459 nomo
983 3390 1051 3459 nisi
1063 3412 1159 3459 eom-

121 3524 231 3592 purem
248 3527 355 3574 suum
371 3504 541 3573 admittit.

165 3618 331 3691 Ceterum
357 3643 435 3711 quae
458 3621 550 3689 ratio
575 3629 640 3700 est,
659 3620 824 3690 manibus
849 3620 991 3712 quidem
1018 3620 1158 3705 ablutis,
1204 3637 1288 3685 one.

123 3738 237 3826 spiritu
261 3761 348 3807 vero
372 3736 538 3807 sordente
568 3738 764 3807 orationem
795 3737 916 3808 obiret
950 3737 1090 3829 quando
1122 3702 1285 3845 elnelslvll]

86 3850 198 3942 soipsis
228 3854 392 3924 manibus
426 3852 600 3946 spiritales
628 3854 812 3923 munditiae
842 3854 912 3923 sint
946 3843 1327 3948 neeessariae‚35„¹{⁰¹¹¹⁸¹¹¹¹·

124 3978 161 4037 nt
180 3992 202 4038 n
222 3970 321 4054 falsa
338 3994 361 4041 a
385 3972 491 4054 erede,
512 3993 535 4040 a
555 3970 742 4052 veneficiis,
766 3969 811 4039 ab
835 3969 1043 4054 idololatria,
1065 3982 1161 4043 oete-

125 4085 232 4177 n'sque
251 4086 410 4170 maculis,
428 4110 505 4179 quar
525 4088 650 4180 spiritu
667 4096 848 4180 oonoeptae
868 4112 1037 4159 manuum
1056 4114 1163 4184 opera

125 4204 368 4297 transiguntur,
392 4228 488 4296 purae
509 4202 716 4275 alleventur.
753 4202 822 4275 Hae
843 4214 925 4276 sunt
948 4228 1039 4278 verae
1062 4230 1165 4278 mun-
