2867 4817
246 319 300 382 lN
325 308 670 383 TERTULLIANI
695 320 759 382 DE
781 306 1044 384 ORATIONE.
1108 320 1173 387 177

112 511 207 553 sm
220 499 274 567 est,
290 490 503 575 quodeunque
517 490 662 564 senseris,
677 490 762 556 ratio
777 498 826 555 est
838 514 906 576 oap.
918 508 950 577 5.
986 490 1169 571 Quinetiam

113 576 195 639 infra
208 576 260 640 ait
280 576 507 653 Tertullianus,
529 586 677 661 mutum
694 576 911 655 adsumitur
929 575 1034 649 serbis,
1051 586 1169 640 tostius

112 662 308 745 diffunditur
320 662 464 726 miss.
509 663 675 747 Repoume
690 684 765 727 vero
784 648 852 728 vult
873 663 1007 727 Latinus
1024 662 1169 727 Latinius

112 749 144 811 in
156 748 354 812 Bibliotheca
368 771 428 813 sua
438 751 539 812 Socra
553 758 582 813 et
592 750 737 834 Prosoao
744 772 775 833 p.
793 770 862 831 194.
874 772 934 835 quo
942 750 1096 849 presserit
1111 772 1169 835 pro

112 834 182 910 islo,
198 856 265 920 quo
287 836 380 898 ussit.
426 834 561 898 Habent
580 835 670 901 editt.
686 835 871 921 Rigaltiana
890 836 1170 921 antiquioresque

110 922 204 984 mit.
252 920 371 985 Posuit
395 919 564 1006 Rigaltius,
586 914 751 1005 praeeunte
776 921 867 985 Junii
889 922 1080 1005 conjectura,
1107 944 1169 1007 quo

111 1008 203 1070 sssit.
251 1008 303 1071 At
317 1007 440 1070 veroin
454 1007 524 1071 looo
538 1008 650 1072 statim
668 1016 743 1093 post
760 1015 921 1091 sequente,
937 1008 996 1071 hoo
1014 1016 1117 1083 extet,
1132 1032 1169 1071 ee

110 1095 241 1169 ratione,
253 1115 319 1178 quo
327 1094 502 1177 suscepitur,
512 1093 568 1157 ubi
578 1116 651 1157 oum
664 1095 804 1179 positum
819 1101 904 1159 esset
914 1094 947 1157 iu
958 1094 1050 1159 editt.
1063 1096 1168 1179 proxi-

110 1181 171 1243 mis
188 1186 272 1243 aute
293 1179 334 1241 Bi
389 1178 479 1254 tium,
492 1202 529 1243 eo
548 1181 751 1267 rationeque
765 1180 895 1256 ώοιιιιν,
913 1186 1033 1263 postea,
1049 1202 1119 1243 eum
1135 1180 1168 1243 in

110 1266 338 1329 Emendation'
374 1287 391 1327 s
409 1265 596 1350 Epidiotiois
612 1266 657 1329 od
675 1268 778 1351 Opera
796 1266 982 1330 Tertulliani
1000 1288 1053 1330 an.
1074 1269 1165 1329 1608.

109 1352 207 1415 editis
229 1351 429 1415 ostendisset
446 1351 591 1415 Joannes
610 1352 813 1416 Wouwerius
834 1352 867 1415 in
883 1352 954 1416 MS.
971 1375 1028 1416 suo
1046 1352 1116 1437 legi,
1133 1374 1169 1417 ae

109 1438 232 1502 ratione
246 1460 312 1523 quo
330 1439 506 1522 sosoipiton
521 1438 532 1501 i
556 1460 584 1501 e.
605 1439 812 1524 intelligitur;
836 1438 896 1501 hoo
915 1440 1043 1523 quidem
1061 1438 1168 1527 Rigu-

108 1525 176 1588 tins
190 1525 226 1587 in
241 1532 373 1587 textum
387 1524 515 1609 reoepit,
550 1524 664 1589 lurima
677 1533 712 1590 et
727 1524 801 1588 alibi
816 1520 849 1588 in
864 1524 1050 1589 Tertulliani
1065 1546 1169 1588 emen·

108 1611 245 1675 datione
259 1610 366 1674 eidem
379 1610 448 1674 viro
465 1546 591 1676 erulito
609 1612 739 1676 debens.
785 1611 927 1674 Maxime
941 1617 1049 1674 autem
1064 1610 1169 1675 fuvere

108 1696 179 1761 lure
193 1697 298 1761 verba
308 1695 496 1760 eorreotioni
507 1718 587 1761 meae
597 1698 776 1763 existimem
788 1723 798 1771 3
816 1718 887 1781 quse
896 1704 1004 1761 tamen
1016 1696 1048 1759 in
1059 1696 1169 1782 primis

108 1783 312 1847 editionibus
334 1783 564 1847 desiderantur.

152 1870 193 1933 P.
210 1889 285 1932 ιοι.
301 1869 323 1932 l.
336 1888 388 1933 21.
403 1891 444 1933 ex
457 1870 581 1953 spiritu,
597 1891 661 1954 quo
674 1877 804 1934 tanturn
825 1872 944 1953 potest]
971 1868 1106 1933 Pulchre
1121 1869 1168 1935 ait

108 1955 334 2021 Tertullianus
348 1955 440 2031 intra,
456 1957 542 2020 Deos
554 1956 633 2020 solos
645 1956 750 2019 docem
757 1956 870 2041 potuit,
887 1965 920 2017 ut
933 1976 963 2019 se
977 1956 1062 2019 vellet
1072 1956 1166 2019 orosi

107 2042 160 2106 At
174 2044 247 2127 ipsso
259 2042 362 2127 iyitor
374 2043 519 2106 ordinato
533 2042 640 2127 retiqio
658 2042 813 2120 οναιίοιιίι,
830 2050 858 2105 et
872 2042 909 2105 de
927 2042 1041 2127 spiritu
1060 2043 1167 2126 ipsius,

100 2130 174 2213 jon
187 2140 267 2192 tusc
280 2150 350 2191 eom
365 2150 402 2192 ae
418 2150 469 2191 ors
488 2130 592 2192 diviso
604 2129 756 2211 feretur,
773 2129 921 2204 animato,
936 2148 989 2190 suo
1002 2128 1168 2213 privileoio

106 2215 251 2279 medis
275 2215 314 2277 is
338 2214 452 2291 evelosa
472 2214 680 2279 commendans
703 2215 800 2278 Patri
828 2236 896 2299 quo
921 2214 1029 2277 Filius
1056 2214 1167 2278 dosuit.

107 2321 287 2451 aldios.
304 2384 325 2447 l
341 2405 390 2448 ιι.
412 2394 563 2471 sequente
581 2385 707 2472 sophis]
727 2384 872 2450 Scribere
890 2386 958 2449 vult
979 2385 1168 2451 Frauoiseus

107 2474 130 2537 J
132 2474 242 2544 unius,
258 2492 384 2557 queerts
396 2472 502 2555 reptio
520 2474 556 2535 is
573 2473 706 2559 ssqsoemi
722 2481 875 2557 prweqete
888 2472 1021 2557 proinde
1035 2472 1169 2557 pertinet

108 2561 154 2624 od
165 2558 272 2641 fidem
287 2568 318 2621 st
334 2558 609 2643 modestiomfidei.
646 2558 796 2622 Aberant
814 2558 898 2621 enim
917 2557 958 2621 ab
978 2557 1168 2623 editionibus

107 2654 187 2709 ante
202 2643 387 2729 Rigaltium
401 2665 502 2720 voees,
516 2644 598 2729 quod
609 2646 674 2720 osi,
686 2644 841 2728 additque
855 2644 879 2706 J
880 2644 981 2719 unius,
999 2644 1166 2729 “proiede

109 2732 174 2795 “id
202 2739 267 2806 est,
293 2728 436 2814 perinde,
458 2752 550 2815 seque
573 2752 612 2794 ao
637 2731 691 2794 illa
716 2730 927 2815 praeoedens.”
970 2730 1082 2793 Malim
1109 2750 1168 2815 ego

106 2817 301 2890 resoribere,
326 2826 476 2900 mestos
499 2816 636 2901 sophiam
664 2819 700 2881 io
727 2816 860 2901 sequenti
882 2826 1047 2901 proeeepto.
1092 2815 1169 2879 Jam

225 2909 353 2979 auctor,
372 2902 779 2966 Omsideremus—-ooebstem
792 2902 856 2985 ejm
868 2902 1013 2987 soptiom.

106 2926 245 3053 mil-sid.
261 2987 284 3050 l.
301 3007 353 3071 15.
368 2990 490 3073 sumus]
513 2988 580 3051 Pro
597 2990 700 3066 umus,
717 2988 803 3072 quod
822 2988 855 3051 in
875 2996 1012 3072 utroque
1026 3010 1084 3051 sua
1104 2988 1168 3053 edi-

107 3078 199 3141 tione
213 3074 329 3160 posuit
344 3073 510 3159 Rigaltius,
525 3074 585 3138 hoo
600 3096 660 3160 ego
673 3096 747 3138 oum
763 3074 943 3137 Muratorio
958 3074 1112 3138 revocavi.

152 3162 195 3226 Ρ.
218 3162 275 3243 98.
298 3158 320 3221 l.
346 3162 395 3223 16.
428 3160 568 3225 brevitas
596 3161 668 3238 ista,
699 3160 786 3245 quod
815 3159 858 3224 ad
886 3160 1019 3225 tertium
1049 3158 1168 3245 sophiae

106 3249 252 3333 gradum
274 3244 388 3329 faeiat]
407 3245 446 3310 Id
468 3255 527 3323 est,
542 3247 682 3311 brevitas
704 3246 858 3311 orationis
874 3246 1048 3310 Dominieae
1070 3246 1168 3311 habet

106 3334 242 3419 plenam
267 3332 576 3416 interpretationem,
603 3339 637 3396 et
662 3338 819 3417 quantum
842 3332 946 3397 verbis
975 3340 1167 3409 coaretatur,

107 3430 244 3485 tantum
259 3417 407 3481 sensibus
420 3418 617 3483 diffunditur.
662 3418 813 3484 Continet
828 3420 912 3482 enim
934 3440 1059 3482 ornnem
1077 3418 1168 3483 disoi-

107 3508 235 3591 plinam
257 3502 344 3567 fidei.
388 3504 535 3569 Brevitas
555 3512 663 3569 antem
685 3504 798 3570 orandi
817 3504 957 3589 pertinet
976 3506 1018 3569 ad
1035 3506 1169 3569 tertium

107 3594 252 3679 gradum
268 3589 407 3674 Sophiae,
424 3590 456 3654 id
471 3598 531 3667 est,
548 3612 642 3677 quem
664 3591 853 3677 significavit
869 3590 929 3654 Dei
946 3590 1118 3676 Sapientia,
1135 3597 1169 3655 et

109 3680 181 3764 ejus
209 3676 325 3741 Filius.
374 3676 501 3741 Primus
530 3677 614 3741 enim
641 3678 774 3763 gradus·
790 3682 849 3753 est,
879 3676 912 3740 id
942 3684 1000 3755 est,
1030 3678 1168 3762 primum

109 3770 315 3850 praeoeptnrn
334 3760 447 3839 estut
468 3772 593 3828 seoreto
614 3786 749 3840 oremus,
766 3763 921 3829 secundus
939 3771 976 3828 ut
998 3785 1069 3827 oum
1095 3762 1166 3839 lide,

109 3852 232 3915 tertius
261 3856 302 3912 nt
330 3848 478 3913 breviter.
518 3850 697 3913 Memnoni.
745 3849 857 3913 Malim
887 3849 1001 3926 dicere,
1031 3849 1168 3935 primum

108 3938 251 4021 gradum
281 3934 345 3998 hoe
372 3934 443 3999 loeo
470 3957 549 4013 esse,
579 3944 720 4000 seoretas
748 3956 867 4020 preces,
898 3936 1070 3999 seeundum
1093 3956 1168 3999 vero

109 4023 310 4087 brevitatem
338 4021 502 4098 orationis,
527 4022 661 4086 tertium
689 4020 824 4105 denique
852 4021 1043 4086 brevitatem
1072 4022 1168 4087 istam

109 4108 240 4195 magnis
262 4114 299 4169 et
316 4106 457 4191 pnlobris
478 4107 622 4171 sensibus
640 4108 801 4185 refertam,
819 4129 952 4191 quaeque
974 4106 1108 4191 copiosae
1129 4129 1167 4171 ae

109 4194 273 4260 soeonndae
287 4192 563 4279 interpretationis
577 4191 726 4257 subsidiis
739 4192 820 4257 fulta
835 4194 886 4257 sit.

157 4280 244 4344 lbid.
259 4278 283 4342 1.
296 4296 349 4342 20.
368 4279 418 4342 vel
439 4280 675 4345 venerationem
695 4278 769 4362 Dei]
796 4278 937 4363 Reperta
956 4300 1039 4343 nuno
1058 4280 1091 4342 in
1106 4278 1169 4341 edi-

622 4388 642 4426 s
657 4386 678 4427 a
