2867 4817
535 286 764 351 ΕΡΙΤΟΜΕ.
1101 280 1163 344 841

122 460 519 535 οἰιοιιωῇιεα,ωιιε1)ῑίε
548 482 624 533 esse
653 458 885 553 pronunciat:
933 455 1166 551 Empedocles

122 588 291 674 angustas
307 579 352 649 ad
369 576 615 651 inveniendam
634 576 820 647 veritatem
840 597 1006 647 sensuum
1023 574 1166 647 semitas

123 719 212 768 esse.
265 694 490 767 Democritus
515 693 553 763 in
581 692 755 785 profundo
785 692 937 783 quodam
966 700 1075 784 puteo
1105 691 1166 762 da-

122 834 275 883 mersam
302 811 489 881 veritatem
510 810 628 903 jaoere
653 816 815 890 testatur,
844 830 951 901 quam
977 808 1060 901 quia
1084 831 1166 879 nus-

122 950 231 1021 quam
256 927 446 1021 reperiunt,
474 927 604 998 ideireo
634 925 819 996 adfinnant
843 925 1021 995 neminem
1050 924 1166 995 adhuc

123 1045 285 1117 extitisse
302 1044 509 1136 sapientem.
553 1042 731 1127 Quoniam
747 1042 856 1137 igitur
871 1041 970 1114 nulla
986 1049 1041 1115 est
1056 1040 1165 1134 (apud

124 1157 312 1229 Platonem
339 1158 502 1229 Socrates
527 1158 628 1251 dioit)
653 1156 808 1227 humana
834 1158 1015 1250 sapientia,
1044 1180 1166 1250 sequa·

124 1297 206 1344 mur
222 1298 306 1369 argo
329 1276 493 1357 divinam,
513 1272 661 1367 Deoque
677 1273 808 1368 gratias
830 1295 985 1368 agamus,
1003 1273 1063 1366 qui
1086 1294 1164 1344 eam

123 1386 226 1462 nobis
243 1400 281 1463 et
302 1389 472 1463 revelavit
495 1399 533 1460 et
554 1390 721 1475 tradidit;
750 1413 793 1460 ae
816 1390 916 1460 nobis
938 1388 1163 1484 gratulemur,

124 1510 220 1601 quod
237 1508 421 1579 veritatem
440 1530 481 1578 ao
501 1507 708 1601 sapientiam
726 1506 860 1577 ooelesti
876 1507 1049 1577 beneficio
1065 1514 1166 1579 tene-

122 1646 214 1707 mus,
230 1646 336 1717 quam
358 1632 415 1694 tot
434 1624 593 1718 ingeniis,
609 1632 665 1694 tot
688 1623 850 1694 aetatibus
865 1622 1069 1715 requisitam
1088 1621 1166 1716 phi-

123 1740 320 1833 losophiam
353 1762 459 1811 nemo
489 1738 587 1827 (MS.
618 1762 714 1810 num.
740 1738 818 1835 for.
848 1737 1067 1833 philosophia
1094 1760 1165 1807 non

123 1854 263 1951 Datis.)
281 1858 398 1950 potnit
415 1858 582 1927 invenire.
709 1898 712 1903 ι

525 2067 635 2140 CAP.
665 2068 767 2141 XLI.

177 2201 325 2273 NUNC
350 2203 516 2295 quoniam
546 2201 669 2275 frisam
699 2202 914 2297 religionem
942 2224 1020 2294 qua
1047 2209 1103 2273 est
1128 2202 1166 2271 in

124 2318 271 2390 deorum
294 2318 459 2403 cultibus,
485 2330 523 2389 et
548 2318 671 2392 falsam
696 2321 915 2413 sapientiam,
942 2343 1021 2413 quae
1050 2326 1105 2391 est
1128 2319 1166 2389 in

123 2434 350 2530 philosophis,
373 2436 614 2521 remeavimus,
636 2439 680 2508 ad
705 2460 824 2508 veram
849 2436 1054 2533 religionem
1076 2436 1166 2529 sapi·

123 2553 327 2645 entiamque
361 2555 551 2625 veniamus.
605 2552 653 2623 Et
687 2554 831 2646 quidem
859 2554 1056 2647 conjuncte,
1085 2554 1167 2645 quia

123 2670 312 2755 oohaerent,
338 2670 383 2741 de
410 2678 559 2762 utraque
588 2668 777 2741 dicendum
805 2680 868 2742 est.
920 2668 1026 2744 Nam.
1046 2668 1164 2741 Deum

125 2810 248 2857 serum
283 2784 398 2859 oolere
433 2788 468 2858 id
502 2795 567 2870 est,
600 2810 667 2857 nee
699 2786 795 2859 aliud
829 2788 1030 2880 quidquam,
1059 2808 1165 2880 quam

123 2904 334 2997 sapientiam
348 2901 441 2999 (sor.
454 2904 626 2997 sapientia
635 2902 785 2995 Duria).
819 2903 887 2975 Hle
903 2905 998 2975 enim
1008 2926 1165 2976 summus

124 3031 164 3093 et
193 3021 355 3092 eonditor
387 3044 504 3091 rerum
539 3019 648 3105 Deus,
682 3021 744 3113 qui
775 3020 956 3091 hominem
990 3020 1088 3092 velut
1119 3021 1166 3093 si-

124 3136 322 3207 mulacrum
351 3158 456 3207 suum
484 3136 579 3219 feeit,
604 3136 735 3208 ideireo
766 3135 890 3230 utique
916 3134 982 3207 soli
1009 3159 1056 3207 ex
1090 3160 1165 3209 om-

124 3254 230 3325 nibus
259 3252 469 3325 animalibus
498 3255 670 3325 rationem
699 3252 807 3336 dedit,
837 3263 879 3322 ut
903 3252 1071 3323 honoram
1098 3253 1166 3324 sibi

126 3378 295 3461 tanquam
318 3370 419 3463 patri,
437 3378 474 3439 et
491 3367 583 3465 (sor.
608 3378 645 3439 et
669 3369 832 3440 timorem
855 3366 1064 3458 Bunsmun.)
1090 3379 1166 3441 tan-

125 3508 233 3579 quam
260 3485 415 3556 Domino
440 3484 597 3569 referret,
622 3494 661 3555 et
685 3484 752 3555 hao
776 3485 910 3578 pietate
933 3495 1041 3578 atque
1066 3486 1167 3559 obse-

126 3606 210 3696 quio
235 3600 511 3675 immortalitatis
535 3602 718 3696 praemium
746 3610 950 3673 mereretur.
1001 3599 1083 3673 Hoo
1111 3610 1166 3673 est

128 3744 250 3792 verum
280 3721 509 3812 divinumque
540 3720 757 3813 mysterium.
808 3718 1049 3803 Illisautem,
1070 3718 1167 3810 ,quia

128 3860 211 3909 vera
232 3860 303 3909 non
326 3847 419 3919 sunt,
436 3836 534 3908 nulla
556 3837 753 3907 concordia
794 3836 933 3929 Neque
954 3837 992 3907 in
1013 3822 1166 3929 philoso-

126 3954 210 4048 phia
236 3978 332 4027 saara
357 3952 587 4037 celebrantur,
613 3976 729 4044 neque
754 3954 792 4023 in
816 3954 921 4025 saeris
945 3951 1164 4046 philosophia

127 4080 318 4155 tractatum
348 4081 385 4142 et
408 4072 488 4142 ideo
512 4070 599 4141 falsa
619 4068 743 4163 religio
769 4079 832 4153 est,
854 4071 937 4163 quia
959 4092 1031 4140 non
1054 4068 1163 4141 habet

127 4188 333 4281 sapientiam
349 4211 359 4269 ;
386 4188 465 4259 ideo
488 4187 575 4257 falsa
596 4186 777 4278 sapientia,
795 4188 877 4280 quia
893 4210 964 4257 non
986 4186 1094 4259 habet
1110 4210 1165 4257 re-

606 4320 627 4362 x
643 4318 698 4364 xa
