2867 4817
465 301 612 369 LIBER
635 302 851 425 l'illllssJS.⁴
1105 302 1171 372 m

115 481 194 573 iem
211 502 293 559 suos
315 479 515 553 referebant
540 478 661 565 lectos,
677 478 802 554 elienis
821 477 929 573 paulo
952 490 1038 557 ente
1059 478 1169 554 oeru-

122 598 223 675 oibus
240 596 324 671 leti:
355 597 517 675 viduatos
534 597 653 667 videre
669 594 872 678 luminibus,
885 604 924 666 et
943 596 1021 689 jem
1038 595 1169 670 cusluun

122 716 289 807 diemque
306 713 499 787 cernebant
515 712 622 791 nullis
637 736 721 785 cum
738 712 850 785 oculis
865 712 1063 807 procreetii

174 829 317 911 XLVI.
345 830 460 915 Unus,
484 831 639 927 inquam,
666 828 736 902 fult
765 853 786 901 e
812 829 924 912 uobis,
952 830 1015 922 qui
1044 827 1168 908 debili-

123 946 258 1027 tetibus
283 948 397 1031 vauls,
421 947 622 1039 morbisque
650 955 800 1019 rexutes
827 956 982 1031 centum,
1007 956 1071 1019 unt
1099 945 1170 1017 hoo

122 1062 286 1157 emplius,
323 1064 434 1141 semel
467 1086 541 1137 virus
574 1064 825 1137 intercessione
857 1063 1029 1140 sentbeti
1068 1062 1169 1155 cujus

124 1204 248 1259 vocem
277 1182 323 1259 ud
351 1180 548 1275 simplicem
577 1180 767 1259 furibunde
795 1190 834 1252 ct
862 1181 985 1255 iussus
1014 1179 1170 1273 explicu-

123 1298 212 1375 bent
247 1322 287 1372 so
323 1298 459 1374 musici
505 1296 740 1391 procellarum
778 1298 945 1372 turbines·
977 1306 1170 1389 tempests·

123 1424 250 1507 usque
275 1415 459 1491 sidebant?
486 1416 546 1508 qui
569 1438 632 1507 per
653 1414 841 1490 altissimos
859 1416 1019 1510 gurgites
1040 1414 1169 1508 pedem

125 1532 268 1611 feretur,
290 1532 468 1606 inlutum?
503 1530 662 1609 culesbet
690 1534 791 1625 ponti
823 1540 926 1625 tergo
952 1532 1057 1605 undis
1084 1532 1169 1625 ipsis

124 1649 359 1743 stupentibus,
375 1651 414 1721 in
431 1648 641 1723 tumulatum
666 1649 841 1723 subeunte
859 1649 1011 1721 netursi
1038 1649 1100 1742 qui
1115 1668 1170 1721 se-

124 1767 312 1859 quentium
340 1788 379 1837 sc
412 1765 525 1847 millis
557 1766 723 1859 quinque,
757 1766 912 1859 quinque
944 1766 1115 1839 saturavit
1147 1788 1170 1835 e

124 1881 300 1976 pupibus?
324 1905 375 1966 cc,
398 1905 445 1958 ne
469 1904 545 1957 esse
565 1883 748 1976 praestigiae
771 1882 960 1958 incredulis
981 1882 1050 1956 illis
1073 1882 1170 1953 ride-

125 2010 248 2077 rentur
272 2008 311 2077 et
337 2000 443 2083 duris,
469 2000 710 2074 bissenorum
736 2011 934 2095 sportarum
963 2002 1061 2072 sinus
1088 2000 1170 2077 reli·

125 2117 287 2209 quintum
304 2116 534 2211 fragminibus
556 2116 770 2211 aggerebat?
797 2114 902 2189 Unus
923 2117 992 2190 sirit
1014 2141 1035 2188 e
1057 2117 1170 2203 nobis,

126 2233 187 2326 qui
204 2230 319 2308 redire
340 2234 378 2305 in
394 2254 540 2325 corpore
557 2232 770 2325 jamdudum
789 2234 925 2305 enimes
945 2234 1170 2327 precipiebat

127 2348 285 2428 effictas?
302 2350 442 2442 prodire
458 2349 503 2421 ob
520 2350 707 2443 aggeribus
718 2349 903 2422 conditos?
929 2358 1063 2444 etpost
1075 2351 1169 2423 diem

127 2472 259 2547 funeris
283 2470 429 2545 tortium
455 2469 705 2562 pollinctorum
730 2468 969 2544 voluminibus
992 2471 1170 2564 expediri?

129 2586 232 2661 Unus
248 2586 318 2661 fuit
343 2608 364 2657 e
388 2585 499 2669 nobis,
522 2586 593 2678 qui,
610 2586 695 2678 quid
717 2585 845 2679 singuli
869 2586 1062 2670 volverent,
1084 2590 1170 2681 quid

127 2704 193 2779 tub
227 2704 383 2777 obscuris
416 2701 689 2796 cogitationibus
718 2702 951 2787 continerent,
980 2706 1171 2779 lucturum

128 2822 165 2893 in
181 2821 345 2893 cordibus
360 2818 592 2913 pervidebat?
624 2817 728 2891 Unus
751 2818 820 2891 fuit
836 2842 858 2891 e
882 2820 993 2904 nobis,
1010 2822 1171 2914 quicum

127 2960 238 3013 runnu
262 2938 444 3011 emitteret
467 2958 602 3019 rocem,
625 2937 671 3007 ub
696 2936 841 3012 diversis
865 2937 1013 3030 populis,
1038 2949 1077 3011 st
1102 2940 1172 3013 dis-

128 3076 214 3127 scnc
251 3054 409 3127 oratioue
445 3052 682 3147 loquentibus,
715 3052 945 3127 familiaribus
984 3054 1171 3131 verborum

128 3174 222 3249 sonis
251 3179 290 3243 et
318 3194 382 3245 suo
411 3172 538 3264 cuque
571 3178 676 3243 utens
705 3170 975 3246 existimabitur
1006 3170 1173 3264 eloquiol

130 3290 234 3363 Unus
256 3289 325 3361 fuit
352 3288 506 3372 euobis,
533 3288 698 3380 quicum
724 3287 848 3363 officis.
863 3288 1042 3382 religionis
1066 3298 1172 3363 certe

128 3405 223 3503 (sor.
261 3407 382 3500 certis)
421 3405 493 3481 suis
530 3404 763 3477 sectatoribus
799 3406 965 3489 truderet,
998 3408 1171 3479 mundum

128 3532 248 3598 tetum
291 3530 438 3615 repento
481 3519 705 3614 complebst3
761 3530 994 3615 quantusque,
1036 3531 1074 3596 et
1111 3526 1172 3617 qui

128 3648 234 3723 esset,
262 3638 419 3713 revelate
442 3638 594 3711 nominis
620 3635 712 3734 (sor.
739 3638 909 3734 numinis)
933 3640 1172 3714 immersimus

129 3754 373 3831 monstrabat?
400 3753 507 3829 Unus
520 3753 589 3829 fuit
606 3778 627 3825 e
645 3754 757 3837 nobis,
774 3754 835 3845 qui
851 3754 1012 3848 deposito
1027 3780 1173 3850 corpore

129 3873 323 3946 innumen's
358 3894 396 3943 se
425 3872 609 3945 hominum
638 3879 803 3965 prompte
835 3871 873 3941 in
902 3868 983 3943 luce
1011 3874 1172 3958 detexit3

130 3992 191 4085 qui
222 4010 420 4062 sermonem
457 3988 564 4071 dedit,
594 3998 701 4081 utque
735 3990 883 4081 accepit,
909 3990 1041 4074 docuit,
1070 3994 1174 4067 casti.

130 4110 242 4203 gurlt,
256 4106 464 4179 admonuit?
490 4106 549 4199 qui
567 4128 613 4177 ne
630 4104 681 4179 illi
705 4128 744 4177 sc
765 4104 871 4178 felsos
886 4107 985 4180 venis
1006 4108 1174 4204 irrugim-

131 4224 287 4296 tiouibus
317 4222 570 4305 existimarent,
601 4221 721 4304 semel,
745 4219 836 4318 (sor.
859 4244 898 4293 se
926 4223 1048 4311 semel,
1072 4223 1173 4299 Fuit.
