2867 4817
273 306 339 372 302
654 310 685 374 S.
710 310 947 375 CYPRIANI

273 505 344 551 non
361 502 473 574 posse,
490 484 603 577 magis
620 506 744 577 parcos
764 494 803 557 et
824 484 962 557 steriles
982 485 1026 556 ad
1047 487 1202 581 inopiam
1226 495 1325 580 post-

272 600 419 669 modum
449 601 624 671 devenire.
676 600 771 673 Item
811 601 937 673 beatus
968 602 1149 695 apostolus
1189 602 1324 675 Paulus

111 718 239 769 ²⁰⁰¹·15·
275 716 474 788 Dominioae
500 718 736 810 inspirationis
762 719 877 812 gratia
904 718 1049 811 plenus:
1089 718 1161 809 Qui
1186 718 1326 790 admin-

273 835 384 917 istrat,
401 835 527 926 inquit,
544 856 656 905 semen
678 835 873 918 seminanti,
891 843 923 906 et
937 858 1065 929 panem
1087 835 1136 905 ad
1155 835 1323 907 edendnm

267 945 457 1041 praetabit
487 956 519 1019 et
548 946 787 1043 multiplicabit
815 949 1072 1021 seminationem
1105 958 1260 1034 nestram,
1290 962 1351 1035 ets

273 1061 407 1159 adpetit
423 1064 631 1135 inerementa
645 1064 797 1162 fraqam
810 1063 962 1157 justitie
983 1074 1171 1148 aestimat
1196 1067 1235 1137 in
1251 1090 1325 1138 orn-

112 1210 126 1245 ι
188 1195 241 1245 ‚na
273 1178 373 1251 nibus
390 1178 648 1275 dimplemmini.
700 1180 751 1252 Et
772 1183 912 1265 iterum,
929 1180 1203 1254 Administratio
1221 1181 1324 1277 injus

274 1297 377 1391 officii
405 1320 475 1368 aon
505 1305 637 1367 tantam
666 1294 832 1392 sappdebit
860 1321 901 1368 aa
930 1320 1007 1393 qna
1035 1300 1162 1369 sanctis
1191 1298 1323 1383 denunt,

273 1411 335 1483 sed
367 1421 400 1484 et
431 1410 616 1483 abundabit
647 1436 715 1507 per
748 1410 890 1483 mattam
921 1413 1118 1510 pratianam
1155 1414 1324 1485 actionem

274 1529 313 1599 in
329 1527 454 1599 Deam.
506 1528 683 1613 Quoniam
700 1530 787 1599 dum
803 1531 997 1623 gratiarum
1017 1532 1110 1601 aetio
1132 1531 1178 1601 ad
1202 1530 1322 1602 Deum
1339 1560 1376 1599 ιο

274 1670 338 1740 pro
374 1646 605 1739 eleemosynis
640 1654 748 1738 atque
782 1645 1045 1739 operationibus
1075 1649 1204 1719 nostris
1236 1672 1325 1742 pau-

274 1786 399 1855 perum
431 1764 589 1835 oratione
618 1762 791 1857 dirigitur,
815 1785 942 1835 oensus
969 1766 1147 1856 operantis
1173 1763 1243 1835 Dei
1268 1788 1325 1837 re-

274 1879 468 1951 tributione
502 1879 712 1951 cumulatur.
775 1879 824 1950 Et
859 1879 1035 1951 Dominus
1068 1882 1105 1951 in
1139 1881 1324 1977 evangelio

268 1996 345 2088 jam
371 2004 458 2066 tune
482 1996 654 2089 ejusmodi
679 1995 865 2068 hominum
890 1996 996 2067 eorda
1021 1998 1254 2082 considerans,
1284 2008 1324 2069 et

274 2112 416 2206 perfidis
444 2118 552 2205 atque
584 2112 775 2184 incredulis
806 2113 954 2206 praesoia
983 2136 1071 2185 vooe
1099 2116 1323 2199 denuntians,
1340 2146 1375 2206 ις

198 2242 231 2291 vt
274 2236 494 2299 contestatur
519 2236 556 2299 et
580 2230 685 2300 dicit:
715 2226 832 2300 Nota
861 2229 1010 2326 capitana
1030 2229 1200 2302 diamtas:
1227 2231 1326 2322 Quid

272 2343 417 2429 mamae,
437 2352 498 2417 aut
521 2345 607 2441 qaid
627 2343 784 2429 ditemus,
802 2354 862 2416 ant
883 2345 970 2441 qnid
989 2347 1203 2419 vestiamur?
1230 2347 1324 2422 Hoea

273 2471 364 2541 anim
399 2469 554 2541 natinaei
589 2479 758 2565 quamn.
807 2468 886 2543 Scit
919 2479 1032 2541 aamm
1067 2468 1177 2543 Pater
1216 2482 1325 2545 vestm

273 2586 356 2683 qnia
390 2588 542 2658 omnium
579 2584 701 2659 donam
741 2585 912 2683 indipetis.
977 2585 1131 2677 Qumite
1163 2590 1324 2683 primam

273 2728 415 2802 nepnam
444 2702 516 2775 Dei
546 2714 578 2776 et
596 2704 773 2797 flantium
803 2702 883 2798 aas,
914 2712 946 2775 et
974 2705 1093 2775 omnia
1121 2706 1190 2778 ista
1217 2730 1378 2803 appo-20

273 2830 398 2893 nentur
419 2819 520 2893 nobis.
573 2820 634 2892 Eis
661 2822 781 2891 omnia
802 2822 931 2915 apponi
957 2822 1044 2892 dioit
1071 2832 1110 2892 et
1135 2824 1237 2907 tradi,
1262 2827 1325 2916 qui

273 2960 422 3032 regnum
439 2946 477 3009 et
487 2936 666 3030 justitiam
684 2936 755 3009 Dei
771 2945 946 3029 quaenmt.
994 2936 1066 3008 Eos
1084 2939 1180 3008 enim
1198 2938 1327 3011 Domi·

273 3078 349 3139 nus,
363 3078 445 3126 eum
451 3054 577 3146 judieii
591 3055 665 3124 dies
678 3054 823 3136 venerit,
837 3054 882 3125 ad
894 3054 1160 3147 pemipiendum
1173 3080 1325 3150 regnum

275 3172 361 3243 dioit
390 3172 532 3242 admitti
561 3171 621 3264 qui
651 3170 784 3241 fuerint
817 3172 854 3240 in
883 3170 1033 3241 eeclesia
1066 3172 1142 3263 ejus
1176 3176 1324 3266 operati.

276 3288 413 3359 Metuis
434 3308 480 3357 ne
500 3288 753 3381 patrimonium
773 3295 878 3357 tuum
898 3286 990 3357 forte
1011 3287 1164 3372 deficiat,
1188 3290 1218 3359 si
1241 3312 1374 3383 opo-25

273 3405 343 3477 rari
370 3426 416 3475 ox
442 3426 485 3474 eo
510 3402 655 3498 largiter
683 3404 851 3496 ooeperis3
881 3410 919 3474 et
944 3404 1067 3487 neseis,
1095 3405 1211 3488 miser,
1241 3406 1327 3499 quia

275 3522 362 3593 dum
391 3522 497 3591 times
525 3542 571 3591 no
604 3542 660 3591 res
689 3519 870 3591 familiaris
898 3520 1048 3603 deficiat,
1079 3520 1154 3592 vita
1183 3522 1261 3615 ipsa
1286 3533 1327 3594 et

275 3638 370 3711 salus
395 3636 537 3721 deficit3
572 3644 610 3707 et
639 3638 725 3707 dum
755 3636 916 3728 nequid
945 3637 1126 3707 derebus
1155 3639 1228 3709 tuis
1257 3641 1327 3711 mi·

275 3763 406 3826 nuatur
438 3754 603 3835 attendis,
634 3774 705 3823 non
734 3752 877 3844 respicis
906 3752 1001 3843 quod
1034 3752 1111 3845 ipse
1143 3755 1325 3838 minuaris,

275 3880 412 3943 amator
426 3870 539 3963 magis
555 3890 769 3939 mammonae
786 3890 893 3960 quam
910 3869 1040 3939 animae
1056 3876 1148 3952 tuae;
1172 3876 1216 3940 ut
1236 3871 1325 3944 dum
1335 3894 1375 3953 30

276 3990 382 4060 times
411 4010 457 4058 ne
486 4008 550 4080 pro
584 3993 621 4057 te
655 3985 907 4079 patrimonium
940 3991 1044 4055 tuum
1077 3984 1213 4078 perdas,
1248 3988 1325 4080 ipse

275 4128 340 4198 pro
356 4104 568 4197 patrimonio
589 4110 652 4172 tuo
673 4124 806 4195 pereas.
858 4100 907 4171 Et
928 4102 1009 4173 ideo
1030 4101 1122 4173 bene
1142 4102 1325 4195 apostolus

118 4242 254 4296 rama.
277 4219 408 4293 elamat
432 4228 471 4293 et
496 4220 602 4291 dioit:
632 4215 738 4289 Nihil
759 4216 938 4290 intedimus
964 4218 1002 4289 in
1031 4214 1122 4289 iana
1147 4218 1324 4305 mundam,
