2867 4817
230 353 264 415 S.
286 348 524 415 CYPRIANI
548 350 612 415 DE
637 350 761 415 ZELO
785 348 851 412 ET
877 349 1066 415 LIVORE.
1111 350 1176 415 317

125 520 245 595 Sobrii
269 530 372 593 estote
396 530 428 592 et
452 518 597 619 cipitata,
624 521 707 616 quia
730 520 949 593 adcmemim
972 530 1078 593 cester
1100 520 1196 593 dier
1211 536 1263 586 Pet
1275 552 1299 583 v·

125 637 219 709 bolca
245 648 408 733 tanquam
435 636 486 709 leo
515 638 654 736 rapiens
684 638 810 711 circuit
836 636 983 734 aliquem
1013 637 1176 713 dmorcre

126 778 292 849 quarem
328 755 463 827 Circuit
480 754 541 826 ille
558 778 622 827 nos
640 756 806 851 singulos,
824 762 862 827 et
879 764 1047 847 tanquam
1065 756 1177 827 hostis

125 871 262 943 clausos
280 872 452 955 obsidens,
465 894 586 943 muros
603 872 774 965 explorat,
792 881 830 943 et
845 880 964 943 tentat
976 894 1022 942 an
1034 873 1080 943 sit
1096 894 1177 966 pars

99 987 244 1080 5alique
265 1010 447 1058 murorum
469 989 588 1058 minus
610 988 746 1059 stabilis
768 997 806 1058 et
830 988 948 1059 minus
972 987 1052 1071 lida,
1075 989 1177 1082 cujus

125 1104 225 1174 aditu
248 1104 293 1173 ad
317 1104 483 1174 interiora
505 1112 722 1195 penetretur.
774 1102 890 1174 Offert
912 1101 1024 1173 oculis
1047 1103 1176 1173 formas

125 1219 239 1289 illices
261 1230 299 1289 et
324 1218 445 1290 faciles
472 1218 683 1313 voluptates,
709 1227 752 1288 ut
780 1220 858 1289 visu
885 1220 1044 1289 destruat
1073 1221 1177 1290 casti-

125 1342 250 1405 tatem.
289 1332 407 1405 Aures
428 1356 635 1427 percanora
651 1336 787 1407 musica
802 1344 930 1419 tentet,
947 1345 989 1406 ut
1005 1337 1082 1406 soni
1098 1335 1177 1406 dul·

125 1453 228 1522 cioris
245 1450 371 1521 auditu
392 1449 505 1521 solvat
526 1460 564 1521 et
586 1452 725 1523 molliat
748 1452 988 1523 Christianum
1005 1453 1174 1545 vigorem.

84 1566 304 1661 rohinguem
332 1567 490 1637 convicio
511 1576 679 1659 provocat
701 1565 795 1664 (sor.
816 1577 984 1662 provocat
1006 1570 1052 1638 ad
1074 1576 1177 1660 petu-

129 1682 303 1777 lantiam)
337 1706 483 1753 manum
524 1684 659 1776 injuriis
697 1684 950 1755 lacessentibus
992 1684 1036 1753 ad
1073 1694 1177 1776 petu-

126 1797 274 1869 lantiam
303 1797 395 1894 (sor.
422 1800 636 1870 violentiam.
663 1800 734 1869 vid.
757 1802 848 1893 not.)
876 1800 983 1869 caedis
1010 1800 1176 1893 instigat3

126 1926 167 1986 ut
185 1916 425 1987 fraudatorem
446 1916 562 1999 faciat,
581 1915 678 1987 lucre
699 1917 847 2010 opponit
867 1916 1017 2007 injusta;
1044 1922 1086 1983 ut
1102 1915 1177 1985 ani·

125 2054 222 2103 marn
245 2034 396 2126 pecunia
419 2034 544 2125 capiat,
572 2033 701 2127 ingerit
725 2032 922 2126 perniciosa
947 2032 1176 2124 compendia;

83 2149 279 2230 15honores
303 2157 461 2219 terrenos
488 2150 666 2240 promittit
691 2157 734 2218 ut
756 2148 918 2219 eoelestes
943 2149 1097 2231 adimat;
1123 2170 1178 2218 os·

125 2273 245 2336 tentat
267 2263 356 2335 falsa
378 2273 420 2333 ut
441 2286 523 2335 vera
545 2263 737 2356 subripiat3
762 2273 801 2335 et
823 2288 905 2335 curn
930 2265 1083 2335 latenter
1105 2287 1177 2334 non

125 2389 245 2475 potest
263 2378 395 2463 fallere,
413 2386 537 2450 exerte
559 2388 667 2472 atque
684 2388 806 2473 aperte
823 2381 987 2463 minatur,
1005 2390 1176 2451 terrorem

126 2497 280 2568 turbidae
303 2497 557 2589 persecutionis
580 2497 769 2579 intentans,
787 2498 832 2567 ad
855 2495 1083 2567 debellandos
1106 2495 1175 2568 Dei

126 2635 268 2695 servos3
308 2613 487 2703 inquietus
516 2636 656 2705 semper
688 2622 727 2684 et
766 2635 905 2705 semper
941 2614 1100 2695 infestus,
1138 2614 1176 2682 in

81 2750 214 2821 topace
244 2727 423 2811 subdolus,
452 2729 490 2797 in
525 2731 771 2821 persecutione
804 2728 990 2801 violentus.
1043 2728 1177 2812 Quam-

127 2845 261 2927 obrem,
278 2843 404 2913 fratres
426 2844 653 2929 dilectissimi,
672 2856 795 2917 contra
815 2868 939 2916 omnes
962 2843 1093 2914 diaboli
1118 2844 1173 2914 vel

126 2960 271 3031 fallaces
296 2962 438 3032 insidias
466 2959 524 3032 vel
553 2970 692 3055 apertas
721 2964 835 3032 minas
864 2968 957 3030 stare
986 2959 1094 3030 debet
1123 2960 1176 3029 in-

126 3084 284 3147 structus
306 3078 444 3149 animus
468 3086 505 3147 et
526 3086 691 3161 armatus,
708 3087 790 3147 tarn·
807 3083 949 3169 paratus
971 3098 1111 3168 semper
1130 3075 1173 3145 ad

127 3194 396 3286 repugnandum
432 3216 538 3286 quam
568 3200 623 3263 est
652 3194 696 3264 ad
727 3191 1007 3285 impugnandum
1037 3215 1176 3285 semper

82 3318 271 3402 25pnretus
303 3312 476 3381 inimicus.
538 3310 587 3379 Et
621 3309 786 3401 quoniam
820 3307 1058 3399 frequentiora
1092 3316 1176 3379 sunt

126 3425 202 3497 tela
226 3426 302 3519 ejus
327 3450 407 3519 quae
433 3428 586 3497 latenter
614 3426 799 3517 obrepunt,
825 3424 1006 3518 magisque
1036 3424 1176 3497 occulta

125 3550 167 3613 et
191 3540 410 3613 clandestine
429 3541 599 3634 jaculatio
625 3564 695 3632 quo
720 3542 838 3610 minus
861 3542 1079 3634 perspicitur,
1106 3540 1175 3611 hoc

128 3668 167 3729 et
191 3660 333 3752 gravius
355 3668 392 3730 et
418 3658 572 3729 crebrius
598 3658 635 3727 in
660 3655 808 3727 vulnera
831 3665 952 3726 nostra
976 3664 1174 3751 grassatum

128 3774 174 3845 ad
190 3774 266 3845 haec
283 3798 423 3866 quoque
446 3773 677 3866 intelligenda
693 3782 732 3843 et
753 3771 963 3865 depellenda
979 3771 1174 3865 vigilemus,

81 3912 176 3977 goex
197 3892 325 3982 quibus
347 3898 401 3961 est
425 3888 491 3959 zeli
514 3898 552 3959 et
574 3889 692 3959 livoris
715 3887 861 3959 malum.
914 3887 1019 3971 Quod
1042 3888 1072 3957 si
1097 3889 1175 3979 quis

129 4009 272 4101 penitus
305 4008 477 4100 inspiciat,
512 4008 669 4077 inveniet
708 4003 796 4074 nihil
829 4004 943 4097 magis
975 4003 1175 4075 Christiano

129 4126 337 4207 cavendum,
354 4124 443 4195 nihil
464 4126 601 4195 cautius
621 4122 887 4216 providendum,
904 4144 1011 4213 quam
1032 4144 1077 4192 ne
1097 4123 1175 4213 quis

129 4240 262 4311 invidia
286 4248 324 4311 et
349 4240 459 4311 livore
485 4242 655 4333 capiatur,
677 4262 724 4308 ne
753 4240 832 4329 quis
860 4238 1015 4310 fallentis
1041 4239 1174 4309 inimici
