<?xml version="1.0" encoding="UTF-8"?>
<!DOCTYPE html PUBLIC "-//W3C//DTD XHTML 1.0 Transitional//EN"
    "http://www.w3.org/TR/xhtml1/DTD/xhtml1-transitional.dtd">
<html xmlns="http://www.w3.org/1999/xhtml" xml:lang="en" lang="en">
 <head>
  <title>
</title>
<meta http-equiv="Content-Type" content="text/html;charset=utf-8" />
  <meta name='ocr-system' content='tesseract 3.04.00' />
  <meta name='ocr-capabilities' content='ocr_page ocr_carea ocr_par ocr_line ocrx_word'/>
</head>
<body>
  <div class='ocr_page' id='page_1' title='image "./scriptorumeccle03routgoog_0301.png"; bbox 0 0 2867 4817; ppageno 0'>
   <div class='ocr_carea' id='block_1_1' title="bbox 415 364 1174 431">
    <p class='ocr_par' dir='ltr' id='par_1_1' title="bbox 415 364 1174 431">
     <span class='ocr_line' id='line_1_1' title="bbox 415 364 1174 431; baseline 0.004 -3"><span class='ocrx_word' id='word_1_1' title='bbox 415 365 481 429; x_wconf 90' lang='lat' dir='ltr'>DE</span> <span class='ocrx_word' id='word_1_2' title='bbox 505 364 880 429; x_wconf 87' lang='lat' dir='ltr'><strong>MORTALITATE.</strong></span> <span class='ocrx_word' id='word_1_3' title='bbox 1110 368 1174 431; x_wconf 73' lang='lat'>285</span> 
     </span>
    </p>
   </div>
   <div class='ocr_carea' id='block_1_2' title="bbox 4 540 1339 4361">
    <p class='ocr_par' dir='ltr' id='par_1_2' title="bbox 4 540 1339 4361">
     <span class='ocr_line' id='line_1_2' title="bbox 120 540 1175 635; baseline 0.002 -24"><span class='ocrx_word' id='word_1_4' title='bbox 120 540 274 625; x_wconf 78' lang='lat' dir='ltr'><strong>Quando</strong></span> <span class='ocrx_word' id='word_1_5' title='bbox 305 562 390 635; x_wconf 87' lang='lat' dir='ltr'>ergo</span> <span class='ocrx_word' id='word_1_6' title='bbox 419 540 605 611; x_wconf 87' lang='lat' dir='ltr'>infirmitas</span> <span class='ocrx_word' id='word_1_7' title='bbox 639 549 677 612; x_wconf 91' lang='lat' dir='ltr'>et</span> <span class='ocrx_word' id='word_1_8' title='bbox 706 540 932 612; x_wconf 79' lang='lat' dir='ltr'>imbecillitas</span> <span class='ocrx_word' id='word_1_9' title='bbox 961 550 999 612; x_wconf 90' lang='lat' dir='ltr'>et</span> <span class='ocrx_word' id='word_1_10' title='bbox 1028 542 1175 613; x_wconf 77' lang='lat' dir='ltr'>vastitas</span> 
     </span>
     <span class='ocr_line' id='line_1_3' title="bbox 118 656 1175 752; baseline 0.003 -25"><span class='ocrx_word' id='word_1_11' title='bbox 118 656 238 749; x_wconf 83' lang='lat' dir='ltr'>aliqua</span> <span class='ocrx_word' id='word_1_12' title='bbox 262 666 450 750; x_wconf 81' lang='lat' dir='ltr'>grassatur,</span> <span class='ocrx_word' id='word_1_13' title='bbox 476 666 563 728; x_wconf 86' lang='lat' dir='ltr'>tuno</span> <span class='ocrx_word' id='word_1_14' title='bbox 590 659 701 729; x_wconf 90' lang='lat' dir='ltr'>virtus</span> <span class='ocrx_word' id='word_1_15' title='bbox 727 667 848 729; x_wconf 88' lang='lat' dir='ltr'>nostra</span> <span class='ocrx_word' id='word_1_16' title='bbox 871 658 1062 752; x_wconf 77' lang='lat' dir='ltr'>perficitur,</span> <span class='ocrx_word' id='word_1_17' title='bbox 1088 667 1175 730; x_wconf 88' lang='lat' dir='ltr'>tuno</span> 
     </span>
     <span class='ocr_line' id='line_1_4' title="bbox 118 774 1176 870; baseline 0.003 -27"><span class='ocrx_word' id='word_1_18' title='bbox 118 774 216 857; x_wconf 85' lang='lat' dir='ltr'>fides,</span> <span class='ocrx_word' id='word_1_19' title='bbox 253 774 283 843; x_wconf 90' lang='lat' dir='ltr'>si</span> <span class='ocrx_word' id='word_1_20' title='bbox 312 782 453 844; x_wconf 86' lang='lat' dir='ltr'>tentata</span> <span class='ocrx_word' id='word_1_21' title='bbox 485 774 690 867; x_wconf 74' lang='lat' dir='ltr'>perstiterit,</span> <span class='ocrx_word' id='word_1_22' title='bbox 717 784 915 859; x_wconf 82' lang='lat' dir='ltr'>comuntur,</span> <span class='ocrx_word' id='word_1_23' title='bbox 946 776 1039 845; x_wconf 90' lang='lat' dir='ltr'>siout</span> <span class='ocrx_word' id='word_1_24' title='bbox 1068 777 1176 870; x_wconf 83' lang='lat' dir='ltr'>sorip</span> 
     </span>
     <span class='ocr_line' id='line_1_5' title="bbox 119 886 1339 987; baseline 0.001 -29"><span class='ocrx_word' id='word_1_25' title='bbox 119 898 196 959; x_wconf 89' lang='lat' dir='ltr'>tum</span> <span class='ocrx_word' id='word_1_26' title='bbox 215 898 295 960; x_wconf 89' lang='lat' dir='ltr'>est:</span> <span class='ocrx_word' id='word_1_27' title='bbox 332 886 421 961; x_wconf 82' lang='lat' dir='ltr'>Vasa</span> <span class='ocrx_word' id='word_1_28' title='bbox 428 887 536 987; x_wconf 70' lang='lat' dir='ltr'>figuli</span> <span class='ocrx_word' id='word_1_29' title='bbox 546 888 829 986; x_wconf 78' lang='lat' dir='ltr'>probutfomoe,</span> <span class='ocrx_word' id='word_1_30' title='bbox 847 900 879 962; x_wconf 85' lang='lat' dir='ltr'>et</span> <span class='ocrx_word' id='word_1_31' title='bbox 895 888 1048 962; x_wconf 80' lang='lat' dir='ltr'>homines</span> <span class='ocrx_word' id='word_1_32' title='bbox 1060 890 1250 985; x_wconf 60' lang='lat' dir='ltr'>perorsos.</span> <span class='ocrx_word' id='word_1_33' title='bbox 1262 911 1339 959; x_wconf 75' lang='lat' dir='ltr'>ms.</span> 
     </span>
     <span class='ocr_line' id='line_1_6' title="bbox 96 1004 1176 1100; baseline 0.005 -25"><span class='ocrx_word' id='word_1_34' title='bbox 96 1006 264 1085; x_wconf 74' lang='lat' dir='ltr'>stmtutio</span> <span class='ocrx_word' id='word_1_35' title='bbox 299 1004 541 1078; x_wconf 80' lang='lat' dir='ltr'>tribulationis.</span> <span class='ocrx_word' id='word_1_36' title='bbox 602 1006 684 1077; x_wconf 90' lang='lat' dir='ltr'>Hoo</span> <span class='ocrx_word' id='word_1_37' title='bbox 719 1008 873 1100; x_wconf 90' lang='lat' dir='ltr'>denique</span> <span class='ocrx_word' id='word_1_38' title='bbox 911 1008 1006 1078; x_wconf 90' lang='lat' dir='ltr'>inter</span> <span class='ocrx_word' id='word_1_39' title='bbox 1038 1030 1103 1079; x_wconf 89' lang='lat' dir='ltr'>uos</span> <span class='ocrx_word' id='word_1_40' title='bbox 1137 1016 1176 1080; x_wconf 87' lang='lat' dir='ltr'>et</span> 
     </span>
     <span class='ocr_line' id='line_1_7' title="bbox 120 1120 1177 1216; baseline 0.004 -25"><span class='ocrx_word' id='word_1_41' title='bbox 120 1132 272 1191; x_wconf 82' lang='lat' dir='ltr'>oaeteros</span> <span class='ocrx_word' id='word_1_42' title='bbox 302 1123 451 1193; x_wconf 90' lang='lat' dir='ltr'>interest</span> <span class='ocrx_word' id='word_1_43' title='bbox 481 1123 542 1213; x_wconf 91' lang='lat' dir='ltr'>qui</span> <span class='ocrx_word' id='word_1_44' title='bbox 574 1120 694 1193; x_wconf 89' lang='lat' dir='ltr'>Deum</span> <span class='ocrx_word' id='word_1_45' title='bbox 724 1124 897 1207; x_wconf 88' lang='lat' dir='ltr'>neseiuut,</span> <span class='ocrx_word' id='word_1_46' title='bbox 928 1123 1023 1216; x_wconf 92' lang='lat' dir='ltr'>quod</span> <span class='ocrx_word' id='word_1_47' title='bbox 1056 1124 1109 1195; x_wconf 93' lang='lat' dir='ltr'>illi</span> <span class='ocrx_word' id='word_1_48' title='bbox 1138 1127 1177 1195; x_wconf 93' lang='lat' dir='ltr'>in</span> 
     </span>
     <span class='ocr_line' id='line_1_8' title="bbox 121 1240 1177 1331; baseline 0.002 -22"><span class='ocrx_word' id='word_1_49' title='bbox 121 1240 277 1309; x_wconf 85' lang='lat' dir='ltr'>adversis</span> <span class='ocrx_word' id='word_1_50' title='bbox 303 1246 499 1331; x_wconf 89' lang='lat' dir='ltr'>queruntur</span> <span class='ocrx_word' id='word_1_51' title='bbox 523 1246 561 1309; x_wconf 89' lang='lat' dir='ltr'>et</span> <span class='ocrx_word' id='word_1_52' title='bbox 585 1246 818 1323; x_wconf 87' lang='lat' dir='ltr'>murmurant,</span> <span class='ocrx_word' id='word_1_53' title='bbox 844 1262 909 1309; x_wconf 88' lang='lat' dir='ltr'>nos</span> <span class='ocrx_word' id='word_1_54' title='bbox 933 1240 1081 1311; x_wconf 84' lang='lat' dir='ltr'>adversa</span> <span class='ocrx_word' id='word_1_55' title='bbox 1104 1264 1177 1311; x_wconf 91' lang='lat' dir='ltr'>nou</span> 
     </span>
     <span class='ocr_line' id='line_1_9' title="bbox 121 1356 1177 1439; baseline -0.001 -12"><span class='ocrx_word' id='word_1_56' title='bbox 121 1364 274 1427; x_wconf 73' lang='lat' dir='ltr'>arooent</span> <span class='ocrx_word' id='word_1_57' title='bbox 297 1380 319 1426; x_wconf 85' lang='lat' dir='ltr'>e</span> <span class='ocrx_word' id='word_1_58' title='bbox 339 1356 479 1426; x_wconf 81' lang='lat' dir='ltr'>virtutis</span> <span class='ocrx_word' id='word_1_59' title='bbox 503 1365 540 1426; x_wconf 91' lang='lat' dir='ltr'>et</span> <span class='ocrx_word' id='word_1_60' title='bbox 565 1356 647 1427; x_wconf 90' lang='lat' dir='ltr'>fidei</span> <span class='ocrx_word' id='word_1_61' title='bbox 674 1357 835 1439; x_wconf 84' lang='lat' dir='ltr'>veritate,</span> <span class='ocrx_word' id='word_1_62' title='bbox 861 1356 924 1426; x_wconf 89' lang='lat' dir='ltr'>sed</span> <span class='ocrx_word' id='word_1_63' title='bbox 949 1356 1177 1426; x_wconf 81' lang='lat' dir='ltr'>corroborant</span> 
     </span>
     <span class='ocr_line' id='line_1_10' title="bbox 122 1471 1177 1565; baseline -0.001 -22"><span class='ocrx_word' id='word_1_64' title='bbox 122 1474 158 1543; x_wconf 91' lang='lat' dir='ltr'>in</span> <span class='ocrx_word' id='word_1_65' title='bbox 187 1472 323 1543; x_wconf 90' lang='lat' dir='ltr'>dolore.</span> <span class='ocrx_word' id='word_1_66' title='bbox 376 1471 458 1543; x_wconf 87' lang='lat' dir='ltr'>Hoo</span> <span class='ocrx_word' id='word_1_67' title='bbox 487 1472 583 1563; x_wconf 93' lang='lat' dir='ltr'>quod</span> <span class='ocrx_word' id='word_1_68' title='bbox 611 1496 707 1543; x_wconf 89' lang='lat' dir='ltr'>nuno</span> <span class='ocrx_word' id='word_1_69' title='bbox 737 1473 892 1565; x_wconf 88' lang='lat' dir='ltr'>eorporis</span> <span class='ocrx_word' id='word_1_70' title='bbox 921 1473 1013 1541; x_wconf 84' lang='lat' dir='ltr'>vires</span> <span class='ocrx_word' id='word_1_71' title='bbox 1040 1471 1177 1542; x_wconf 90' lang='lat' dir='ltr'>solutus</span> 
     </span>
     <span class='ocr_line' id='line_1_11' title="bbox 83 1587 1178 1683; baseline 0 -24"><span class='ocrx_word' id='word_1_72' title='bbox 83 1591 159 1659; x_wconf 79' lang='lat' dir='ltr'>roin</span> <span class='ocrx_word' id='word_1_73' title='bbox 176 1588 318 1659; x_wconf 84' lang='lat' dir='ltr'>fluxum</span> <span class='ocrx_word' id='word_1_74' title='bbox 335 1596 460 1659; x_wconf 88' lang='lat' dir='ltr'>venter</span> <span class='ocrx_word' id='word_1_75' title='bbox 479 1589 660 1673; x_wconf 79' lang='lat' dir='ltr'>eviscerat,</span> <span class='ocrx_word' id='word_1_76' title='bbox 678 1590 773 1683; x_wconf 90' lang='lat' dir='ltr'>quod</span> <span class='ocrx_word' id='word_1_77' title='bbox 797 1590 834 1659; x_wconf 92' lang='lat' dir='ltr'>in</span> <span class='ocrx_word' id='word_1_78' title='bbox 851 1588 1008 1659; x_wconf 84' lang='lat' dir='ltr'>faucium</span> <span class='ocrx_word' id='word_1_79' title='bbox 1032 1587 1178 1659; x_wconf 74' lang='lat' dir='ltr'>vulnera</span> 
     </span>
     <span class='ocr_line' id='line_1_12' title="bbox 123 1704 1178 1800; baseline -0.003 -23"><span class='ocrx_word' id='word_1_80' title='bbox 123 1716 318 1799; x_wconf 87' lang='lat' dir='ltr'>oonoeptus</span> <span class='ocrx_word' id='word_1_81' title='bbox 345 1704 554 1775; x_wconf 82' lang='lat' dir='ltr'>medullitus</span> <span class='ocrx_word' id='word_1_82' title='bbox 583 1706 674 1800; x_wconf 80' lang='lat' dir='ltr'>iguis</span> <span class='ocrx_word' id='word_1_83' title='bbox 700 1712 887 1788; x_wconf 86' lang='lat' dir='ltr'>exaestuat,</span> <span class='ocrx_word' id='word_1_84' title='bbox 913 1705 1009 1797; x_wconf 91' lang='lat' dir='ltr'>quod</span> <span class='ocrx_word' id='word_1_85' title='bbox 1036 1705 1178 1775; x_wconf 71' lang='lat' dir='ltr'>assiduo</span> 
     </span>
     <span class='ocr_line' id='line_1_13' title="bbox 124 1822 1177 1916; baseline 0 -25"><span class='ocrx_word' id='word_1_86' title='bbox 124 1825 262 1894; x_wconf 81' lang='lat' dir='ltr'>vomitu</span> <span class='ocrx_word' id='word_1_87' title='bbox 279 1823 448 1892; x_wconf 82' lang='lat' dir='ltr'>intestina</span> <span class='ocrx_word' id='word_1_88' title='bbox 467 1822 684 1913; x_wconf 82' lang='lat' dir='ltr'>quatiuntur,</span> <span class='ocrx_word' id='word_1_89' title='bbox 702 1823 799 1916; x_wconf 92' lang='lat' dir='ltr'>quod</span> <span class='ocrx_word' id='word_1_90' title='bbox 822 1822 916 1893; x_wconf 89' lang='lat' dir='ltr'>oeuli</span> <span class='ocrx_word' id='word_1_91' title='bbox 938 1822 975 1891; x_wconf 87' lang='lat' dir='ltr'>vi</span> <span class='ocrx_word' id='word_1_92' title='bbox 997 1822 1177 1915; x_wconf 78' lang='lat' dir='ltr'>sanguinis</span> 
     </span>
     <span class='ocr_line' id='line_1_14' title="bbox 122 1937 1178 2032; baseline -0.003 -21"><span class='ocrx_word' id='word_1_93' title='bbox 122 1940 360 2021; x_wconf 82' lang='lat' dir='ltr'>inardescunt,</span> <span class='ocrx_word' id='word_1_94' title='bbox 388 1937 483 2030; x_wconf 92' lang='lat' dir='ltr'>quod</span> <span class='ocrx_word' id='word_1_95' title='bbox 507 1937 729 2029; x_wconf 85' lang='lat' dir='ltr'>quorundam</span> <span class='ocrx_word' id='word_1_96' title='bbox 753 1938 810 2010; x_wconf 86' lang='lat' dir='ltr'>vel</span> <span class='ocrx_word' id='word_1_97' title='bbox 835 1938 944 2032; x_wconf 89' lang='lat' dir='ltr'>pedes</span> <span class='ocrx_word' id='word_1_98' title='bbox 968 1937 1026 2009; x_wconf 86' lang='lat' dir='ltr'>vel</span> <span class='ocrx_word' id='word_1_99' title='bbox 1051 1937 1178 2030; x_wconf 83' lang='lat' dir='ltr'>aliquae</span> 
     </span>
     <span class='ocr_line' id='line_1_15' title="bbox 122 2054 1178 2150; baseline -0.002 -23"><span class='ocrx_word' id='word_1_100' title='bbox 122 2056 365 2127; x_wconf 88' lang='lat' dir='ltr'>membrorum</span> <span class='ocrx_word' id='word_1_101' title='bbox 404 2062 523 2147; x_wconf 84' lang='lat' dir='ltr'>partes</span> <span class='ocrx_word' id='word_1_102' title='bbox 563 2056 729 2150; x_wconf 85' lang='lat' dir='ltr'>oontagio</span> <span class='ocrx_word' id='word_1_103' title='bbox 767 2054 940 2126; x_wconf 82' lang='lat' dir='ltr'>morbidae</span> <span class='ocrx_word' id='word_1_104' title='bbox 979 2055 1178 2148; x_wconf 86' lang='lat' dir='ltr'>putredinis</span> 
     </span>
     <span class='ocr_line' id='line_1_16' title="bbox 84 2172 1178 2267; baseline -0.005 -22"><span class='ocrx_word' id='word_1_105' title='bbox 84 2180 364 2267; x_wconf 68' lang='lat' dir='ltr'>rsamputautur,</span> <span class='ocrx_word' id='word_1_106' title='bbox 390 2172 485 2263; x_wconf 93' lang='lat' dir='ltr'>quod</span> <span class='ocrx_word' id='word_1_107' title='bbox 509 2194 573 2265; x_wconf 88' lang='lat' dir='ltr'>per</span> <span class='ocrx_word' id='word_1_108' title='bbox 591 2174 651 2265; x_wconf 81' lang='lat' dir='ltr'>jao</span> <span class='ocrx_word' id='word_1_109' title='bbox 669 2194 750 2243; x_wconf 90' lang='lat' dir='ltr'>uras</span> <span class='ocrx_word' id='word_1_110' title='bbox 775 2182 813 2243; x_wconf 91' lang='lat' dir='ltr'>et</span> <span class='ocrx_word' id='word_1_111' title='bbox 838 2172 968 2243; x_wconf 89' lang='lat' dir='ltr'>damna</span> <span class='ocrx_word' id='word_1_112' title='bbox 991 2194 1178 2265; x_wconf 82' lang='lat' dir='ltr'>corporum</span> 
     </span>
     <span class='ocr_line' id='line_1_17' title="bbox 122 2286 1178 2385; baseline -0.004 -24"><span class='ocrx_word' id='word_1_113' title='bbox 122 2298 378 2385; x_wconf 86' lang='lat' dir='ltr'>prorumpente</span> <span class='ocrx_word' id='word_1_114' title='bbox 402 2287 572 2383; x_wconf 80' lang='lat' dir='ltr'>languore</span> <span class='ocrx_word' id='word_1_115' title='bbox 598 2289 656 2360; x_wconf 87' lang='lat' dir='ltr'>vel</span> <span class='ocrx_word' id='word_1_116' title='bbox 686 2288 894 2360; x_wconf 88' lang='lat' dir='ltr'>debilitatur</span> <span class='ocrx_word' id='word_1_117' title='bbox 923 2291 1090 2372; x_wconf 83' lang='lat' dir='ltr'>incessus,</span> <span class='ocrx_word' id='word_1_118' title='bbox 1120 2286 1178 2358; x_wconf 83' lang='lat' dir='ltr'>vel</span> 
     </span>
     <span class='ocr_line' id='line_1_18' title="bbox 122 2405 1180 2499; baseline -0.004 -21"><span class='ocrx_word' id='word_1_119' title='bbox 122 2408 268 2479; x_wconf 87' lang='lat' dir='ltr'>auditus</span> <span class='ocrx_word' id='word_1_120' title='bbox 293 2405 497 2489; x_wconf 89' lang='lat' dir='ltr'>obstruitur,</span> <span class='ocrx_word' id='word_1_121' title='bbox 527 2406 584 2477; x_wconf 85' lang='lat' dir='ltr'>vel</span> <span class='ocrx_word' id='word_1_122' title='bbox 613 2415 771 2478; x_wconf 87' lang='lat' dir='ltr'>ooeoutur</span> <span class='ocrx_word' id='word_1_123' title='bbox 799 2414 972 2499; x_wconf 84' lang='lat' dir='ltr'>aspectus,</span> <span class='ocrx_word' id='word_1_124' title='bbox 1000 2406 1046 2476; x_wconf 83' lang='lat' dir='ltr'>ad</span> <span class='ocrx_word' id='word_1_125' title='bbox 1071 2406 1180 2475; x_wconf 91' lang='lat' dir='ltr'>doou·</span> 
     </span>
     <span class='ocr_line' id='line_1_19' title="bbox 123 2521 1180 2614; baseline -0.002 -23"><span class='ocrx_word' id='word_1_126' title='bbox 123 2529 289 2592; x_wconf 88' lang='lat' dir='ltr'>mentum</span> <span class='ocrx_word' id='word_1_127' title='bbox 305 2522 445 2614; x_wconf 83' lang='lat' dir='ltr'>prolicit</span> <span class='ocrx_word' id='word_1_128' title='bbox 461 2521 556 2591; x_wconf 85' lang='lat' dir='ltr'>fidei.</span> <span class='ocrx_word' id='word_1_129' title='bbox 609 2522 743 2593; x_wconf 85' lang='lat' dir='ltr'>Contra</span> <span class='ocrx_word' id='word_1_130' title='bbox 759 2530 814 2592; x_wconf 90' lang='lat' dir='ltr'>tot</span> <span class='ocrx_word' id='word_1_131' title='bbox 831 2523 987 2614; x_wconf 90' lang='lat' dir='ltr'>impetus</span> <span class='ocrx_word' id='word_1_132' title='bbox 1004 2521 1180 2591; x_wconf 83' lang='lat' dir='ltr'>vastitatis</span> 
     </span>
     <span class='ocr_line' id='line_1_20' title="bbox 124 2637 1183 2731; baseline -0.002 -23"><span class='ocrx_word' id='word_1_133' title='bbox 124 2646 162 2708; x_wconf 91' lang='lat' dir='ltr'>et</span> <span class='ocrx_word' id='word_1_134' title='bbox 179 2637 307 2707; x_wconf 89' lang='lat' dir='ltr'>mortis</span> <span class='ocrx_word' id='word_1_135' title='bbox 323 2637 520 2708; x_wconf 88' lang='lat' dir='ltr'>inoonoussi</span> <span class='ocrx_word' id='word_1_136' title='bbox 538 2639 646 2708; x_wconf 89' lang='lat' dir='ltr'>animi</span> <span class='ocrx_word' id='word_1_137' title='bbox 662 2639 854 2709; x_wconf 89' lang='lat' dir='ltr'>virtutibus</span> <span class='ocrx_word' id='word_1_138' title='bbox 868 2637 1035 2731; x_wconf 79' lang='lat' dir='ltr'>congredi</span> <span class='ocrx_word' id='word_1_139' title='bbox 1048 2647 1183 2729; x_wconf 85' lang='lat' dir='ltr'>quantu</span> 
     </span>
     <span class='ocr_line' id='line_1_21' title="bbox 83 2753 1181 2849; baseline 0.007 -33"><span class='ocrx_word' id='word_1_140' title='bbox 83 2754 281 2847; x_wconf 72' lang='lat' dir='ltr'>ropeetoris</span> <span class='ocrx_word' id='word_1_141' title='bbox 297 2755 507 2849; x_wconf 85' lang='lat' dir='ltr'>magnitudo</span> <span class='ocrx_word' id='word_1_142' title='bbox 519 2764 584 2837; x_wconf 89' lang='lat' dir='ltr'>est,</span> <span class='ocrx_word' id='word_1_143' title='bbox 598 2764 732 2847; x_wconf 87' lang='lat' dir='ltr'>quanta</span> <span class='ocrx_word' id='word_1_144' title='bbox 743 2753 942 2825; x_wconf 91' lang='lat' dir='ltr'>sublimitas</span> <span class='ocrx_word' id='word_1_145' title='bbox 954 2754 1048 2822; x_wconf 88' lang='lat' dir='ltr'>iuter</span> <span class='ocrx_word' id='word_1_146' title='bbox 1062 2754 1181 2824; x_wconf 89' lang='lat' dir='ltr'>ruinas</span> 
     </span>
     <span class='ocr_line' id='line_1_22' title="bbox 125 2869 1182 2965; baseline 0 -24"><span class='ocrx_word' id='word_1_147' title='bbox 125 2869 268 2965; x_wconf 79' lang='lat' dir='ltr'>generis</span> <span class='ocrx_word' id='word_1_148' title='bbox 292 2870 437 2942; x_wconf 85' lang='lat' dir='ltr'>humani</span> <span class='ocrx_word' id='word_1_149' title='bbox 464 2879 558 2942; x_wconf 84' lang='lat' dir='ltr'>stare</span> <span class='ocrx_word' id='word_1_150' title='bbox 583 2879 753 2954; x_wconf 83' lang='lat' dir='ltr'>ereetum,</span> <span class='ocrx_word' id='word_1_151' title='bbox 776 2894 845 2942; x_wconf 88' lang='lat' dir='ltr'>neo</span> <span class='ocrx_word' id='word_1_152' title='bbox 870 2892 952 2941; x_wconf 91' lang='lat' dir='ltr'>oum</span> <span class='ocrx_word' id='word_1_153' title='bbox 977 2871 1028 2940; x_wconf 89' lang='lat' dir='ltr'>eis</span> <span class='ocrx_word' id='word_1_154' title='bbox 1053 2869 1182 2962; x_wconf 89' lang='lat' dir='ltr'>quibus</span> 
     </span>
     <span class='ocr_line' id='line_1_23' title="bbox 126 2985 1182 3081; baseline 0.002 -25"><span class='ocrx_word' id='word_1_155' title='bbox 126 3010 207 3081; x_wconf 86' lang='lat' dir='ltr'>spos</span> <span class='ocrx_word' id='word_1_156' title='bbox 230 2989 269 3056; x_wconf 91' lang='lat' dir='ltr'>in</span> <span class='ocrx_word' id='word_1_157' title='bbox 296 2985 414 3057; x_wconf 88' lang='lat' dir='ltr'>Deum</span> <span class='ocrx_word' id='word_1_158' title='bbox 439 2987 539 3058; x_wconf 85' lang='lat' dir='ltr'>nulle</span> <span class='ocrx_word' id='word_1_159' title='bbox 563 2998 618 3059; x_wconf 88' lang='lat' dir='ltr'>est</span> <span class='ocrx_word' id='word_1_160' title='bbox 637 2989 759 3081; x_wconf 86' lang='lat' dir='ltr'>jooere</span> <span class='ocrx_word' id='word_1_161' title='bbox 783 2986 1024 3081; x_wconf 71' lang='lat' dir='ltr'>prostratum?</span> <span class='ocrx_word' id='word_1_162' title='bbox 1050 2987 1182 3058; x_wconf 87' lang='lat' dir='ltr'>Gratu-</span> 
     </span>
     <span class='ocr_line' id='line_1_24' title="bbox 127 3102 1181 3197; baseline 0.001 -24"><span class='ocrx_word' id='word_1_163' title='bbox 127 3103 191 3174; x_wconf 85' lang='lat' dir='ltr'>lari</span> <span class='ocrx_word' id='word_1_164' title='bbox 209 3104 324 3197; x_wconf 85' lang='lat' dir='ltr'>magis</span> <span class='ocrx_word' id='word_1_165' title='bbox 340 3112 480 3197; x_wconf 91' lang='lat' dir='ltr'>oportet</span> <span class='ocrx_word' id='word_1_166' title='bbox 497 3113 535 3175; x_wconf 88' lang='lat' dir='ltr'>et</span> <span class='ocrx_word' id='word_1_167' title='bbox 552 3105 722 3197; x_wconf 90' lang='lat' dir='ltr'>temporis</span> <span class='ocrx_word' id='word_1_168' title='bbox 738 3126 869 3174; x_wconf 91' lang='lat' dir='ltr'>munus</span> <span class='ocrx_word' id='word_1_169' title='bbox 890 3102 1067 3196; x_wconf 87' lang='lat' dir='ltr'>amplecti,</span> <span class='ocrx_word' id='word_1_170' title='bbox 1086 3105 1181 3196; x_wconf 90' lang='lat' dir='ltr'>quod</span> 
     </span>
     <span class='ocr_line' id='line_1_25' title="bbox 129 3219 1181 3314; baseline 0.001 -24"><span class='ocrx_word' id='word_1_171' title='bbox 129 3221 216 3290; x_wconf 90' lang='lat' dir='ltr'>dum</span> <span class='ocrx_word' id='word_1_172' title='bbox 252 3228 409 3291; x_wconf 89' lang='lat' dir='ltr'>nostram</span> <span class='ocrx_word' id='word_1_173' title='bbox 444 3221 552 3291; x_wconf 86' lang='lat' dir='ltr'>fidem</span> <span class='ocrx_word' id='word_1_174' title='bbox 588 3221 730 3291; x_wconf 88' lang='lat' dir='ltr'>fortiter</span> <span class='ocrx_word' id='word_1_175' title='bbox 756 3222 960 3314; x_wconf 87' lang='lat' dir='ltr'>promimus,</span> <span class='ocrx_word' id='word_1_176' title='bbox 990 3228 1028 3290; x_wconf 92' lang='lat' dir='ltr'>et</span> <span class='ocrx_word' id='word_1_177' title='bbox 1061 3219 1181 3291; x_wconf 87' lang='lat' dir='ltr'>labore</span> 
     </span>
     <span class='ocr_line' id='line_1_26' title="bbox 86 3336 1181 3432; baseline 0.005 -29"><span class='ocrx_word' id='word_1_178' title='bbox 86 3336 283 3421; x_wconf 83' lang='lat' dir='ltr'>25tolerato</span> <span class='ocrx_word' id='word_1_179' title='bbox 318 3336 363 3407; x_wconf 92' lang='lat' dir='ltr'>ad</span> <span class='ocrx_word' id='word_1_180' title='bbox 398 3336 580 3407; x_wconf 85' lang='lat' dir='ltr'>Christum</span> <span class='ocrx_word' id='word_1_181' title='bbox 610 3360 674 3430; x_wconf 87' lang='lat' dir='ltr'>per</span> <span class='ocrx_word' id='word_1_182' title='bbox 708 3346 895 3432; x_wconf 88' lang='lat' dir='ltr'>angustam</span> <span class='ocrx_word' id='word_1_183' title='bbox 925 3336 1057 3407; x_wconf 83' lang='lat' dir='ltr'>Christi</span> <span class='ocrx_word' id='word_1_184' title='bbox 1086 3339 1181 3408; x_wconf 85' lang='lat' dir='ltr'>viam</span> 
     </span>
     <span class='ocr_line' id='line_1_27' title="bbox 128 3454 1182 3548; baseline 0.002 -25"><span class='ocrx_word' id='word_1_185' title='bbox 128 3454 320 3548; x_wconf 84' lang='lat' dir='ltr'>pergimus,</span> <span class='ocrx_word' id='word_1_186' title='bbox 337 3456 524 3547; x_wconf 88' lang='lat' dir='ltr'>praemium</span> <span class='ocrx_word' id='word_1_187' title='bbox 548 3456 613 3525; x_wconf 82' lang='lat' dir='ltr'>viae</span> <span class='ocrx_word' id='word_1_188' title='bbox 637 3456 713 3547; x_wconf 90' lang='lat' dir='ltr'>ejus</span> <span class='ocrx_word' id='word_1_189' title='bbox 734 3463 773 3525; x_wconf 88' lang='lat' dir='ltr'>et</span> <span class='ocrx_word' id='word_1_190' title='bbox 791 3455 875 3525; x_wconf 91' lang='lat' dir='ltr'>fidei</span> <span class='ocrx_word' id='word_1_191' title='bbox 900 3456 977 3548; x_wconf 90' lang='lat' dir='ltr'>ipso</span> <span class='ocrx_word' id='word_1_192' title='bbox 996 3454 1182 3546; x_wconf 80' lang='lat' dir='ltr'>judicante</span> 
     </span>
     <span class='ocr_line' id='line_1_28' title="bbox 130 3572 322 3663; baseline -0.021 -21"><span class='ocrx_word' id='word_1_193' title='bbox 130 3572 322 3663; x_wconf 74' lang='lat' dir='ltr'>capiamus.</span> 
     </span>
     <span class='ocr_line' id='line_1_29' title="bbox 181 3684 1183 3781; baseline 0.002 -26"><span class='ocrx_word' id='word_1_194' title='bbox 181 3684 252 3755; x_wconf 86' lang='lat' dir='ltr'>IX.</span> <span class='ocrx_word' id='word_1_195' title='bbox 272 3684 369 3756; x_wconf 91' lang='lat' dir='ltr'>Mori</span> <span class='ocrx_word' id='word_1_196' title='bbox 386 3684 491 3779; x_wconf 85' lang='lat' dir='ltr'>plane</span> <span class='ocrx_word' id='word_1_197' title='bbox 508 3688 644 3769; x_wconf 89' lang='lat' dir='ltr'>timeat,</span> <span class='ocrx_word' id='word_1_198' title='bbox 662 3688 725 3759; x_wconf 88' lang='lat' dir='ltr'>sed</span> <span class='ocrx_word' id='word_1_199' title='bbox 742 3689 802 3780; x_wconf 92' lang='lat' dir='ltr'>qui</span> <span class='ocrx_word' id='word_1_200' title='bbox 820 3710 867 3757; x_wconf 86' lang='lat' dir='ltr'>ex</span> <span class='ocrx_word' id='word_1_201' title='bbox 888 3710 981 3779; x_wconf 86' lang='lat' dir='ltr'>oqua</span> <span class='ocrx_word' id='word_1_202' title='bbox 997 3695 1036 3758; x_wconf 91' lang='lat' dir='ltr'>et</span> <span class='ocrx_word' id='word_1_203' title='bbox 1057 3688 1183 3781; x_wconf 88' lang='lat' dir='ltr'>spiritu</span> 
     </span>
     <span class='ocr_line' id='line_1_30' title="bbox 130 3802 1182 3898; baseline -0.001 -24"><span class='ocrx_word' id='word_1_204' title='bbox 130 3826 203 3874; x_wconf 91' lang='lat' dir='ltr'>uon</span> <span class='ocrx_word' id='word_1_205' title='bbox 232 3810 386 3885; x_wconf 88' lang='lat' dir='ltr'>renatus,</span> <span class='ocrx_word' id='word_1_206' title='bbox 420 3802 594 3896; x_wconf 87' lang='lat' dir='ltr'>gehennae</span> <span class='ocrx_word' id='word_1_207' title='bbox 628 3803 769 3898; x_wconf 85' lang='lat' dir='ltr'>ignibus</span> <span class='ocrx_word' id='word_1_208' title='bbox 801 3805 1033 3898; x_wconf 81' lang='lat' dir='ltr'>mancipatur.</span> <span class='ocrx_word' id='word_1_209' title='bbox 1084 3804 1182 3874; x_wconf 90' lang='lat' dir='ltr'>Mori</span> 
     </span>
     <span class='ocr_line' id='line_1_31' title="bbox 86 3918 1182 4014; baseline 0.002 -25"><span class='ocrx_word' id='word_1_210' title='bbox 86 3922 259 4006; x_wconf 80' lang='lat' dir='ltr'>30timeet</span> <span class='ocrx_word' id='word_1_211' title='bbox 284 3918 345 4009; x_wconf 91' lang='lat' dir='ltr'>qui</span> <span class='ocrx_word' id='word_1_212' title='bbox 374 3941 446 3988; x_wconf 91' lang='lat' dir='ltr'>non</span> <span class='ocrx_word' id='word_1_213' title='bbox 472 3920 603 3991; x_wconf 89' lang='lat' dir='ltr'>Christi</span> <span class='ocrx_word' id='word_1_214' title='bbox 630 3944 735 3991; x_wconf 88' lang='lat' dir='ltr'>oruoe</span> <span class='ocrx_word' id='word_1_215' title='bbox 759 3929 797 3991; x_wconf 91' lang='lat' dir='ltr'>et</span> <span class='ocrx_word' id='word_1_216' title='bbox 821 3923 982 4014; x_wconf 85' lang='lat' dir='ltr'>passione</span> <span class='ocrx_word' id='word_1_217' title='bbox 1008 3930 1182 3993; x_wconf 81' lang='lat' dir='ltr'>censetur.</span> 
     </span>
     <span class='ocr_line' id='line_1_32' title="bbox 133 4033 1184 4126; baseline 0.003 -22"><span class='ocrx_word' id='word_1_218' title='bbox 133 4033 231 4105; x_wconf 92' lang='lat' dir='ltr'>Mori</span> <span class='ocrx_word' id='word_1_219' title='bbox 247 4034 375 4104; x_wconf 87' lang='lat' dir='ltr'>timeat</span> <span class='ocrx_word' id='word_1_220' title='bbox 392 4036 453 4126; x_wconf 93' lang='lat' dir='ltr'>qui</span> <span class='ocrx_word' id='word_1_221' title='bbox 469 4035 514 4106; x_wconf 86' lang='lat' dir='ltr'>ad</span> <span class='ocrx_word' id='word_1_222' title='bbox 532 4036 724 4107; x_wconf 83' lang='lat' dir='ltr'>secundam</span> <span class='ocrx_word' id='word_1_223' title='bbox 747 4046 900 4107; x_wconf 90' lang='lat' dir='ltr'>mortem</span> <span class='ocrx_word' id='word_1_224' title='bbox 918 4036 963 4107; x_wconf 90' lang='lat' dir='ltr'>de</span> <span class='ocrx_word' id='word_1_225' title='bbox 983 4036 1051 4108; x_wconf 81' lang='lat' dir='ltr'>hoo</span> <span class='ocrx_word' id='word_1_226' title='bbox 1067 4044 1184 4107; x_wconf 90' lang='lat' dir='ltr'>morto</span> 
     </span>
     <span class='ocr_line' id='line_1_33' title="bbox 4 4150 1183 4246; baseline 0.003 -26"><span class='ocrx_word' id='word_1_227' title='bbox 4 4162 5 4171; x_wconf 76' lang='grc'>’</span> <span class='ocrx_word' id='word_1_228' title='bbox 132 4152 307 4223; x_wconf 86' lang='lat' dir='ltr'>transibit.</span> <span class='ocrx_word' id='word_1_229' title='bbox 360 4150 456 4222; x_wconf 92' lang='lat' dir='ltr'>Mori</span> <span class='ocrx_word' id='word_1_230' title='bbox 475 4153 600 4224; x_wconf 88' lang='lat' dir='ltr'>timeat</span> <span class='ocrx_word' id='word_1_231' title='bbox 617 4176 724 4246; x_wconf 87' lang='lat' dir='ltr'>quem</span> <span class='ocrx_word' id='word_1_232' title='bbox 740 4155 786 4225; x_wconf 90' lang='lat' dir='ltr'>de</span> <span class='ocrx_word' id='word_1_233' title='bbox 803 4153 935 4225; x_wconf 87' lang='lat' dir='ltr'>saeoulo</span> <span class='ocrx_word' id='word_1_234' title='bbox 956 4154 1183 4225; x_wconf 86' lang='lat' dir='ltr'>recedentem</span> 
     </span>
     <span class='ocr_line' id='line_1_34' title="bbox 132 4266 1183 4361; baseline 0 -24"><span class='ocrx_word' id='word_1_235' title='bbox 132 4266 347 4359; x_wconf 86' lang='lat' dir='ltr'>perennibus</span> <span class='ocrx_word' id='word_1_236' title='bbox 376 4269 488 4361; x_wconf 86' lang='lat' dir='ltr'>poeuis</span> <span class='ocrx_word' id='word_1_237' title='bbox 518 4278 648 4342; x_wconf 73' lang='lat' dir='ltr'>aeterna</span> <span class='ocrx_word' id='word_1_238' title='bbox 675 4270 819 4340; x_wconf 83' lang='lat' dir='ltr'>flammo</span> <span class='ocrx_word' id='word_1_239' title='bbox 843 4269 1034 4361; x_wconf 89' lang='lat' dir='ltr'>torquebit.</span> <span class='ocrx_word' id='word_1_240' title='bbox 1086 4268 1183 4337; x_wconf 87' lang='lat' dir='ltr'>Mon&#39;</span> 
     </span>
    </p>
   </div>
   <div class='ocr_carea' id='block_1_3' title="bbox 0 0 1444 4817">
    <p class='ocr_par' dir='ltr' id='par_1_3' title="bbox 0 0 1444 4817">
     <span class='ocr_line' id='line_1_35' title="bbox 0 0 1444 4817; baseline 0 0"><span class='ocrx_word' id='word_1_241' title='bbox 0 0 1444 4817; x_wconf 95' lang='lat' dir='ltr'> </span> 
     </span>
    </p>
   </div>
  </div>
 </body>
</html>
