2867 4817
292 321 356 384 104
641 320 984 385 TERTULLIANI

290 495 477 565 ediximus.
529 492 611 565 Hoc
628 502 801 586 quantum
818 494 862 563 ad
880 492 1029 587 gloriam
1048 493 1127 565 Dei.
1167 490 1338 590 'Alioquin

289 619 462 703 quantum
496 608 541 681 ad
575 619 732 681 nostram
772 610 982 702 petitionem
1016 633 1127 703 quum
1161 604 1338 683 dicimus}

288 725 531 821 Sanctificetur
553 748 676 797 nomen
703 734 810 809 tuum,
836 724 962 815 (Matt.
981 728 1026 797 vi.
1044 731 1095 822 9.)
1121 728 1158 798 id
1184 730 1338 821 petimus

288 852 331 913 ut
347 842 588 913 sanctificetur
602 844 640 913 in
656 841 768 926 nobis,
786 844 847 935 qui
865 844 902 913 in
919 842 981 914 illo
999 867 1143 915 sumus:
1169 844 1274 915 simul
1300 854 1339 917 et

287 960 325 1029 in
351 960 488 1044 ceteris,
516 982 604 1052 quos
630 959 748 1030 adhuc
774 962 889 1054 gratia
916 959 986 1031 Dei
1013 970 1207 1054 exspectat,
1233 970 1274 1031 ut
1300 970 1365 1049 et5

286 1078 371 1148 huic
400 1085 576 1170 praecepto
600 1100 796 1170 pareamus,
815 1076 946 1148 orando
966 1100 1037 1172 pro
1058 1076 1212 1149 omuibus
1234 1079 1339 1149 ctiam

282 1216 352 1288 pro
369 1193 523 1263 inimicis
534 1193 664 1264 nostris
682 1191 808 1283 (Mau.
828 1216 860 1262 v.
880 1196 966 1287 ιιι).
994 1192 1155 1285 Ideoque
1170 1216 1340 1287 suspensa

287 1311 535 1382 enunciatione
560 1333 631 1381 non
658 1312 826 1393 dicentes,
846 1309 1096 1381 Sanctificetur
1116 1313 1153 1381 in
1170 1313 1282 1396 nobis,
1300 1314 1339 1382 in

287 1430 452 1499 omnibus
469 1428 628 1498 dicimus.

133 1552 268 1603 CARIV·
336 1546 542 1616 Secundum
570 1544 663 1615 hanc
692 1546 843 1615 formam
878 1543 1123 1638 subjungimus
1157 1566 1240 1617 amr
1272 1566 1340 1619 vo-
1353 1580 1391 1619 10

287 1683 427 1733 tunnas
451 1684 525 1734 rus
547 1682 588 1732 lu
609 1682 718 1733 curus
740 1682 785 1732 nr
807 1682 847 1731 ru
864 1662 1339 1755 mnnn,nonquodaliq11is

286 1780 444 1862 obsistat,
462 1781 650 1872 quominus
667 1778 831 1849 voluntas
849 1777 919 1848 Dei
938 1778 1011 1861 fiat,
1029 1786 1067 1849 et
1084 1780 1118 1849 ei
1135 1802 1340 1850 successum

287 1895 480 1967 voluntatis
507 1918 579 1967 suae
614 1918 782 1980 oremus3
820 1895 883 1967 scd
916 1897 955 1965 in
989 1895 1152 1966 omnibus
1181 1898 1339 1988 petimus

287 2012 363 2082 fieri
397 2011 620 2083 voluntatem
653 2013 740 2105 ejus.
809 2012 866 2083 Ex
909 2014 1201 2106 interpretatione
1240 2014 1339 2084 enim

287 2128 440 2222 figurata
470 2129 584 2199 carnis
617 2136 655 2198 et
689 2130 841 2222 spiritus,
877 2152 941 2200 nos
975 2152 1096 2200 sumus
1130 2130 1259 2200 coelum
1298 2140 1393 2221 et15

288 2253 392 2316 terra
443 2245 668 2338 Quamquam
698 2254 736 2317 et
763 2248 792 2317 si
826 2245 1034 2339 simpliciter
1063 2246 1339 2340 intelligendum

288 2370 353 2445 est,
381 2364 475 2433 idem
501 2373 622 2434 tamen
648 2370 703 2432 est
728 2384 849 2433 sensus
879 2365 1071 2456 petitionis,
1097 2364 1201 2435 utin
1234 2364 1339 2435 nobis

286 2478 350 2549 fiet
367 2478 529 2550 voluntas
555 2478 625 2550 Dei
650 2480 687 2548 in
712 2479 824 2561 terris,
842 2488 884 2549 ut
911 2482 1021 2572 possit
1038 2480 1173 2551 scilicet
1195 2481 1271 2551 fieri
1298 2492 1341 2553 et

287 2598 325 2667 in
354 2596 461 2668 ooelis.
514 2597 609 2682 Quid
639 2605 762 2667 autem
790 2595 889 2668 Deus
919 2598 1006 2681 vult,
1036 2621 1145 2690 quam
1172 2600 1340 2671 incedere

288 2737 352 2784 nos
386 2716 581 2786 secundum
614 2735 715 2785 suam
750 2712 1001 2807 disciplinam?
1046 2714 1207 2786 Petimus
1241 2738 1340 2811 ergo,
1355 2748 1400 2791 20

287 2830 521 2903 substantiam
551 2840 589 2903 et
616 2830 825 2901 facultatem
856 2831 1049 2901 voluntatis
1079 2856 1150 2903 suae
1180 2834 1344 2904 submin-

287 2950 389 3020 istret
406 2949 517 3033 nobis,
535 2958 577 3020 ut
602 2948 688 3019 salvi
714 2950 823 3019 simus
849 2956 887 3018 et
909 2950 947 3018 in
972 2948 1071 3019 coelis
1096 2958 1133 3021 et
1157 2952 1194 3019 in
1210 2950 1342 3035 terris;

287 3068 371 3158 quia
399 3090 539 3137 summe
567 3074 622 3136 est
643 3065 835 3136 voluntatis
866 3066 951 3158 ejus,
978 3065 1072 3137 salus
1098 3090 1231 3152 eorum,
1248 3091 1344 3160 quos

287 3183 480 3275 adoptavit.
533 3182 599 3253 Est
615 3192 654 3253 ct
670 3181 732 3253 illa
749 3181 818 3253 Dei
841 3180 1004 3253 voluntas
1030 3206 1136 3275 quam
1161 3183 1346 3254 Dominus

287 3300 545 3370 administravit
561 3298 793 3393 praedicando,
811 3300 998 3392 operando,
1016 3302 1232 3372 sustinendo.
1275 3299 1346 3372 Sic
1360 3336 1403 3395 ²5

288 3417 385 3486 enim
406 3417 481 3509 ipse
505 3417 761 3509 pronunciavit,
780 3439 849 3487 nou
869 3416 1056 3499 suammet
1077 3418 1195 3513 putris
1213 3416 1347 3513 secere

287 3554 323 3603 cc
339 3530 542 3605 columatem
560 3533 632 3624 (Jo.
650 3534 696 3602 vi.
711 3536 797 3627 39.).
850 3532 936 3604 Sine
954 3534 1061 3605 dubio
1079 3558 1156 3627 quae
1174 3533 1346 3617 faciebat,

288 3672 332 3721 ea
360 3660 462 3723 erant
491 3650 653 3721 voluntas
681 3650 807 3734 Patris,
833 3651 879 3721 ad
909 3674 986 3743 quae
1019 3673 1114 3721 nunc
1143 3674 1207 3721 nos
1236 3650 1348 3723 velut

288 3768 333 3838 ad
367 3765 584 3862 exemplaria
616 3789 857 3860 provocemur,
886 3775 928 3837 ut
958 3775 996 3837 et
1024 3768 1262 3860 predicemus,
1302 3779 1348 3841 et

289 3906 485 3977 operemur,
503 3894 542 3956 et
562 3886 799 3956 sustineamus
824 3886 869 3955 mi
894 3892 1047 3955 mortem
1073 3907 1194 3977 usque.
1247 3883 1347 3969 Quae
1360 3924 1410 3981 30

288 4008 331 4070 ut
347 4002 495 4094 implere
519 4002 693 4095 possimus
718 4023 807 4093 opus
832 4009 887 4071 est
905 3999 974 4071 Dei
993 3998 1188 4071 voluntate.
1241 4000 1349 4075 Item

288 4116 717 4200 meermannianam
731 4125 800 4199 tua,
813 4116 870 4187 vel
883 4140 926 4187 eo
938 4116 1040 4187 nobis
1058 4118 1149 4187 bene
1162 4124 1349 4210 optamus,

288 4234 382 4326 quod
408 4234 496 4305 nihil
522 4233 605 4305 mali
630 4236 735 4305 sitin
754 4234 822 4305 Dei
841 4232 1035 4317 voluntate,
1061 4236 1170 4305 etiam
1196 4235 1225 4305 si
1251 4236 1350 4327 quid
