2867 4817
518 319 747 385 EPlTOME.
1098 325 1163 387 328

117 492 231 574 viunt,
248 514 320 563 non
343 495 483 587 proprio
506 495 630 588 utique
652 518 768 581 sensu,
785 496 846 567 sed
870 497 1011 590 opificio
1031 499 1161 589 summi

115 609 315 713 conditoris,
345 610 405 703 qui
440 609 502 682 illa
536 613 585 683 sic
621 612 805 695 ordinavit,
840 621 883 683 ιιι
915 614 1159 687 inenarribiles

115 721 209 819 (sor.
227 726 427 798 inerrabiles
442 725 581 822 Dacis.)
598 752 719 803 cursus
738 738 776 800 et
797 737 896 799 certa
918 732 1033 823 spatia
1050 732 1159 804 confi-

113 849 246 925 carent,
263 844 389 935 quibus
406 845 542 917 dienun
564 868 605 917 ac
626 847 795 925 noctium,
813 847 943 917 aestatis
961 854 999 918 et
1021 845 1158 941 hyemis

113 956 251 1029 alterna
262 962 446 1032 variarent.
485 961 589 1046 Quod
607 964 635 1034 si
652 963 799 1034 effectus
815 986 949 1046 eorum,
961 964 991 1034 si
1008 972 1157 1048 meatus,

111 1075 143 1143 si
169 1074 373 1162 claritatem,
399 1080 427 1148 si
453 1080 742 1160 constantiam,si
767 1079 1069 1172 pulchritudinem
1096 1082 1157 1157 ad-

112 1192 294 1283 mirantur,
311 1194 507 1289 intelligere
524 1196 731 1280 debuerunt,
748 1206 881 1291 quanto
897 1197 953 1267 bis
978 1195 1157 1290 pulchrior

112 1317 153 1381 et
180 1309 375 1402 preclarior
399 1321 436 1382 et
459 1314 637 1404 potentior
665 1315 711 1384 sit
739 1315 814 1407 ipse
845 1314 1016 1396 conditor,
1047 1321 1156 1406 atque

112 1425 242 1497 artifex
264 1451 386 1499 eorum
410 1428 517 1500 Deus.
567 1428 640 1500 Sed
664 1430 716 1499 illi
741 1432 964 1503 divinitatem
988 1428 1155 1503 humanis

114 1543 246 1613 visibus
268 1544 537 1627 estimaverunt,
559 1546 760 1639 ignorantes
784 1570 851 1618 nec
878 1554 1049 1618 aeternum
1078 1568 1155 1617 esse

112 1682 225 1759 posse,
259 1663 352 1752 quod
386 1662 505 1733 veniat
537 1662 603 1733 sub
642 1672 834 1754 aspectum,
867 1685 944 1745 nec,
978 1663 1073 1753 quod
1107 1663 1154 1733 sit

113 1784 294 1859 aternum,
311 1798 412 1868 posse
429 1776 538 1848 oculis
555 1776 762 1848 mortalibus
778 1776 1038 1870 comprehendi.

481 1992 590 2065 CAP.
618 1992 786 2064 XXVII.
806 1996 811 2008 '

165 2124 286 2199 Unum
308 2138 345 2199 et
365 2126 531 2201 ultimum
552 2136 672 2210 restat,
689 2136 741 2210 ut,
758 2127 924 2220 quoniam
944 2126 1151 2220 plerumque

112 2244 250 2328 accidit,
280 2246 383 2317 sicuti
415 2248 452 2315 in
481 2244 634 2315 historiis
662 2244 824 2338 legimus,
853 2254 896 2311 ιιι
928 2244 1148 2343 majestatem

111 2382 211 2431 suam
229 2360 276 2430 dii
300 2362 491 2433 ostendisse
514 2361 699 2431 videantur
719 2382 783 2453 per
805 2360 960 2454 auguria,
977 2382 1041 2453 per
1060 2382 1151 2431 som·

110 2478 179 2561 nia,
197 2501 260 2570 per
282 2476 429 2559 oracula,
454 2488 531 2547 tum
554 2478 662 2547 etiam
684 2478 797 2569 poenis
814 2500 946 2560 eorum,
964 2478 1024 2569 qui
1047 2479 1150 2548 sacri-

110 2592 204 2687 legia
232 2595 488 2676 commiserant,
514 2594 766 2685 doceamque
794 2595 884 2663 ratio
913 2593 949 2664 id
973 2592 1149 2677 effecerit;

110 2712 250 2802 nequis
267 2712 374 2783 etiam
397 2732 491 2780 nunc
512 2711 551 2779 in
571 2711 713 2781 eosdem
736 2709 880 2801 laqueos
902 2710 1044 2793 incidat,
1061 2731 1150 2801 quos

109 2826 161 2897 illi
179 2836 316 2898 veteres
337 2828 545 2899 inciderunt.
596 2824 688 2896 Cum
712 2823 811 2896 Deus
834 2848 897 2918 pro
918 2825 1051 2914 virtme
1076 2847 1150 2895 ma·

102 2942 244 3035 jestatis
256 2966 327 3014 suae
343 2944 514 3015 mundum
528 2942 573 3013 de
589 2941 698 3011 nihilo
712 2942 934 3023 condidisset,
948 2940 1146 3032 coelumque

109 3058 300 3131 luminibus
333 3061 544 3142 adornasset,
573 3066 702 3129 terram
737 3081 820 3128 vero
853 3066 891 3128 et
923 3078 1020 3127 mare
1053 3079 1149 3126 com·

107 3174 239 3269 plesset
262 3176 480 3261 animalibus,
496 3185 575 3246 tum
598 3174 788 3258 hominem,
812 3174 856 3244 de
881 3173 966 3243 limo
991 3172 1036 3242 ad
1060 3174 1147 3242 ima-

107 3294 227 3387 ginem
253 3294 489 3367 similitudinis
513 3315 584 3362 suae
608 3293 810 3385 figuratum,
827 3290 1008 3381 inspiravit
1030 3288 1075 3358 ad
1096 3289 1146 3359 vi·

107 3416 195 3494 tam,
219 3411 404 3505 posuitque
434 3432 516 3480 eum
544 3411 583 3479 in
610 3409 780 3501 paradiso,
806 3430 912 3499 quem
941 3414 1146 3476 conseverat

107 3528 204 3597 omni
227 3550 357 3621 genere
379 3526 549 3597 fructiferi
577 3524 674 3621 ligni,
696 3533 734 3594 et
756 3524 922 3618 pracepit
945 3523 989 3607 ei,
1006 3545 1052 3591 ne
1074 3544 1146 3592 una

106 3666 154 3715 ex
174 3643 306 3729 arbore,
324 3645 448 3737 inqua
468 3649 633 3735 posuerat
649 3643 682 3712 ei
700 3639 791 3737 (sor.
809 3638 937 3711 debrad.
955 3640 988 3710 ei
1005 3636 1143 3733 Dacis.)

106 3759 290 3831 scientiam
311 3760 394 3831 boni
416 3758 579 3852 malique,
596 3767 765 3852 gustaret,
788 3757 863 3828 fore
885 3756 1142 3859 interminatus,

106 3883 149 3952 ut
177 3877 286 3947 vitam
316 3876 487 3969 perderet,
517 3875 546 3945 si
576 3874 736 3957 fecisset;
770 3876 907 3945 sivero
935 3872 1143 3976 mandatum

105 4002 270 4077 servaret,
286 3992 494 4065 immortalis
515 3999 745 4085 permaneret.
796 3990 891 4060 Tarm
909 4011 1060 4082 serpens,
1081 3991 1141 4081 qui

105 4117 182 4179 erat
204 4130 295 4180 unus
319 4132 366 4180 ex
391 4106 460 4179 Dei
485 4108 661 4189 ministris,
689 4107 848 4195 invidens
877 4106 1141 4209 bomini-,quod

105 4233 198 4330 esset
220 4224 427 4297 immortalis
449 4222 604 4306 effectus,
621 4221 737 4294 illexit
761 4245 843 4293 eum
864 4220 958 4323 dolo,
980 4212 1023 4292 ut
1043 4244 1142 4293 man-

151 4356 222 4399 von.
240 4357 278 4400 11.
612 4358 631 4397 r
646 4342 662 4400 t
