2867 4817
228 279 250 341 4
639 272 858 338 CANONES

228 449 436 546 Ἀπαμείας,
454 445 697 554 Ἀλέξανδρος
720 443 966 549 Ἱεραπόλεως,
988 446 1138 551 Ἱμέριος
1163 453 1281 529 Νικο-

229 575 384 677 μηδείας,
415 579 588 679 Φριτιλῦις
619 574 850 677 Ἡρακλείοις,
887 571 1083 658 Ἑλλάδιος
1117 580 1284 679 Ταρσοῦ,

231 702 437 810 Μαξιμῑνος
453 699 685 805 Ἀναζάρβου,
705 698 892 804 Θεόδωρος
918 700 1282 803 Μαρκιανοιητάλεως,

231 830 370 934 Πέτρος
404 827 735 932 Τραὶονοιητόλεως,
768 833 919 912 Παῦλος
947 830 1112 930 Ἐμίοης,
1149 835 1280 912 Πολυ-

229 956 370 1063 χρόνιος
405 958 685 1061 Ἡρακλειωτῶν
721 953 874 1053 πόλεως,
906 956 1081 1061 Εῦθάριος
1117 957 1308 1057 Τυάνιον,5

231 1084 408 1169 Μελέτιος
426 1083 716 1188 Νεοκαισαρείας,
730 1083 962 1188 Θεοδάρητος
979 1084 1112 1189 Κόρου,
1125 1087 1281 1191 Ἀπρίγ-

230 1246 308 1315 yios
337 1210 584 1317 Καλχηδόνος,
613 1210 803 1315 Μακάριος
832 1213 1040 1296 Λαοδικείας
1072 1217 1136 1312 τῆς
1162 1213 1277 1317 μεγά-

230 1348 310 1439 λης,
339 1345 468 1423 Ζῶσυς
492 1339 727 1435 Ἐσβοῦντος,
753 1336 981 1424 Σαλούστιος
1006 1339 1180 1443 Κωρύκου
1207 1347 1279 1422 Κι-

230 1469 358 1567 λικίας,
374 1465 553 1572 Ἡσάχιος
572 1464 825 1565 Κασταβάλης
845 1471 1021 1565 Κιλικιας,
1041 1469 1282 1554 Οῦαλεντῖνος

231 1593 537 1694 Μουτλοβλάκης,
585 1592 790 1678 Εῦστάθιος
838 1596 1048 1699 Παρνασοῦ,
1097 1596 1280 1682 Φίλιππος
1293 1649 1333 1688 ,ο

231 1726 495 1818 Θεοδοσιανῶν,
513 1719 656 1820 Δανιήλ
674 1752 724 1817 τε,
742 1723 801 1800 καὶ
819 1718 1004 1828 Δεξιανδς,
1017 1721 1213 1807 ’Ῑουλιανάς
1229 1758 1280 1823 τε,

230 1853 290 1932 καὶ
315 1848 509 1954 Κάριλλος,
534 1846 740 1948 Ὀλύμπιός
763 1882 812 1946 τε,
835 1850 894 1928 καὶ
919 1849 1103 1952 Διογένης,
1131 1848 1280 1950 Πολιδς,

230 1975 422 2084 Θεοφάνης
447 1977 724 2082 Φιλαδελφείας,
748 1973 926 2080 Τραίανδς
951 1976 1176 2080 Αῦγοάστης,
1199 1980 1277 2058 Ad·

230 2103 353 2212 ρήλιος
373 2102 678 2206 Είρηνουπόλεως,
699 2109 888 2190 Μουσαῖος
905 2103 1073 2208 Ἀράδου,
1086 2105 1281 2192 Ἐλλάδιος

196 2240 200 2246 ’
230 2229 490 2332 Πτολεμαίδος·
525 2232 648 2315 οἵτινες
677 2235 741 2330 τῆς
769 2233 1070 2333 έκκλησιαστικῆς
1099 2235 1305 2319 κοινωνίαςι
1310 2271 1328 2331 5

229 2361 404 2462 μηδεμίαν
433 2357 573 2464 ἔχοντες
598 2359 720 2439 ι’ίδειαν
747 2363 796 2442 ὡς
824 2359 869 2466 ἐξ
890 2361 1073 2445 αῦθεντίας
1097 2367 1282 2466 ἱερατικῆς,

230 2491 279 2571 είς
295 2483 338 2566 τὸ
357 2484 537 2566 δύνασθαί
550 2519 649 2570 τινας
666 2489 706 2565 ἐκ
723 2484 854 2586 ταύτης
872 2485 1050 2582 βλάπτειν
1071 2487 1095 2589 ἢ
1117 2492 1281 2597 ὠφελεῖν,

229 2611 289 2694 διὰ
314 2613 357 2693 τὸ
385 2614 448 2693 καί
471 2647 570 2698 τινας
596 2615 635 2694 ε’ν
662 2613 781 2697 αὐτοῖς
808 2609 895 2694 εἶναι
917 2617 1190 2721 καθῃρημένους,
1208 2617 1281 2720 πρὸ

228 2739 374 2823 πάντων
391 2738 457 2841 μὲν
474 2739 520 2820 τὰ
538 2742 742 2844 Νεστορίου
767 2743 827 2821 καὶ
844 2740 891 2822 τὰ
916 2745 1117 2825 Κελεστίου
1140 2743 1277 2851 φρονή-

230 2979 345 3038 soopus,
379 2958 548 3019 Alexander
584 2957 734 3039 Apameae,
776 2957 1279 3038 dosiopolis,Daniel,etDexisnus,

229 3037 399 3098 Alexander
425 3039 518 3099 Hiero
557 3040 603 3107 lis,
630 3039 735 3099 Hime·
776 3050 807 3098 et
827 3038 973 3109 Julianus,
989 3052 1020 3100 et
1037 3041 1176 3121 cyrillus,
1191 3052 1223 3102 et
1237 3043 1278 3102 0-

229 3119 291 3178 rius
302 3119 494 3188 Nicomedis,
510 3059 631 3180 idolo
642 3122 736 3180 Hers-
776 3119 913 3200 lympius,
922 3131 953 3181 et
967 3121 1125 3201 Diogenes,
1140 3133 1172 3181 et
1183 3123 1280 3183 Psiis-

229 3199 310 3268 clete,
323 3199 480 3260 Helladius
491 3199 585 3270 Tsrsi‚
596 3201 736 3260 Maximi.
777 3201 853 3269 dius,
859 3202 1053 3281 Thfflphsnes
1058 3202 1278 3284 philadelphia,

229 3299 286 3339 nus
300 3279 458 3350 Anszsrbi,
471 3281 639 3341 Dorotheus
651 3281 734 3340 Mor-
776 3282 922 3377 'I'rsjonus¹
945 3282 1100 3362 Augustis,
1128 3284 1278 3381 Aurelius,

229 3359 736 3522 ffssffii’ssiiffiiy‘tiiii,
776 3363 1279 3505 itfflissiffldziffiffii‘siz

231 3519 461 3601 Heracleopolis.
478 3521 640 3582 Eutherius
658 3523 736 3603 Tys·
775 3523 832 3583 ism
852 3525 971 3583 omnino
984 3525 1185 3585 eeclesiastico
1199 3546 1278 3585 oom-

229 3601 374 3672 nsnsium,
393 3601 536 3662 Meletius
555 3602 735 3666 Neooaessri÷
776 3604 923 3664 munionis
940 3604 1110 3665 foultuoem
1129 3607 1278 3677 λαοεοοος,

231 3681 736 3764 ensis,TheodorotusCyri,Aprin·
777 3696 812 3745 ut
840 3705 878 3744 ex
905 3685 1080 3746 auctoritate
1109 3685 1279 3746 ssoerdotsli

230 3760 296 3838 gius
308 3761 512 3832 Chaloedonis,
523 3765 670 3824 Macarius
678 3765 737 3824 La-
777 3766 911 3846 cuiquam
939 3785 1044 3826 nocero
1070 3766 1118 3824 vel
1143 3767 1280 3846 prodesse

230 3839 338 3901 odioeae
359 3861 480 3922 msgnoe,
501 3843 596 3924 Zosys
617 3844 736 3904 Esbun.
776 3847 898 3928 possint,
915 3857 1070 3925 propterea
1090 3848 1169 3925 quod
1190 3848 1279 3906 etism

230 3919 279 3994 tis,
302 3921 458 3983 Sallustius
483 3924 589 4004 Coryci
614 3925 735 3994 Cilicio,
776 3927 894 4007 quidam
908 3947 945 3986 ex
964 3926 1035 4007 ipsis
1056 3938 1125 3986 sunt
1144 3926 1278 4006 depositi,

230 4001 399 4082 Hesychius
424 4005 584 4063 Castabalae
614 4004 735 4074 Oilioiae,
776 4027 842 4067 oum
856 4007 888 4066 in
908 4007 1009 4087 primis
1028 4007 1160 4067 Nestorii
1174 4018 1205 4067 ot
1221 4009 1279 4067 Ce-

229 4081 409 4142 Valentinus
418 4083 617 4155 Mutloblsooe,
628 4084 735 4146 Ensis·
775 4087 854 4148 lestii
884 4089 965 4166 sequi
997 4089 1157 4148 sententias
1186 4089 1279 4147 mani-

229 4163 735 4247 thiusPsrnsssiPhilippusTheo,
775 4169 850 4228 feste
874 4188 911 4228 ex
939 4187 975 4228 so
999 4178 1069 4239 sont
1095 4168 1279 4249 deprehensi¹
