2867 4817
417 758 845 865 ARNOBIUS.

482 1028 780 1059 *—

103 1206 144 1277 S.
157 1204 425 1291 Hmnourrrus,
450 1203 528 1277 Lib.
551 1203 608 1276 De
639 1202 737 1276 Viris
758 1200 787 1273 I
787 1199 974 1285 Hortalus,
995 1224 1026 1270 c.
1040 1198 1153 1271 lxxix.

391 1344 471 1417 pag.
484 1320 567 1406 169,
585 1322 670 1392 edit.
689 1320 869 1391 Fanarcn.

103 1500 416 1655 ARNOBIUS
429 1504 494 1575 suh
508 1502 734 1574 Diocletiano
750 1502 918 1596 principe,
936 1500 1047 1572 Siccae
1061 1502 1156 1595 apud

206 1618 368 1691 Africam
390 1619 637 1689 florentissime
662 1618 875 1689 rhetoricam
901 1619 1031 1702 docuit,
1049 1622 1156 1715 scrip-

104 1736 223 1829 sitque
235 1737 422 1808 adversum
436 1735 582 1819 Gentes,
594 1758 671 1828 quae
684 1734 791 1829 vulgo
804 1742 931 1805 extant
943 1733 1154 1808 volumino.

107 1952 208 2023 lnam
245 1949 500 2022 Ennomus
539 1951 577 2020 in
623 1947 809 2034 Chronico,
848 1972 941 2020 anno
968 1974 1030 2021 xx.
1061 1950 1157 2021 con-

554 2066 710 2137 stantini.

159 2222 356 2295 Anuomus
390 2222 511 2293 rhetor
539 2223 577 2291 in
606 2220 731 2292 Africa
758 2220 873 2292 clarus
905 2222 1066 2307 habetur,
1096 2228 1156 2317 qui

109 2363 193 2411 cum
209 2341 247 2409 in
264 2338 408 2410 civitate
430 2337 540 2409 Sicca
556 2339 602 2410 ad
625 2338 896 2409 declamandum
912 2339 1063 2431 juvenes
1079 2363 1158 2411 eru-

110 2456 212 2539 diret,
242 2462 280 2525 et
314 2454 430 2525 adhuc
465 2454 628 2525 ethnicus
660 2454 706 2525 ad
736 2454 984 2525 credulitatem
1013 2458 1158 2528 somniis

110 2569 362 2664 impelleretur,
389 2592 506 2661 neque
534 2570 580 2641 ab
611 2571 777 2663 episcopo
803 2570 1010 2663 impetraret
1038 2572 1157 2657 fidem,

111 2714 218 2784 quam
253 2712 392 2782 semper
425 2689 703 2782 impugnaverat,
739 2686 960 2759 elucubravit
992 2692 1159 2762 adversus

110 2807 294 2901 pristinem
319 2805 526 2900 religionem
551 2803 849 2876 luculentissimos
873 2804 990 2888 libros,
1018 2814 1056 2876 et
1081 2814 1159 2877 tan·

112 2924 195 2993 dem
220 2919 320 2991 velut
345 2920 555 3012 quibusdam
581 2918 761 2990 obsidibus
785 2919 929 3012 pietatis
953 2920 1068 2991 foedus
1092 2921 1159 2991 im-

111 3036 275 3131 petravit.
292 3059 326 3129 p.
341 3040 426 3106 400.
445 3034 500 3105 ed.
519 3032 622 3109 Maii.

407 3214 494 3277 Joan.
510 3212 622 3273 Alberti
636 3212 769 3272 Fabricii
782 3222 859 3273 nota.

153 3343 169 3377 ⁸
183 3334 314 3412 Tempus
327 3350 386 3408 quo
400 3330 514 3408 scripsit
528 3328 679 3387 Arnobius
693 3328 739 3386 his
752 3328 848 3387 verbis
861 3328 959 3388 innuit
973 3328 1035 3409 ipae
1048 3330 1098 3390 lib.
1115 3332 1159 3393 11.

114 3430 224 3491 AElalir
238 3428 308 3488 urbe
317 3428 410 3487 Roma
420 3430 505 3507 cujus
515 3446 575 3485 esre
586 3426 616 3484 in
630 3425 785 3485 annalibus
795 3424 959 3483 indicitur?
973 3427 1072 3487 Annos
1081 3402 1173 3489 dacii¹

113 3525 323 3607 quinquaginta
343 3532 369 3583 el
390 3524 474 3591 mille,
493 3532 544 3582 aut
565 3544 621 3581 noa
643 3522 760 3579 multum
782 3522 820 3581 ab
841 3522 888 3581 tis
904 3523 1007 3583 miuus.
1053 3525 1161 3587 Annus

115 3623 154 3681 U.
164 3623 199 3681 C.
218 3638 295 3698 1050
309 3620 464 3700 respondet
478 3640 554 3679 anno
569 3618 678 3678 Christi
694 3620 762 3696 298.

157 3718 340 3794 (Novissime
370 3716 480 3796 prodiit
506 3714 708 3774 Arnohianum
738 3735 813 3795 opus
841 3717 950 3797 Lipsiae
977 3738 1053 3777 anno
1085 3720 1161 3778 1816

99 3823 338 3893 'recognoscente
362 3812 411 3871 Jo.
436 3811 570 3872 Conrado
592 3808 723 3882 Orellio;
751 3796 952 3891 qua'quidem
977 3814 1106 3876 editione
1130 3818 1160 3876 in

115 3910 292 3971 recensendo
310 3910 385 3969 libro
401 3909 495 3989 primo
509 3906 680 3967 Arnobisno
698 3908 824 3968 maxime
841 3930 913 3970 usus
934 3932 1009 3979 sum,
1024 3912 1162 3974 adhibitis

115 4007 244 4067 editione
257 4006 388 4087 principe
402 4014 433 4063 et
446 4004 535 4077 eliis.)
