2867 4817
231 331 449 398 CONCILII
473 328 703 396 EPHESINI
727 326 1059 393 UNIVERSALIS.
1148 328 1169 392 7

120 507 326 607 κοιῶσαμκν
344 511 403 584 καὶ
423 503 568 589 τούτους
593 503 657 583 τὸν
673 503 763 583 ἴδιον
787 504 986 596 ἀπολαβεῖν
1010 496 1164 599 βαθμόν·

120 641 245 717 κοινῶς
264 632 303 712 δὲ
321 633 403 717 τοὺς
427 638 472 738 τῇ
496 629 679 738 ὀρθοδόξῳ
700 633 758 710 καὶ
783 633 1002 731 οἶκουμενικῇ
1027 623 1168 732 συνόδῳ

121 767 421 867 συμφρονοῦντας
452 757 649 863 κληρικοὺς,
680 756 867 857 κελεύομεν
899 763 972 840 τοῖς
1000 757 1165 834 ἀποστα-

122 885 282 988 τήσασιν
312 887 335 988 ἢ
365 887 622 994 ἀφισταμένοις
648 884 856 967 ἐπισκόποις
878 880 1049 981 μηδόλως
1077 882 1164 960 ὑπο-

95 1019 262 1114 ςκεῖσθαι
280 1012 373 1093 κατὰ
388 1015 521 1113 μηδένα
538 1010 683 1116 τρόπον.

506 1227 711 1303 ΚΑΝΩΝ
739 1229 787 1302 Δ.

183 1382 228 1458 Ei
262 1378 303 1456 δέ
330 1411 421 1460 τινες
454 1373 748 1476 ἀποστατήσαιεν
779 1382 852 1455 τῶν
884 1382 1076 1479 κληρικῶν,
1114 1377 1172 1453 καὶ

126 1504 348 1604 τολμήσαιεν
370 1503 394 1605 ἢ
417 1505 493 1584 κατ’
519 1503 610 1583 ἰδίαν
630 1500 655 1602 ἢ
678 1505 837 1609 δημοσίᾳ
858 1501 905 1583 τὰ
928 1500 1173 1605 Νεστορίουῆ

126 1627 174 1710 τὰ
193 1632 393 1713 Κελεστίου
419 1635 612 1739 φρονῆσαι·
644 1635 702 1712 καὶ
729 1630 876 1717 τούτους
903 1628 989 1712 εἶναι
1014 1637 1170 1735 καθηρη·

82 1801 118 1842 ιο
127 1757 264 1858 με’νους,
282 1757 351 1839 ὑπὸ
369 1762 433 1857 τῆς
451 1757 556 1858 ἁγίας
574 1757 728 1839 συνόδου
747 1759 975 1839 δεδικαίωται.

515 1972 716 2048 ΚΑΝΩΝ
746 1975 790 2050 Ε.

179 2113 295 2192 Ὅσοι
322 2111 360 2193 δὲ
387 2115 445 2193 ἐπὶ
472 2110 617 2198 ἀτόποις
643 2110 803 2219 πρόξεσι
830 2115 1089 2216 κατεκρίθησαν
1107 2109 1176 2191 ὑπό

130 2241 195 2342 τῆς
225 2242 330 2344 ἁγίας
362 2238 517 2320 συνόδου
547 2239 571 2341 ἢ
600 2239 668 2320 ὑπὸ
696 2248 769 2320 τῶν
800 2243 936 2322 οἰκείου
961 2238 1176 2322 ἐπισκόπων·

131 2371 191 2450 καὶ
215 2367 353 2452 τούτοις
375 2367 617 2453 ιἰκανονίστως
639 2366 731 2448 κατὰ
757 2367 824 2469 τὴν
849 2371 888 2449 ἐν
915 2365 1053 2449 ἅπασιν
1079 2372 1179 2450 ἀδια-

85 2497 264 2606 ιεφσρίαν
281 2496 390 2574 αι’ντοῦ
408 2497 428 2573 ὁ
447 2494 654 2597 Νεστόριος,
673 2500 732 2576 καὶ
749 2501 783 2575 oi
803 2493 850 2575 τὰ
874 2496 983 2575 αὑτοῦ
1000 2500 1176 2602 φρονοῦν-

131 2657 201 2722 τες,
228 2626 422 2709 ἀποδοῦναι
449 2622 699 2726 ἐπειράθησαν,
726 2621 749 2725 ἢ
778 2629 973 2726 πειραθεῖεν
997 2625 1180 2704 κοινωνίαν

133 2744 157 2851 ἢ
175 2749 330 2850 βαθμὸν,
348 2747 600 2856 ἀνωφελήτους
620 2749 737 2850 με’νειν
754 2755 812 2831 καὶ
838 2752 992 2848 τούτους,
1010 2753 1069 2831 καὶ
1093 2746 1179 2830 εἶναι

134 2877 235 2960 οὐδὲν
253 2877 361 2976 ἦττον
379 2878 642 2983 καθῃρημένους
659 2879 925 2980 ἐδικαιόσαμεν.

136 3111 194 3170 que
228 3091 378 3170 proprium
411 3090 532 3169 gradum
566 3093 637 3151 reci-
824 3143 976 3203 CANON
997 3142 1027 3202 v

137 3173 230 3252 piant,
237 3171 350 3248 justum
359 3171 534 3230 censuimus.
553 3173 639 3231 Com·
1030 3189 1037 3200 ·

137 3251 267 3311 munitet
294 3261 392 3310 autem
420 3251 564 3324 omnibus,
590 3254 641 3331 qui
723 3250 900 3327 Quicunque
932 3259 1030 3308 autem
1064 3259 1183 3328 propter

138 3353 205 3392 cum
234 3329 395 3390 orthodoxa
422 3342 453 3390 et
485 3333 641 3392 universali
681 3333 803 3410 indigna
836 3350 889 3389 sus
924 3329 1001 3389 facta
1035 3350 1052 3388 a
1085 3339 1184 3388 sanctu

138 3413 250 3493 syuodo
287 3413 483 3483 consentiunt,
518 3411 640 3481 clericis,
682 3412 794 3494 synodo
810 3410 892 3470 vela
910 3411 1028 3490 proprio
1048 3410 1184 3489 episcopo

135 3493 274 3571 jubemus
288 3491 325 3550 iis
338 3493 389 3570 qui
399 3493 585 3552 desciverunt
595 3493 642 3554 vel
683 3491 866 3553 condemnati
893 3501 973 3558 sunt,
1002 3501 1032 3550 et
1055 3490 1099 3549 eis
1125 3510 1184 3549 non

139 3571 313 3640 desciscunt,
328 3573 470 3668 episcopis
488 3572 571 3633 nullo
591 3594 641 3653 pe-
683 3573 829 3642 canoniae,
841 3583 930 3653 prout
943 3572 1041 3630 omnia
1053 3571 1124 3631 facit
1138 3571 1184 3629 in·

139 3654 221 3713 nitus
234 3652 321 3712 modo
335 3653 448 3730 subjici.
685 3653 905 3714 discriminatim
916 3650 1186 3730 Nestoriusvelqui

276 3731 430 3792 CANON
452 3733 508 3793 1v.
684 3735 763 3794 idem
786 3753 854 3792 cum
877 3754 913 3792 eo
936 3733 1077 3800 sentiunt,
1099 3734 1184 3791 resti.

182 3813 215 3872 Si
230 3813 281 3892 qui
300 3823 398 3872 autem
413 3812 511 3874 clerici
530 3814 643 3875 defess-
685 3825 769 3875 tuere
793 3823 954 3880 tentarunt,
982 3812 1030 3871 vel
1056 3824 1187 3872 tentave-

140 3895 211 3961 rint,
226 3904 257 3953 et
277 3893 341 3953 susi
362 3894 488 3954 sintve]
508 3896 644 3974 privatim
684 3895 993 3964 rint,oommunionem
1000 3892 1045 3952 vel
1054 3893 1186 3972 gradum,

141 3974 189 4033 vel
202 3973 328 4054 publice,
343 3974 390 4033 vel
408 3995 475 4034 cum
494 3975 643 4044 Nestorio,
685 3976 716 4036 id
729 3975 802 4038 nihil
822 3977 865 4035 eis
882 3976 1028 4055 prodesse,
1045 3985 1076 4034 et
1097 3974 1185 4052 depo·

142 4053 189 4114 vel
208 4075 274 4114 eum
296 4054 423 4115 celestio
444 4057 572 4116 sentire:
595 4077 645 4118 eos
686 4057 758 4117 sitos
770 4055 865 4115 nihilo
881 4056 974 4115 secius
992 4075 1108 4115 manere
1123 4054 1187 4131 jus-

142 4154 259 4273 ηυσηιιο
284 4153 346 4230 esse
373 4147 509 4232 assscta
533 4137 645 4216 synodo
685 4149 748 4197 tum
760 4147 911 4218 putarunt.

163 4226 290 4293 epositos
300 4225 413 4294 justum
428 4237 521 4278 visum
536 4227 589 4278 est.
