2867 4817
229 1105 281 1201 s.
315 1104 629 1207 enormi
658 1108 1064 1234 ornemur

583 1346 686 1391 uasa

128 1498 208 1587 DE
236 1504 723 1609 MORTALITATE,
752 1512 894 1597 SIVE
923 1510 1141 1597 PESTE.

517 1742 737 1775 ...4-

111 1892 138 1963 I·
226 1898 309 1971 TSI
335 1906 429 1998 apud
454 1905 624 2000 plurimos
652 1916 819 1990 vestrum,
847 1906 972 1976 fratres
1002 1904 1157 1976 dilectis

87 2031 101 2091 5
244 2022 338 2105 simi,
355 2045 456 2093 mens
479 2023 591 2094 solida
613 2033 668 2095 est
691 2032 729 2095 et
751 2023 839 2093 fides
855 2023 958 2109 firma
977 2031 1015 2092 et
1037 2024 1156 2092 anima

4 2200 5 2209 ,
109 2135 240 2222 devota,
266 2162 350 2231 quae
375 2140 420 2209 ad
450 2143 635 2234 praesentis
663 2140 890 2211 mortalitatis
915 2140 1053 2233 copiam
1083 2161 1155 2209 non

108 2261 275 2337 movetur,
294 2254 357 2324 scd
374 2262 542 2347 tanquam
560 2264 661 2348 petra
678 2255 779 2326 fortis
791 2263 829 2325 et
846 2252 982 2325 stabilis
995 2252 1155 2324 turbidos

107 2366 254 2461 impetus
286 2372 410 2441 mundi
441 2378 478 2442 ct
508 2372 682 2443 violentos
711 2370 833 2443 saeculi
866 2371 996 2442 fluctus
1024 2370 1155 2464 frangit

107 2485 228 2575 potius,
250 2488 331 2581 ipsa
351 2511 418 2559 nec
438 2488 621 2583 frangitur,
645 2498 682 2560 et
705 2488 963 2560 tentationibus
984 2510 1057 2557 non
1080 2489 1156 2557 vin-

73 2601 201 2686 ¹0citur,
219 2604 285 2676 sed
301 2603 486 2698 probatum
506 2614 627 2677 tamen
641 2608 725 2700 quia
740 2607 983 2677 animadverto
996 2606 1033 2675 in
1049 2603 1154 2697 plebe

108 2720 273 2809 quosdam
298 2720 354 2791 vel
377 2720 623 2795 imbecillitate
646 2724 765 2807 animi,
789 2722 846 2794 vel
863 2721 946 2793 fidei
969 2723 1153 2814 parvitate,
1290 2806 1294 2811 ,

108 2834 159 2905 rel
176 2836 366 2909 dulcedine
388 2840 567 2913 saeeularis
590 2842 684 2925 vitae,
703 2840 761 2912 vel
782 2862 890 2911 sexus
906 2838 1068 2921 mollitie,
1086 2836 1153 2922 vel,

107 2954 195 3043 quod
211 2960 329 3049 majus
348 2966 413 3041 est,
431 2959 590 3029 veritatis
612 2981 729 3029 errore
750 2958 869 3027 minus
889 2964 983 3027 stare
1003 2956 1154 3045 fortiter,

107 3091 167 3141 nec
182 3075 338 3165 pectoris
360 3076 414 3146 sui
437 3076 597 3147 divinum
621 3082 728 3169 atque
750 3075 924 3145 invictum
947 3073 1055 3143 robur
1070 3096 1156 3145 exe·

71 3196 187 3271 ¹5rare,
223 3190 477 3263 dissimulanda
511 3214 567 3262 res
597 3214 669 3262 non
698 3192 768 3261 fuit
797 3213 864 3261 nec
897 3190 1049 3259 tacenda
1082 3213 1153 3282 quc

107 3304 226 3390 minus,
258 3316 431 3400 quantum
460 3317 582 3379 nostra
610 3308 835 3379 mediocritas
862 3306 1002 3389 suffieit,
1032 3307 1153 3400 vigore

107 3418 205 3509 pleno
222 3433 261 3496 ct
278 3448 439 3497 sermone
456 3426 501 3497 de
519 3424 708 3496 Dominiea
725 3423 879 3495 lectione
901 3432 1074 3516 concepto
1092 3424 1154 3495 de·

107 3534 217 3611 licatae
234 3544 366 3614 mentis
382 3544 523 3637 ignavia
540 3542 803 3635 comprimatur,
822 3549 860 3611 et
877 3540 938 3634 qui
953 3540 1063 3611 homo
1081 3538 1152 3612 Dei

108 3662 141 3723 ct
164 3656 296 3730 Christi
322 3682 397 3731 essa
419 3661 497 3753 jam
527 3661 646 3755 coepit,
672 3658 753 3731 Deo
782 3667 821 3729 et
851 3657 993 3730 Christo
1023 3658 1152 3752 dignus

68 3769 282 3847 ²0babeatur.
333 3775 539 3871 Agnoscere
565 3778 661 3847 enim
686 3800 726 3849 sc
751 3774 870 3858 debet,
895 3774 1021 3847 fratres
1043 3774 1153 3847 dilec-

108 3890 235 3977 tissimi,
261 3894 323 3987 qui
349 3892 428 3965 Deo
457 3893 599 3977 militat,
629 3894 690 3986 qui
720 3893 857 3986 positus
883 3893 921 3961 in
947 3890 1151 3965 coeleatibus

107 4012 222 4083 eastris
238 4011 357 4083 divina
367 4012 444 4103 jam
461 4019 600 4104 sperat;
625 4019 667 4080 ut
683 4010 729 4080 ad
746 4008 919 4103 procellas
935 4017 973 4078 et
990 4008 1151 4081 turbines

4 4140 7 4157 ¹
107 4127 222 4199 mundi
248 4129 437 4222 trepidatio
462 4128 560 4199 nulla
585 4128 632 4199 sit
657 4128 694 4198 in
720 4128 832 4210 nobis,
857 4125 957 4197 nulla
981 4124 1149 4209 turbatio,

107 4246 239 4333 quando
255 4246 333 4317 baec
351 4255 501 4318 ventura
520 4245 726 4338 praedixerit
751 4243 936 4315 Dominus.
985 4242 1149 4313 Providae
