2867 4817
264 287 331 352 ³64
523 286 756 350 FIRMIANI
782 286 1055 351 LACTANTII

267 463 325 531 hic
348 468 469 529 tamen
494 481 570 530 esse
594 461 658 530 hes
684 461 767 541 viss,
791 461 950 532 dicimus.
1002 459 1074 531 Sed
1100 459 1163 531 ills
1189 461 1318 531 dexte-

268 580 346 659 rior,
362 598 433 667 qus
449 576 540 666 justi
564 559 782 670 gradiuntur,
800 599 871 645 non
897 577 934 645 in
962 575 1121 668 Elysium
1148 577 1231 657 fert,
1254 577 1317 646 sed

269 695 303 763 in
329 692 482 774 coelum3
517 691 736 762 immortales
762 693 857 762 enim
883 692 983 762 fiunt.
1035 691 1244 761 sinisterior
1272 692 1317 760 cd

268 816 461 878 tartarum:
495 807 635 877 aeternis
663 808 760 876 enim
785 806 998 876 cruciatibus
1023 807 1242 878 addicuntur
1267 809 1319 876 in·

263 924 363 1015 justi.
412 921 580 992 Tenenda
608 931 662 993 est
677 1008 682 1016 ἢ
697 923 807 1016 igitur
836 922 936 992 nobis
959 923 1109 1014 justitiae
1139 924 1207 1004 vis,
1240 945 1319 1012 quae

271 1037 369 1107 ducit
397 1038 442 1106 sd
473 1037 593 1108 vitem.
645 1036 806 1108 Primum
835 1047 956 1108 autem
980 1037 1129 1129 justitioe
1158 1037 1319 1108 officium

270 1161 335 1235 est,
353 1150 470 1221 Deum
493 1162 742 1244 agnoscerent
765 1161 959 1244 putentem,
976 1175 1131 1247 eumque
1153 1163 1320 1224 metuere

265 1277 313 1357 ‚ut
336 1268 529 1348 dominum,
555 1265 701 1360 diligere
726 1276 768 1337 ut
793 1277 940 1359 patrem.
993 1267 1094 1339 Idem
1121 1271 1229 1350 enim,
1258 1271 1319 1361 qui

271 1405 335 1453 nos
358 1382 493 1476 genuit,
510 1382 571 1472 qui
597 1381 696 1451 viteli
722 1382 847 1473 spiritu
869 1383 1049 1465 animavit,
1070 1385 1133 1475 qui
1157 1383 1236 1465 alit,
1259 1386 1318 1474 qui

269 1497 384 1570 seiros
401 1497 496 1580 fucit,
513 1496 622 1568 habet
644 1498 683 1567 in
698 1519 773 1580 nos,
790 1520 862 1567 non
879 1497 985 1567 modo
1004 1507 1043 1567 ut
1063 1507 1174 1590 puter,
1193 1521 1320 1570 renim

272 1615 381 1685 etism
410 1620 453 1682 ut
485 1611 659 1694 dominus,
693 1611 875 1682 licentiam
907 1613 1125 1696 verbereum,
1159 1623 1200 1684 et
1238 1616 1322 1684 vite

273 1753 315 1800 se
338 1729 434 1798 necis
460 1734 697 1818 potestatem
737 1726 833 1797 unde
857 1725 909 1795 illi
936 1728 981 1797 ab
1011 1727 1155 1800 homine
1184 1729 1321 1822 duplex

273 1845 395 1927 honos,
413 1843 448 1912 id
466 1851 530 1923 est,
547 1863 646 1911 amor
662 1865 745 1912 cum
761 1844 899 1924 timore,
918 1843 1076 1913 debetur.
1111 1844 1320 1914 Secundum

268 1961 417 2053 justitiae
441 1957 596 2028 officium
621 1967 686 2039 est,
708 1956 889 2028 hominem
914 1980 1103 2050 agnoscere
1126 1959 1227 2029 volut
1253 1960 1322 2030 fra·

275 2086 377 2147 trem.
430 2073 469 2144 Si
493 2074 589 2143 enim
614 2095 679 2142 nos
704 2073 799 2142 idem
827 2073 925 2143 Deus
951 2073 1046 2156 fecit,
1072 2082 1109 2144 et
1140 2075 1323 2145 universos

273 2193 319 2262 ud
339 2190 518 2283 justitium
544 2190 725 2280 vitemque
747 2197 913 2258 eternum
937 2190 1013 2280 peri
1035 2189 1240 2259 conditione
1262 2214 1323 2283 gc-

276 2309 422 2389 nersrit,
451 2305 607 2376 fraterne
639 2305 762 2396 utique
791 2304 1049 2375 necessitudine
1082 2305 1322 2388 cohaeremus;

276 2446 383 2516 quem
414 2421 475 2513 qui
508 2442 580 2489 non
613 2420 782 2512 agnoscit,
816 2419 966 2511 injustus
999 2430 1064 2490 est.
1116 2421 1188 2492 Sed
1224 2424 1322 2516 origo

277 2539 381 2630 hujus
402 2534 588 2626 malique
614 2535 763 2604 societas
785 2535 880 2603 inter
895 2557 933 2604 se
949 2533 1144 2618 hominum,
1165 2559 1238 2628 quo
1261 2561 1323 2608 ne·

277 2652 498 2726 cessitudinis
515 2649 696 2721 vinculum
720 2650 929 2720 dissolutum
952 2657 1016 2731 est,
1034 2650 1080 2720 ob
1102 2651 1325 2744 ignoratione

279 2769 352 2840 veri
370 2767 439 2836 Dei
462 2767 628 2836 noscitur.
672 2764 743 2847 Qui
760 2765 855 2834 euim
879 2765 1014 2835 fontem
1039 2764 1140 2836 illum
1164 2768 1327 2861 benigni·

279 2885 363 2956 tatis
385 2885 534 2976 ignoret,
561 2881 674 2951 bonus
700 2902 776 2950 esse
801 2879 900 2950 nullo
925 2889 1029 2973 pacto
1054 2892 1182 2975 potest.
1236 2883 1328 2953 Inde

279 3009 345 3082 est,
361 2998 457 3091 quod
473 3020 520 3068 ex
543 3018 585 3066 eo
603 3004 850 3088 temporeque
871 2997 920 3064 dii
942 2997 1047 3067 multi
1068 3001 1264 3069 consecrari
1281 2999 1328 3069 ub

280 3115 482 3189 hominibus
515 3111 654 3204 colique
687 3119 882 3203 coeperunt,
916 3111 1048 3205 fugate,
1082 3115 1173 3183 sicut
1212 3116 1328 3206 poete

282 3233 410 3312 ferunt,
435 3228 585 3322 justitie,
616 3229 794 3318 direptum
820 3235 875 3296 est
904 3250 1009 3298 omne
1038 3228 1161 3310 ioedus,
1187 3229 1329 3322 direpte

282 3348 431 3418 societas
447 3344 538 3436 juris
556 3341 708 3437 (generis
725 3339 847 3412 Dacis
865 3364 911 3411 ex
929 3341 1112 3412 Div.1nst
1127 3341 1175 3414 V.
1193 3347 1245 3434 5.)
1262 3343 1329 3414 hu·

284 3463 390 3533 mani.
439 3444 531 3529 Tum
561 3457 627 3528 sibi
655 3458 805 3548 quisque
834 3455 1019 3527 consulens
1041 3457 1102 3548 jus
1130 3459 1167 3527 in
1195 3459 1329 3530 viribus

284 3556 499 3669 computare,
523 3595 651 3643 nocere
677 3571 838 3653 invicem,
856 3571 1035 3642 fruudibus
1058 3573 1212 3666 aggredi,
1239 3574 1330 3646 dolis

285 3689 580 3770 circumscribere,
610 3687 797 3757 commoda
826 3709 889 3756 sue
917 3685 1064 3756 aliorum
1096 3689 1331 3760 incommodis

287 3809 471 3902 adaugere,
498 3827 571 3874 non
596 3804 764 3896 cognatis,
791 3825 862 3872 non
883 3801 1012 3884 liberis,
1030 3825 1100 3872 non
1123 3807 1332 3894 perentibus

287 3947 439 4020 parcere,
462 3921 506 3992 ed
531 3941 657 3990 necem
676 3918 861 3988 hominum
886 3917 1013 4010 pocula
1037 3928 1245 4012 temperare,
1269 3925 1332 3995 ob-

287 4041 401 4113 sidere
427 4058 509 4108 cum
534 4035 626 4105 ferro
655 4035 739 4116 viss,
764 4033 875 4104 meris
902 4032 1077 4115 infestare,
1105 4034 1241 4106 libidini
1270 4063 1332 4110 su.

290 4165 374 4235 tem,
400 4176 470 4242 quo
496 4151 592 4221 furor
614 4149 765 4229 duxerit,
790 4149 896 4218 iraens
919 4146 1048 4230 laxare,
1065 4149 1154 4220 nihil
1177 4151 1331 4246 deniqne
