2867 4817
266 331 333 400 578
521 332 757 399 FIRMIANI
782 332 1056 398 LACTANTII

266 518 502 590 renascantur,
521 518 559 580 et
575 510 627 579 ita
648 516 875 601 peccatorum
898 528 1042 579 suorum
1063 506 1162 579 luere
1182 528 1318 599 poenas,

267 625 381 695 donec
409 646 528 695 rursus
560 626 607 695 ad
635 625 765 718 figuras
794 623 978 694 hominum
1013 632 1244 705 revertantur,
1280 630 1320 693 et

267 739 336 811 hoc
353 741 428 811 fieri
445 762 594 833 semper,
611 764 678 811 nec
696 762 773 813 ease
788 740 897 811 finem
915 740 1174 811 transmeandi:
1192 739 1321 809 iudum

268 858 356 928 mihi
378 858 498 929 nescio
519 880 626 951 quem
648 857 800 941 inducit,
820 858 956 927 somnio
979 855 1142 937 similem,
1163 856 1221 925 cui
1249 878 1322 925 nec

268 976 359 1045 ratio
375 974 459 1058 ulla,
476 998 543 1045 nec
561 973 630 1044 Dei
646 974 868 1068 gubernatio,
885 994 952 1044 nec
969 972 1155 1043 consilium
1173 971 1321 1064 aliquod

269 1090 383 1160 inesse
400 1090 571 1160 videatur.

656 1250 767 1373 cnr.
794 1300 937 1373 nxrx.

318 1434 447 1505 Dicam
461 1457 557 1505 nunc
579 1458 661 1528 quae
683 1436 730 1504 sit
752 1434 815 1505 illa
830 1456 979 1518 summa,
996 1456 1103 1526 qnam
1127 1456 1174 1503 ne
1195 1435 1221 1504 ii
1239 1438 1321 1527 qui-

267 1550 361 1634 dem,
379 1551 440 1642 qui
458 1569 541 1620 vera
556 1550 733 1631 dixerunt,
750 1550 889 1621 collatis
901 1552 938 1620 in
949 1572 1062 1620 unum
1076 1552 1190 1620 causis
1207 1560 1320 1643 atque

267 1667 470 1748 rationibus,
508 1676 721 1736 connectere
755 1675 960 1759 potuerunt.
1015 1662 1145 1736 Factus
1179 1689 1202 1736 a
1224 1665 1321 1738 vDeo

266 1784 429 1865 mundus,
446 1789 489 1852 ut
513 1780 675 1852 homines
701 1790 947 1853 nascerentur:
977 1790 1172 1852 nascuntur
1193 1792 1321 1855 autem

266 1901 437 1981 homines,
455 1908 497 1968 ut
520 1895 639 1967 Deum
661 1908 800 1990 patrem
823 1906 1024 1992 agnoscant,
1042 1899 1079 1967 in
1099 1921 1169 1990 quo
1186 1908 1241 1969 est
1262 1922 1321 1970 sa-

265 2017 420 2109 pientia3
452 2022 660 2108 agnoscunt,
685 2022 727 2083 ut
752 2014 882 2097 colant,
907 2015 945 2083 in
975 2036 1046 2105 quo
1072 2023 1128 2085 est
1151 2014 1318 2106 justitia;

267 2133 399 2216 colunt,
415 2139 457 2201 ut
476 2130 677 2201 mercedem
699 2130 977 2201 immortalitatis
999 2132 1197 2224 accipiant3
1222 2134 1319 2203 acci·

265 2252 368 2343 piunt
390 2246 706 2329 immortalitatem,
723 2255 765 2316 ut
790 2248 827 2316 in
851 2255 1022 2317 aternum
1047 2246 1127 2317 Deo
1149 2250 1317 2321 serviant.

267 2366 436 2448 Videsne,
454 2364 753 2456 quemadmodum
776 2363 843 2434 sibi
868 2386 1029 2434 connexa
1052 2367 1124 2435 sint
1140 2374 1178 2435 et
1200 2367 1319 2457 prima

266 2506 349 2553 cum
373 2482 511 2560 mediis,
536 2488 575 2549 et
598 2480 717 2549 media
745 2502 826 2549 cum
857 2481 1049 2551 extremis?
1080 2480 1317 2574 Inspiciamus

265 2597 414 2691 singula,
442 2606 481 2666 et
510 2597 692 2666 videamus
721 2604 889 2666 utrumne
914 2592 983 2667 illis
1013 2598 1103 2667 ratio
1133 2598 1313 2668 subsistat

266 2714 368 2784 Fecit
394 2711 493 2781 Deus
518 2709 692 2781 mundum
724 2720 868 2803 propter
896 2712 1087 2783 hominem.
1140 2713 1221 2784 Hoc
1251 2716 1313 2805 qui

264 2851 335 2900 non
361 2829 534 2921 pervidet,
558 2852 629 2898 non
655 2828 810 2897 multum
836 2829 945 2899 distat
973 2853 995 2899 a
1023 2831 1171 2922 pecude.
1222 2830 1315 2915 Quis

264 2944 395 3014 coeium
418 2944 564 3035 suspicit
585 2944 653 3013 nisi
674 2941 806 3014 homo?
832 2944 910 3034 quis
933 2944 1068 3016 solem?
1099 2948 1177 3038 quis
1193 2946 1313 3017 astra?

263 3062 343 3153 quis
372 3062 491 3130 omnia
520 3059 590 3129 Dei
623 3082 730 3151 opera
758 3060 916 3142 miratur,
946 3062 1013 3131 nisi
1042 3058 1174 3133 bomo?
1221 3061 1314 3145 Quis

264 3176 350 3248 colit
366 3177 521 3246 terram?
550 3177 629 3267 quis
646 3197 692 3245 ex
715 3198 759 3245 ea
780 3175 936 3249 fructum
958 3176 1076 3269 capit?
1103 3176 1192 3260 Quia
1214 3179 1314 3247 navi-

263 3305 326 3388 gat
350 3293 471 3363 mare?
506 3292 594 3375 Quis
616 3294 741 3385 pisces,
759 3293 837 3383 quis
860 3291 1029 3375 volatilia,
1054 3294 1133 3385 quis
1159 3294 1313 3384 quadru-

263 3411 383 3504 pedes,
399 3409 508 3479 habet
526 3410 566 3479 in
588 3412 766 3501 potestate
787 3410 854 3479 nisi
876 3408 1009 3481 homo?
1039 3408 1179 3480 Cuncta
1201 3411 1313 3503 igitur

262 3532 407 3617 propter
440 3523 621 3593 hominem
658 3521 757 3593 Dens
778 3523 894 3595 iacit:
936 3526 1018 3616 quia
1046 3526 1126 3596 usui
1155 3525 1311 3599 hominis

262 3649 393 3712 cuncta
408 3661 554 3710 cessere.
607 3638 788 3709 Viderunt
804 3638 872 3710 hoe
896 3640 1104 3733 philosophi,
1126 3642 1188 3713 sed
1208 3642 1310 3727 illud,

260 3758 357 3850 quod
384 3755 551 3847 sequitur,
569 3778 641 3824 non
670 3756 845 3837 viderunt,
870 3758 963 3848 quod
986 3758 1103 3850 ipsum
1125 3758 1310 3830 hominem

261 3880 460 3965 propterea
475 3872 614 3942 fecerit.
662 3871 750 3942 Erat
771 3871 867 3941 enim
890 3892 1117 3962 consequens,
1138 3878 1175 3941 et
1196 3873 1309 3963 pium,

261 3997 300 4059 et
319 3989 564 4070 necessarium,
582 3996 634 4062 ut.
651 4008 762 4080 quum
777 3986 931 4056 hominis
954 4008 1058 4057 caum
1078 3994 1179 4057 tanta
1201 4012 1311 4081 opera

261 4102 407 4172 molitus
432 4104 490 4183 sit,
516 4126 626 4195 quum
651 4112 794 4173 tantum
818 4101 871 4172 illi
901 4102 1053 4185 honoris,
1079 4106 1221 4175 tantum
1247 4104 1310 4175 de-

259 4220 352 4290 derit
376 4221 572 4311 potestatia,
595 4230 637 4291 ut
662 4222 864 4292 dominetur
886 4220 1030 4304 mundo,
1052 4218 1159 4291 homo
1182 4244 1312 4314 agnos·
