2867 4817
282 334 325 401 66
645 338 678 399 S.
700 332 970 399 HIPPOLYTI

281 508 338 609 ἦν.
388 514 472 589 Τῶν
491 508 529 588 δὲ
554 508 751 611 γινομένων
773 504 934 611 ἀρχηγὸν
957 508 1016 585 καὶ
1039 504 1253 604 σύμβουλον
1271 507 1337 584 καὶ

281 634 434 739 ἐργάτην
448 633 570 737 ε’γέννα
590 632 722 737 Λόγον,
737 633 779 714 όν
794 632 916 737 Λόγον
934 633 1026 739 ἔχων
1039 635 1077 712 ἐν
1094 634 1208 739 ἑαυτῷ
1221 630 1336 736 αἰόρα-

282 761 346 845 τόν
363 798 402 844 τε
421 762 509 845 ὅντα
526 769 577 871 τῷ
597 762 784 871 κτιᾷιμένφ
808 762 936 871 κόσμιρ
955 758 1085 866 ὁρατόν
1101 768 1205 842 ποιεῖ·
1235 795 1334 863 προ-

283 891 389 996 τέραν
408 891 532 999 φωνὴν
551 889 808 999 φθεγγόμενος,
826 894 884 972 καὶ
900 896 978 998 φῶς
995 891 1034 969 ἐκ
1047 886 1170 996 φωτός
1185 895 1339 991 γεννῶν,

282 1024 440 1123 προῆκεν
475 1025 520 1125 τῇ
555 1020 670 1099 κτίσει
705 1018 851 1122 Κύριον·
891 1020 956 1098 τὸν
987 1019 1077 1098 ἴδιον
1108 1025 1203 1116 νοῦν,
1235 1019 1339 1124 αὐτῷ
1349 1050 1369 1109 5

283 1145 382 1256 μόνῳ
409 1144 583 1250 πρότερον
611 1144 742 1249 ὁρατόν
769 1144 987 1251 ὑπάρχοντα,
1014 1151 1066 1252 τῷ
1094 1143 1131 1224 δὲ
1157 1143 1339 1251 γινομένῳ

284 1272 412 1382 κόσμῳ
446 1271 599 1379 ἀόρατον
630 1272 726 1371 ὄντα,
759 1271 890 1377 ὁρατόν
916 1281 1019 1372 ποιεῖ,
1048 1272 1145 1356 ὅπως
1177 1270 1236 1351 διό
1266 1281 1340 1351 τοῦ

286 1406 441 1511 φωνῆναι
459 1399 543 1481 ἰδὼν
562 1404 581 1481 ό
600 1400 738 1502 κόσμος
756 1405 918 1500 σωθῆναι
935 1404 1083 1506 δυνηθῇ.

341 1528 399 1609 ια’.
433 1532 505 1610 Καὶ
524 1526 637 1612 οὕτως
662 1530 866 1632 παρίστατο
889 1530 985 1634 αὐτῷ
1004 1528 1131 1629 ἕτερος.
1178 1525 1341 1627 Ἕτερον

284 1654 323 1737 δέ
341 1656 459 1759 λέγων
477 1658 518 1736 οὐ
536 1656 599 1736 δύο
619 1653 732 1739 Θεούς
748 1655 855 1758 λέγω,
874 1656 959 1733 ἀλλ’
980 1657 1028 1738 ὡς
1047 1660 1125 1761 φῶς
1143 1657 1182 1733 ἐκ
1201 1652 1338 1759 φωτὸς,
1355 1700 1396 1740 ,ο

285 1782 308 1884 ἢ
327 1788 376 1869 ὡς
395 1782 489 1887 ὕδωρ
502 1786 540 1863 ἐκ
555 1788 685 1884 πηγῆς,
703 1781 727 1883 ἦ
746 1785 795 1866 ὡς
819 1787 945 1864 ἀκτῖνα
964 1781 1036 1863 ἀπὸ
1058 1783 1175 1882 ἡλίου.
1206 1780 1333 1860 Atina-

284 1945 344 2011 μις
365 1910 438 2014 γὰρ
460 1912 565 2012 μίαή
589 1914 628 1991 ἐκ
654 1920 717 1991 τοῦ
741 1907 886 2009 παντὸς,
903 1908 946 1990 τό
972 1910 1010 1989 δέ
1034 1916 1109 1990 πᾶν
1132 1907 1272 2012 Πατὴρ,
1292 1910 1342 2016 ἐξ

285 2039 327 2119 οὗ
346 2038 492 2139 δύναμις
507 2037 637 2142 Λόγος·
657 2040 760 2123 οὗτος
774 2036 812 2118 δέ
827 2044 936 2137 Νοῦς,
951 2038 990 2123 ὃς
1002 2036 1143 2141 προβὰς
1155 2040 1194 2116 ἐν
1206 2037 1338 2146 κόσμῳ

285 2168 458 2247 ἐδείκνυτο
477 2176 559 2252 παῖς
579 2173 685 2248 θεοῦ.
738 2166 867 2248 Πάντα
891 2169 1009 2247 τοίνυν
1029 2168 1070 2246 δι’
1091 2167 1209 2262 αὐτοῦ,
1226 2165 1336 2249 αὐτὸς

286 2293 324 2374 δὲ
341 2292 449 2393 μόνος
467 2298 506 2375 ἐκ
525 2294 681 2399 Πατρός.
714 2294 782 2378 Τίς
798 2296 918 2374 τοίνυν
938 2294 1172 2401 ἀποφαίνεται
1188 2289 1339 2393 πληθὺν
1357 2336 1367 2373 ι
1375 2334 1396 2391 5

286 2429 391 2504 Θεῶν
408 2424 740 2527 παραβαλλομένην
757 2420 849 2501 κατὰ
866 2421 1031 2525 καιρούς,
1061 2424 1134 2499 Καὶ
1147 2418 1219 2524 γόρ
1235 2419 1336 2501 τόν·

286 2584 344 2635 τες
371 2552 666 2649 ἀπεκλείσθησαν
694 2556 743 2633 εὶς
769 2556 875 2628 τοῦτο
900 2549 1046 2633 ἄκοντες
1068 2554 1187 2646 εἰπεῖν,
1212 2546 1267 2627 ότι
1292 2548 1341 2628 τό

285 2684 364 2759 πᾶν
381 2684 429 2762 εἰς
448 2679 510 2758 ἕνα
528 2677 724 2783 ἀνατρέχει.
762 2681 807 2756 Ei
826 2676 888 2756 miv
906 2675 953 2755 τὰ
967 2675 1087 2757 πάντα
1103 2683 1152 2761 είς
1169 2677 1231 2757 ἕνα
1248 2679 1342 2757 ἀνα·

287 2901 357 2950 erut.
394 2888 507 2948 Eorum
521 2899 618 2948 autem
633 2908 699 2966 quae
713 2888 791 2946 fectu
830 2886 897 2945 lius.
919 2887 993 2945 Cum
1006 2888 1095 2947 elium
1106 2889 1181 2955 dico,
1191 2910 1249 2948 uon
1260 2888 1340 2950 duos

287 2982 366 3041 sunt,
396 2970 509 3038 ducem,
534 2968 731 3029 eonsiiiarium
760 2978 791 3027 et
831 2967 1004 3036 Deosdieo3
1023 2968 1074 3028 sed
1084 2970 1340 3048 tauquamlumeu

286 3051 451 3132 operarium
467 3050 623 3128 generabat
638 3049 787 3108 Verbum:
831 3068 868 3107 ex
882 3049 1003 3117 lumine,
1016 3059 1047 3109 et
1066 3070 1169 3129 equum
1184 3072 1221 3111 ex
1239 3051 1339 3122 fonte,

287 3130 367 3210 quod
383 3130 516 3189 Verbum
530 3150 595 3189 cum
611 3130 642 3188 in
659 3150 689 3189 ee
703 3131 790 3189 habe·
831 3141 883 3189 aut
896 3130 1009 3189 redium
1026 3152 1044 3189 a
1061 3132 1130 3191 sole.
1173 3132 1241 3191 Una
1255 3133 1339 3191 euim

287 3224 342 3282 ret,
360 3221 493 3289 essetque
511 3209 621 3270 mundo
634 3222 732 3270 creato
745 3211 789 3268 iu·
830 3210 926 3271 virtue
935 3232 969 3271 ex
978 3223 1061 3270 toto:
1085 3222 1181 3272 totum
1194 3233 1262 3271 vero
1277 3213 1339 3272 Pu-

287 3291 471 3372 uepectubile,
503 3292 573 3351 fecit
607 3291 790 3371 aspectabile,
831 3302 886 3362 ter,
896 3311 1001 3370 exquo
1011 3292 1105 3352 virtus
1115 3293 1264 3353 Verbum:
1280 3294 1342 3355 hoe

286 3373 424 3433 emittens
459 3372 563 3431 riorem
578 3393 687 3443 vocem,
702 3382 733 3432 et
746 3372 791 3431 lu·
832 3373 1005 3442 veroMeus‚
1014 3374 1075 3432 eive
1086 3394 1196 3445 sensus,
1204 3375 1254 3452 qui
1266 3394 1341 3455 pro·

287 3473 355 3513 men
379 3473 416 3512 ex
438 3392 550 3513 iumine
573 3474 714 3533 generans
741 3453 791 3512 de.
832 3453 915 3512 dieue
928 3454 958 3512 iu
973 3454 1126 3523 mundum,
1141 3465 1276 3515 ostensus
1292 3468 1342 3517 est

286 3534 409 3614 promsit
438 3534 494 3614 ipsi
521 3545 660 3596 creeturoe
688 3534 792 3593 Domi·
832 3554 905 3613 puer
929 3533 996 3595 Dei.
1038 3535 1146 3595 Omnia
1168 3536 1259 3615 igitur
1285 3558 1342 3617 per

286 3636 369 3684 num,
379 3636 494 3675 sensum
503 3636 603 3687 suum3
615 3616 701 3694 etqui
710 3615 792 3694 priue
831 3634 899 3675 eum
914 3616 992 3674 fectu
1010 3628 1089 3684 suut,
1105 3618 1187 3697 ειἰρεε
1204 3616 1287 3677 solus
1300 3640 1340 3678 ex

287 3695 344 3836 ἱροί
358 3708 471 3756 tantum
487 3708 549 3755 erat
562 3696 791 3764 visibilis,muu.
833 3695 921 3755 Patre
933 3699 1059 3775 genitus.
1095 3698 1172 3769 Quis
1185 3719 1255 3777 ergo
1268 3720 1342 3778 pro.

308 3788 437 3837 oautem
452 3777 614 3848 invisibilis,
630 3780 707 3836 huuc
722 3777 790 3835 viui.
831 3778 890 3837 fert
931 3778 1151 3839 multitudinem
1192 3780 1340 3850 Deorum,

288 3857 375 3917 bilem
403 3859 483 3925 fecit,
510 3869 544 3917 ut
570 3858 697 3917 muudus
724 3878 791 3917 cum
832 3878 897 3937 quie
920 3878 973 3937 per
1000 3860 1143 3919 curricula
1169 3871 1340 3939 temporum

287 3958 355 3997 eum
371 3939 422 4017 qui
436 3938 581 4019 apparuit,
595 3938 718 4005 videret,
733 3938 789 3999 sal·
830 3960 868 4019 ορ
889 3940 952 3999 ulna
969 3941 1049 3999 fuit?
1076 3941 1187 4001 Omnes
1202 3942 1283 3999 enim
1303 3962 1342 4001 eo

288 4038 342 4079 vus
352 4019 414 4079 fieri
428 4030 535 4098 posset.
830 3962 939 4081 reiecti
963 4033 1033 4080 eunt
1056 4022 1152 4087 iuviti,
1178 4031 1212 4082 ut
1237 4020 1341 4081 dicant

328 4098 385 4159 XI.
399 4100 500 4177 Atque
520 4100 561 4159 itu
579 4100 693 4159 adstitit
713 4100 740 4159 ei
758 4122 788 4160 a·
830 4102 928 4161 omnia
947 4102 985 4161 ed
1007 4122 1098 4161 uuum
1118 4120 1277 4171 recurrere,
1293 4114 1342 4161 et-

736 4294 819 4343 ·Job.
831 4296 848 4343 i.
862 4310 884 4357 3.
