2867 4817
171 314 616 384 nnno'nATIONEs
646 320 702 383 IN
727 319 910 383 FRAGM.
935 320 990 383 &a
1099 322 1143 389 39

75 509 104 574 15.
113 488 250 567 limebiun,
265 488 329 555 Old'
356 492 419 553 ἐπὶ
444 490 601 573 Ῥώμης
625 492 771 573 ἤκμαζον,
792 490 834 556 ein
854 494 955 573 ἡγεῖτο
977 497 1141 575 mopinot,

73 581 235 659 κρεσβπερίον
249 582 300 655 τῆς
315 578 517 659 ἐκκλησίας
537 582 733 644 ἀποπεσῶν.
781 579 918 645 naama
931 603 964 642 τε
979 580 1142 665 οὖντούτῳ

72 667 224 749 παραπλησίῳ
233 666 373 743 πόματι
387 665 674 748 κατεσχημένος·
691 666 720 729 ol
730 666 778 729 καὶ
788 667 908 731 πλείους
922 668 974 743 τῆς
985 668 1142 744 ἐκκλησίας

73 751 237 830 περιέλκοντα
251 752 301 814 ἐπὶ
315 750 353 813 τὸ
370 756 481 831 σφῶν
499 755 641 834 ὑπῆγον
656 754 805 832 βούλημα·
830 749 953 831 θάτερος
974 753 1053 819 ἰδίως
1074 754 1141 832 περὶ

74 836 110 912 τὴν
130 838 261 917 ἂληθείαν
290 838 508 919 νεωτερίζειν
543 838 749 919 πειρώμενος.
808 837 857 901 At
886 858 961 900 vero
997 836 1143 902 Blastum

78 930 178 1008 propter
195 924 417 1008 questionem
443 924 496 987 de
516 924 659 1009 paseha
674 932 817 1009 tempore
839 930 944 988 ortam
962 944 1052 987 reum
1073 946 1144 987 eva-

80 1008 136 1073 sisse
144 1010 318 1075 nbismatis
325 1010 451 1095 potins
470 1031 587 1095 quam
603 1009 743 1088 haeresis,
756 1011 897 1075 ostendit
911 1010 1015 1095 eapite
1029 1010 1142 1074 ultimo

78 1104 166 1159 auctor
177 1096 274 1161 libelli
290 1098 420 1161 Contra
437 1095 631 1160 Hoerott'oos
647 1097 733 1181 apud
748 1096 977 1161 Tertullianum
992 1097 1141 1161 extantia.

77 1181 273 1247 Theodoretus
287 1183 430 1268 quidem
445 1183 488 1245 in
511 1182 637 1247 Hera.
652 1182 732 1247 nat.
749 1183 803 1247 lib.
820 1183 846 1245 l.
865 1204 892 1247 ο.
909 1201 960 1266 23.
976 1204 1048 1246 eum
1070 1204 1141 1245 oum

80 1266 242 1333 llorinoin
255 1269 551 1333 Valentinianum
574 1268 720 1333 haeresim
746 1269 918 1333 declinasse
943 1268 1000 1346 ait,
1023 1270 1080 1332 sed
1101 1270 1142 1332 de

79 1352 128 1417 bne
140 1377 172 1418 re
185 1356 276 1419 silere
291 1355 432 1419 videtur
448 1354 629 1419 Eusebius.

116 1440 151 1503 P.
174 1462 225 1541 35.
253 1443 277 1506 l.
308 1461 343 1527 5.
374 1446 529 1506 ΤΑΊΤΑ
560 1444 598 1505 τὰ
627 1442 761 1522 δόγματα
790 1443 862 1525 bro]
888 1440 1140 1525 “(londisoipuli‚

83 1534 100 1559 “
114 1526 258 1608 (l'lonni)
287 1550 391 1613 quem
423 1528 518 1612 apud
549 1526 762 1614 Polyonrpum
789 1527 913 1591 viderat
937 1534 1140 1611 novaretque,

85 1622 101 1646 ‘⁴
114 1634 214 1676 tasum
235 1614 352 1678 dolens
376 1614 538 1689 lreuaeus,
563 1632 696 1698 eumque
719 1613 761 1677 ab
787 1635 895 1677 errore
917 1634 1067 1676 revocare
1090 1635 1141 1676 ou—

85 1710 102 1731 ·⁴
116 1698 208 1783 piens,
223 1700 356 1785 son-ipsit
367 1700 530 1763 adversus
541 1720 613 1763 eum
628 1700 795 1784 epistolam
809 1701 877 1782 περὶ
891 1704 942 1779 τῆς
953 1702 1140 1782 Μοναρχίαο,

86 1792 104 1820 “
118 1784 134 1863 ἦ
147 1788 212 1867 περὶ
231 1792 285 1849 τοῦ
300 1786 343 1867 μὴ
361 1785 444 1850 εἶναι
459 1785 514 1849 τὸν
534 1785 618 1849 Θεὸν
632 1785 755 1865 ποιητὴν
770 1792 876 1860 κακῶν,
891 1786 930 1850 de
944 1785 1140 1860 Mottorolio,

85 1880 103 1905 “
117 1871 187 1948 eive,
202 1873 283 1959 qnod
297 1873 390 1936 Deae
405 1892 466 1934 non
479 1872 521 1935 sit
534 1870 670 1935 eonditor
683 1872 840 1935 maloram».
884 1873 1001 1950 Ταύτης
1018 1869 1076 1953 γάρ
1095 1897 1142 1935 τοι

86 1964 105 1991 ⁴³
118 1961 167 2035 τῆς
187 1959 317 2039 γνῶμης,
334 1957 432 2021 addit
448 1957 615 2035 Eusebi1n‚
631 1958 716 2023 οὗτος
738 1960 835 2022 ἐδόκει
855 1958 1058 2040 προασπίζειν,
1074 1980 1142 2021 enm

86 2044 196 2106 “onim
259 2046 399 2108 inionem
421 2043 473 2106 lio
497 2043 657 2129 defendero
681 2042 850 2108 oidolotw.
906 2044 985 2125 Quae
1014 2043 1141 2128 quidem

86 2136 105 2163 ‘⁴
120 2128 163 2193 eie
176 2066 318 2215 expoliant
334 2130 381 2193 H.
395 2129 555 2207 Valesius,
568 2128 657 2214 quasi
669 2128 818 2194 Florinue
834 2129 1008 2194 Maroionis
1022 2137 1056 2193 et
1067 2131 1141 2194 (ler-

86 2222 105 2251 “
119 2215 209 2279 donin
219 2217 431 2302 dogmatibus
445 2215 621 2293 adhaerens,
633 2216 697 2279 duo
708 2215 863 2301 principia
873 2214 1053 2292 invexisset,
1063 2216 1141 2281 alte-

85 2308 105 2336 ·‘
119 2324 190 2365 rum
203 2304 374 2381 benonim,
386 2302 526 2366 alterum
539 2302 695 2366 malorum
709 2310 882 2367 auctorem.
906 2302 971 2367 Sed
984 2310 1141 2388 repugnat

84 2395 105 2423 ‘⁴
121 2387 260 2453 lreuaeus
284 2389 441 2467 scribens,
468 2388 588 2452 Florini
611 2389 751 2473 doomoto
775 2411 813 2453 ne
840 2389 963 2474 quidem
990 2388 1142 2453 haereticos

85 2484 105 2509 ‘⁸
119 2480 205 2538 entra
236 2476 396 2541 mnsam
425 2475 540 2560 positos
567 2475 711 2560 proferro
743 2476 878 2561 onqo'oom
912 2495 1000 2539 omos
1026 2476 1139 2558 fnisse.

85 2560 257 2625 “Gravior
279 2562 381 2648 igitur
404 2582 501 2646 quam
521 2560 673 2625 Cerdonis
690 2584 728 2626 ao
744 2562 918 2626 Marcionis
932 2567 1004 2625 erat
1019 2560 1141 2625 Florini

85 2656 104 2681 ‘⁶
119 2668 228 2723 error;
253 2670 292 2712 ao
329 2648 444 2712 roinde
465 2646 499 2710 in
515 2669 554 2711 eo
590 2647 690 2711 ositus
705 2647 801 2712 fuisse
814 2648 949 2725 videtur,
966 2647 1050 2731 quod
1065 2669 1138 2721 non,

85 2738 107 2771 ⁸⁶
122 2740 159 2797 ut
174 2734 229 2813 illi,
245 2671 406 2819 duplioem
421 2732 535 2811 Deum,
552 2670 687 2797 alterum
708 2734 794 2810 boni,
809 2734 946 2797 alterum
966 2733 1141 2810 maliano

85 2828 105 2855 “
120 2828 225 2883 torem
239 2820 398 2906 fingeret;
423 2819 527 2883 sedin
542 2841 639 2883 unum
653 2826 687 2883 et
701 2820 848 2885 eumdem
857 2819 972 2900 Deum,
987 2828 1142 2903 tanquam

86 2914 106 2942 ·‘
120 2906 154 2969 in
168 2928 328 2983 eaussam,
344 2906 431 2970 mala
445 2905 551 2971 omnia
565 2928 602 2970 ae
617 2914 749 2992 peecata
765 2907 969 2981 refunderet3
995 2906 1081 2990 quod
1094 2928 1141 2969 re

86 2998 107 3028 *⁶
121 3014 197 3056 vem
222 2992 330 3056 nullus
354 2992 509 3057 haetenus
534 2991 701 3057 hoeretious
729 2993 871 3078 proferre
899 3014 997 3057 ausus
1025 2991 1140 3055 fuerat.

88 3088 106 3114 ·⁴
122 3077 221 3143 Unde
247 3078 325 3143 lieet
347 3100 407 3164 pro
432 3081 588 3163 μοναρχίᾳ,
616 3101 671 3142 seu
699 3079 846 3164 principii
875 3079 1000 3143 unitate
1029 3084 1142 3143 eontra

88 3172 107 3201 ·‘
123 3164 339 3229 Maroionitas
353 3186 426 3229 oum
437 3164 608 3230 Catholicis
619 3166 819 3241 decertaret;
835 3166 918 3230 hano
928 3172 1036 3230 tamen
1050 3163 1142 3250 pejus

89 3258 108 3288 ·‘
123 3251 184 3314 illis
210 3251 363 3329 violabat,
388 3252 465 3315 dum
493 3250 584 3316 melis
606 3252 752 3315 omnibns
781 3251 1032 3317 contaminabat.
1076 3250 1141 3314 Ire

88 3344 109 3377 ‘⁶
122 3358 212 3401 naeus
227 3359 304 3401 vero
326 3336 525 3402 retinendam
546 3358 615 3402 esse
635 3341 813 3422 μοναρχίαν,
836 3360 894 3403 nee
915 3345 1023 3403 tamen
1044 3337 1141 3431 malo
1266 3416 1270 3424 Α

91 3430 109 3457 '²
123 3445 195 3487 rum
215 3424 289 3488 labe
311 3424 564 3510 adspergeudam
585 3444 664 3501 esse,
683 3432 753 3489 tam
773 3446 855 3501 vere,
879 3446 975 3509 quam
995 3423 1047 3510 pie
1068 3445 1141 3487 oon—

91 3521 109 3543 “
123 3511 289 3575 tendebat.
318 3510 422 3591 Quam
435 3531 510 3574 vero
524 3532 545 3574 a
558 3510 710 3595 pestifera
726 3510 847 3574 Florini
862 3510 1008 3575 doctriua
1021 3510 1142 3574 alienus

91 3609 109 3633 ⁶·
123 3596 297 3674 extitisset,
321 3618 478 3681 quamque
499 3595 655 3661 nefarium
676 3597 794 3683 dogma
815 3596 1030 3661 exhorruisset
1048 3595 1142 3680 Poly-

92 3691 110 3718 ·‘
124 3704 249 3767 earpnn,
267 3704 361 3768 quem
380 3683 500 3746 dudum
520 3690 748 3769 praeeeptorem
762 3683 918 3762 audierat,
934 3682 964 3747 ei
979 3683 1020 3746 ob
1035 3682 1142 3747 oeulos

93 3776 110 3805 ·‘
125 3770 235 3853 ponta
260 3776 298 3833 ut
320 3769 403 3834 tanti
426 3769 630 3854 pmoeptoris
650 3770 803 3834 momoria
824 3768 950 3833 devium
972 3769 1006 3832 in
1025 3768 1141 3833 (letho

94 3864 111 3891 ‘⁸
126 3854 193 3919 liam
206 3854 355 3920 volitatio
369 3854 452 3920 viam
467 3855 623 3920 effioaoius
636 3856 813 3920 reduoeret.
858 3854 1050 3919 Philastriue
1065 3854 1140 3918 Flo·

95 3957 112 3977 ··
125 3942 288 4007 rinnomm
313 3942 523 4027 quorumdam
546 3941 768 4007 haeretieorum
794 3940 956 4014 meminit3
984 3940 1040 4004 sed
1063 3962 1143 4025 quos

95 4036 113 4062 ‘⁶
126 4028 447 4114 Carpocratianonun
470 4028 629 4093 surculum
648 4050 718 4093 esse
736 4028 824 4092 dioit.
869 4025 1053 4091 Gennadius
1067 4049 1142 4091 vero

95 4127 113 4148 ⁴·
128 4113 321 4191 Florianum,
337 4135 393 4178 neu
410 4114 575 4179 Florinum
589 4114 706 4199 culpat,
724 4113 809 4198 quod
823 4134 951 4178 oamem
965 4112 1039 4178 mali
1054 4134 1142 4177 oaus-

96 4209 113 4233 ‘·
127 4222 193 4265 eam
208 4224 277 4266 esee
292 4200 474 4266 crediderit.
520 4200 598 4282 Qua
621 4200 759 4286 quidem,
775 4200 802 4264 ai
823 4206 958 4283 nitarque
978 4198 1142 4263 Florinum

98 4292 117 4321 ⁶*
129 4294 270 4353 nostrum
285 4287 489 4367 intellexerit,
501 4308 565 4352 non
579 4287 708 4352 omnino
723 4308 796 4352 oum
806 4284 946 4351 Eusebio
960 4292 995 4350 et
1010 4285 1141 4365 Ireuaeo,
