2867 4817
506 351 738 420 cursous.
1080 341 1143 420 aaa

99 508 233 597 fuerint
261 538 325 599 aut
350 551 453 612 mors,
482 540 545 602 aut
569 533 719 602 servitus
745 545 848 624 poena
875 539 939 612 est,
970 551 1035 600 nec
1062 529 1144 600 ullis

99 652 182 734 post
208 665 307 714 arma
332 646 493 738 deposita
517 649 702 730 cruciatus,
733 647 892 740 quamvis
922 647 1041 716 omnia
1068 645 1143 737 pati

99 760 304 844 meruerint,
321 763 382 852 qui
404 758 520 834 facere
546 764 754 844 voluemnt;
780 771 817 832 et
843 765 936 832 inter
958 781 1143 832 mucrones

99 872 220 946 locum
243 879 356 968 pietas
377 879 525 950 haberet
541 878 633 976 (sor.
657 881 766 950 habet
786 877 933 972 Dacis.).
978 877 1143 950 Inaudita

98 1000 157 1060 est
173 994 371 1077 cmdelitas‚
389 1019 472 1067 curn
488 999 691 1068 innocentia
711 1020 778 1066 nec
796 999 970 1066 victorum
986 996 1142 1066 hostium

98 1109 338 1203 conditionem
361 1123 528 1184 meretur.
580 1114 668 1198 Quae
690 1121 791 1184 tanta
806 1113 917 1205 ‘hujus
934 1112 1059 1182 furoris
1088 1123 1142 1182 est

98 1225 228 1296 causa?
258 1226 414 1312 Scilicet,
438 1231 520 1322 quia
542 1232 678 1300 ratione
706 1229 873 1323 congredi
900 1251 971 1298 non
996 1237 1142 1320 queunt,

99 1341 270 1414 violentia
284 1355 472 1437 premunt;
496 1347 676 1440 incognita
697 1369 803 1416 causa
824 1353 993 1436 tanquam
1015 1368 1147 1416 nocen-

55 1474 63 1485 ·
99 1459 255 1530 tissimos
280 1461 459 1546 damnant,
475 1464 550 1555 'qui
581 1461 673 1557 (sor.
704 1463 787 1555 quia
815 1460 953 1554 Duum.)
983 1471 1146 1534 constare

98 1577 147 1646 de
162 1577 238 1669 ipsa
253 1579 455 1650 innocentia
470 1579 672 1650 noluerunt.
701 1579 783 1650 Nec
797 1579 881 1648 satis
894 1587 1032 1670 putant,
1044 1580 1073 1648 si
1087 1603 1145 1650 ee-

100 1693 167 1764 leri
183 1717 225 1765 ac
237 1696 387 1789 simplici
405 1705 519 1767 morte
534 1699 739 1778 moriantur,
757 1719 844 1788 quos
860 1695 1145 1766 irrationabiliter

100 1812 263 1895 odeumt‚
288 1812 349 1882 sed
375 1836 436 1884 eos
460 1815 644 1905 exquisitis
669 1815 882 1884 eruciatibus
909 1813 1075 1896 lacerent,
1103 1823 1144 1882 ut

100 1927 270 2020 expleant
299 1930 431 2011 odium,
461 1931 555 2022 quod
585 1954 656 1999 non
685 1938 871 2021 peecatum
901 1929 1052 2020 aliquod,
1081 1929 1143 1998 sed

100 2046 231 2114 veritas
256 2047 369 2137 parit3
404 2070 484 2138 quae
513 2047 644 2118 idcirco
672 2045 766 2115 male
796 2046 995 2116 viventibus
1024 2046 1144 2116 odiosa

99 2171 165 2242 est,
200 2163 284 2253 quia
316 2185 407 2256 aegre
441 2162 559 2232 ferunt
593 2185 669 2232 esse
702 2162 847 2254 aliquos
882 2163 1008 2253 quibus
1048 2162 1144 2232 saeta

100 2301 224 2348 eorum
246 2278 385 2371 placere
410 2303 481 2350 non
508 2291 665 2372 possunt.
718 2278 797 2349 Hos
826 2281 922 2349 omni
952 2279 1058 2350 modo
1083 2302 1145 2348 cn-

100 2395 205 2487 piunt
221 2396 439 2490 extinguere,
457 2407 498 2466 ut
515 2398 649 2489 possint
666 2395 776 2465 libere
789 2395 864 2465 sine
877 2402 969 2465 teste
986 2417 1144 2488 peccare.

503 2613 613 2683 CAP.
640 2613 745 2683 LIII.
868 2555 871 2560 Ι

153 2744 225 2815 Sed
242 2746 316 2816 haec
333 2746 448 2816 facere
470 2749 658 2829 sedicunt,
676 2757 717 2817 ut
735 2749 819 2818 deos
841 2767 923 2816 suos
940 2745 1144 2816 defendant.

101 2861 262 2933 Primum
287 2865 315 2932 si
342 2863 389 2934 dii
412 2873 553 2934 suntet
578 2863 712 2935 habent
737 2863 869 2956 aliquid
895 2862 1080 2955 potestatis
1102 2885 1146 2930 ao

100 2980 267 3064 numinis,
290 2979 493 3051 defensione
519 2981 670 3051 hominis
696 2980 962 3073 patrocinioque
990 3001 1061 3048 non
1091 2979 1147 3046 ina

100 3095 234 3188 digent,
266 3097 328 3166 sed
362 3097 493 3190 seipsos
526 3099 650 3189 utique
683 3096 890 3168 defendunt.
945 3093 1024 3164 Aut
1057 3117 1146 3186 qno-

100 3215 208 3285 modo
232 3215 278 3285 ab
306 3216 349 3286 iis
377 3217 484 3286 homo
514 3239 653 3309 sperare
681 3215 854 3285 auxilium
882 3221 1011 3307 potest,
1038 3213 1067 3281 si
1095 3235 1142 3281 ne

100 3354 182 3403 suas
216 3334 358 3424 quidem
394 3333 536 3423 injurias
569 3341 715 3425 possunt
747 3329 946 3401 vindicare?
982 3327 1142 3398 Stultum

99 3447 210 3540 igitur
237 3458 276 3518 et
305 3472 445 3532 vanum,
476 3449 624 3519 deorum
653 3471 730 3519 esse
759 3447 914 3517 vindices
944 3444 1045 3527 velle,
1075 3445 1142 3514 nisi

99 3565 194 3654 quod
224 3587 271 3635 ex
300 3587 343 3634 eo
372 3567 484 3659 magis
513 3576 658 3658 apparet
688 3565 892 3636 diffidentia.
944 3563 1015 3646 Qui
1045 3562 1140 3631 enirn

99 3681 334 3772 patrocinium
365 3681 444 3764 Dei,
475 3705 582 3774 quem
614 3682 709 3765 colit,
741 3682 896 3774 suscipit,
929 3680 1031 3749 illurn
1064 3701 1142 3747 esse

100 3795 189 3866 nihil
212 3794 305 3891 (for.
332 3798 433 3867 nihili
450 3795 604 3893 Ducis),
628 3799 838 3868 confitetur:
863 3798 892 3867 si
917 3807 1036 3867 autem
1060 3795 1142 3863 ideo

99 3913 197 3996 colit,
214 3915 297 4006 quia
312 3924 495 4008 potentem
516 3915 714 3997 arbitratur,
732 3937 804 3984 non
826 3915 1031 3984 debetcum
1049 3909 1142 3979 velle

99 4031 338 4114 defenderes
360 4055 429 4124 quo
450 4033 524 4125 ipse
547 4040 601 4101 est
626 4031 877 4102 defendendus.
930 4028 1007 4098 Nos
1033 4027 1142 4121 igitur

99 4156 208 4218 recte.
261 4148 356 4218 Nam
381 4172 463 4219 cum
487 4148 546 4218 isti
569 4148 769 4218 defensores
792 4145 958 4217 falsorum
984 4146 1142 4226 deorum,

100 4265 266 4334 adversus
283 4287 405 4349 uemm
423 4264 543 4335 Deum
566 4263 725 4346 rebelles,
746 4285 875 4334 nomen
892 4262 967 4354 ejus
984 4262 1020 4331 in
1040 4262 1143 4332 nobis

147 4393 219 4436 Vol..
237 4395 277 4437 11.
616 4398 632 4437 Z
649 4397 666 4437 Ζ
