<?xml version="1.0" encoding="UTF-8"?>
<!DOCTYPE html PUBLIC "-//W3C//DTD XHTML 1.0 Transitional//EN"
    "http://www.w3.org/TR/xhtml1/DTD/xhtml1-transitional.dtd">
<html xmlns="http://www.w3.org/1999/xhtml" xml:lang="en" lang="en">
 <head>
  <title>
</title>
<meta http-equiv="Content-Type" content="text/html;charset=utf-8" />
  <meta name='ocr-system' content='tesseract 3.04.00' />
  <meta name='ocr-capabilities' content='ocr_page ocr_carea ocr_par ocr_line ocrx_word'/>
</head>
<body>
  <div class='ocr_page' id='page_1' title='image "./scriptorumeccle03routgoog_0419.png"; bbox 0 0 2867 4817; ppageno 0'>
   <div class='ocr_carea' id='block_1_1' title="bbox 269 328 1175 396">
    <p class='ocr_par' dir='ltr' id='par_1_1' title="bbox 269 328 1175 396">
     <span class='ocr_line' id='line_1_1' title="bbox 269 328 1175 396; baseline 0.002 -4"><span class='ocrx_word' id='word_1_1' title='bbox 269 329 321 394; x_wconf 92' lang='lat' dir='ltr'>IN</span> <span class='ocrx_word' id='word_1_2' title='bbox 345 329 563 396; x_wconf 84' lang='lat' dir='ltr'>CANONES</span> <span class='ocrx_word' id='word_1_3' title='bbox 587 328 772 396; x_wconf 87' lang='lat' dir='ltr'>NlCAENI</span> <span class='ocrx_word' id='word_1_4' title='bbox 797 328 1023 394; x_wconf 87' lang='lat' dir='ltr'><strong>CONCILII.</strong></span> <span class='ocrx_word' id='word_1_5' title='bbox 1111 331 1175 394; x_wconf 79' lang='grc'>403</span> 
     </span>
    </p>
   </div>
   <div class='ocr_carea' id='block_1_2' title="bbox 122 499 1174 1256">
    <p class='ocr_par' dir='ltr' id='par_1_2' title="bbox 122 499 1174 1256">
     <span class='ocr_line' id='line_1_2' title="bbox 123 499 1174 588; baseline 0 -23"><span class='ocrx_word' id='word_1_6' title='bbox 123 502 180 566; x_wconf 92' lang='lat' dir='ltr'>lib.</span> <span class='ocrx_word' id='word_1_7' title='bbox 197 501 223 565; x_wconf 91' lang='grc' dir='ltr'>Ι.</span> <span class='ocrx_word' id='word_1_8' title='bbox 237 523 306 588; x_wconf 81' lang='lat' dir='ltr'>eup.</span> <span class='ocrx_word' id='word_1_9' title='bbox 322 521 371 566; x_wconf 82' lang='lat'>11.</span> <span class='ocrx_word' id='word_1_10' title='bbox 391 501 444 566; x_wconf 78' lang='grc' dir='ltr'>τὸν</span> <span class='ocrx_word' id='word_1_11' title='bbox 459 500 620 580; x_wconf 74' lang='grc' dir='ltr'>φθάσαντα</span> <span class='ocrx_word' id='word_1_12' title='bbox 638 500 748 582; x_wconf 82' lang='grc' dir='ltr'>κλήρου</span> <span class='ocrx_word' id='word_1_13' title='bbox 765 507 878 583; x_wconf 80' lang='grc' dir='ltr'>τυχεῖν,</span> <span class='ocrx_word' id='word_1_14' title='bbox 896 500 998 579; x_wconf 76' lang='grc' dir='ltr'>μηκέτι</span> <span class='ocrx_word' id='word_1_15' title='bbox 1012 501 1062 564; x_wconf 72' lang='lat' dir='ltr'>en</span> <span class='ocrx_word' id='word_1_16' title='bbox 1076 499 1174 581; x_wconf 70' lang='grc' dir='ltr'>γάρον</span> 
     </span>
     <span class='ocr_line' id='line_1_3' title="bbox 125 587 1174 671; baseline -0.002 -19"><span class='ocrx_word' id='word_1_17' title='bbox 125 589 279 671; x_wconf 78' lang='grc' dir='ltr'>ἔρχεσθαι,</span> <span class='ocrx_word' id='word_1_18' title='bbox 297 591 371 652; x_wconf 75' lang='grc' dir='ltr'>κατὰ</span> <span class='ocrx_word' id='word_1_19' title='bbox 384 587 438 666; x_wconf 76' lang='grc' dir='ltr'>τὴν</span> <span class='ocrx_word' id='word_1_20' title='bbox 452 591 502 665; x_wconf 80' lang='grc' dir='ltr'>τῆς</span> <span class='ocrx_word' id='word_1_21' title='bbox 517 589 674 665; x_wconf 80' lang='grc' dir='ltr'>ἐκκλησίας</span> <span class='ocrx_word' id='word_1_22' title='bbox 688 589 817 670; x_wconf 79' lang='grc' dir='ltr'>ἀρχαίαν</span> <span class='ocrx_word' id='word_1_23' title='bbox 835 587 1012 667; x_wconf 77' lang='grc' dir='ltr'>παράδοσιν.</span> <span class='ocrx_word' id='word_1_24' title='bbox 1057 587 1174 650; x_wconf 79' lang='lat' dir='ltr'><strong>Confer</strong></span> 
     </span>
     <span class='ocr_line' id='line_1_4' title="bbox 125 671 1173 758; baseline -0.002 -20"><span class='ocrx_word' id='word_1_25' title='bbox 125 675 290 738; x_wconf 85' lang='lat' dir='ltr'>Sozamen.</span> <span class='ocrx_word' id='word_1_26' title='bbox 306 673 327 738; x_wconf 91' lang='lat' dir='ltr'>i.</span> <span class='ocrx_word' id='word_1_27' title='bbox 344 692 396 758; x_wconf 77' lang='lat'>23.</span> <span class='ocrx_word' id='word_1_28' title='bbox 428 672 511 738; x_wconf 86' lang='lat' dir='ltr'>Vide</span> <span class='ocrx_word' id='word_1_29' title='bbox 526 680 559 737; x_wconf 88' lang='lat' dir='ltr'>et</span> <span class='ocrx_word' id='word_1_30' title='bbox 574 673 607 737; x_wconf 88' lang='lat' dir='ltr'>S.</span> <span class='ocrx_word' id='word_1_31' title='bbox 618 671 735 736; x_wconf 85' lang='lat' dir='ltr'>Jeeobi</span> <span class='ocrx_word' id='word_1_32' title='bbox 751 672 892 736; x_wconf 78' lang='lat' dir='ltr'>Nisibeni</span> <span class='ocrx_word' id='word_1_33' title='bbox 908 675 1080 736; x_wconf 67' lang='lat' dir='ltr'>sornam</span> <span class='ocrx_word' id='word_1_34' title='bbox 1088 672 1173 736; x_wconf 86' lang='lat' dir='ltr'>xviii.</span> 
     </span>
     <span class='ocr_line' id='line_1_5' title="bbox 126 759 1173 846; baseline -0.002 -23"><span class='ocrx_word' id='word_1_35' title='bbox 126 762 159 842; x_wconf 67' lang='grc' dir='ltr'>ξ.</span> <span class='ocrx_word' id='word_1_36' title='bbox 174 783 204 846; x_wconf 91' lang='lat'>9.</span> <span class='ocrx_word' id='word_1_37' title='bbox 219 783 250 845; x_wconf 93' lang='lat' dir='ltr'>p.</span> <span class='ocrx_word' id='word_1_38' title='bbox 262 761 336 844; x_wconf 81' lang='lat'><strong>383.</strong></span> <span class='ocrx_word' id='word_1_39' title='bbox 348 759 402 844; x_wconf 93' lang='lat' dir='ltr'>qui</span> <span class='ocrx_word' id='word_1_40' title='bbox 413 759 485 824; x_wconf 85' lang='lat' dir='ltr'>huie</span> <span class='ocrx_word' id='word_1_41' title='bbox 496 759 626 824; x_wconf 77' lang='lat' dir='ltr'>coneilio</span> <span class='ocrx_word' id='word_1_42' title='bbox 637 759 759 834; x_wconf 77' lang='lat' dir='ltr'>adsuit3</span> <span class='ocrx_word' id='word_1_43' title='bbox 777 759 973 842; x_wconf 82' lang='lat' dir='ltr'>duarumque</span> <span class='ocrx_word' id='word_1_44' title='bbox 981 759 1173 844; x_wconf 88' lang='lat' dir='ltr'>synodorum</span> 
     </span>
     <span class='ocr_line' id='line_1_6' title="bbox 127 845 1174 929; baseline -0.004 -19"><span class='ocrx_word' id='word_1_45' title='bbox 127 845 432 911; x_wconf 82' lang='lat' dir='ltr'>Ante-Nieaenarum</span> <span class='ocrx_word' id='word_1_46' title='bbox 446 846 584 922; x_wconf 76' lang='lat' dir='ltr'>decretu,</span> <span class='ocrx_word' id='word_1_47' title='bbox 601 867 671 929; x_wconf 83' lang='lat' dir='ltr'>quae</span> <span class='ocrx_word' id='word_1_48' title='bbox 687 851 762 908; x_wconf 88' lang='lat' dir='ltr'>sunt</span> <span class='ocrx_word' id='word_1_49' title='bbox 780 845 1043 910; x_wconf 80' lang='lat' dir='ltr'>Neoeaessriensis</span> <span class='ocrx_word' id='word_1_50' title='bbox 1063 845 1174 909; x_wconf 65' lang='lat' dir='ltr'>(tanen</span> 
     </span>
     <span class='ocr_line' id='line_1_7' title="bbox 126 931 1174 1017; baseline -0.001 -23"><span class='ocrx_word' id='word_1_51' title='bbox 126 933 155 996; x_wconf 94' lang='grc' dir='ltr'>Ι.</span> <span class='ocrx_word' id='word_1_52' title='bbox 174 941 207 996; x_wconf 88' lang='lat' dir='ltr'>et</span> <span class='ocrx_word' id='word_1_53' title='bbox 222 933 331 997; x_wconf 78' lang='lat' dir='ltr'>Canen</span> <span class='ocrx_word' id='word_1_54' title='bbox 347 933 394 997; x_wconf 91' lang='lat' dir='ltr'>X.</span> <span class='ocrx_word' id='word_1_55' title='bbox 410 932 610 1017; x_wconf 84' lang='lat' dir='ltr'>Aneyrsuus.</span> <span class='ocrx_word' id='word_1_56' title='bbox 642 932 773 996; x_wconf 78' lang='lat' dir='ltr'>Interes</span> <span class='ocrx_word' id='word_1_57' title='bbox 786 931 819 994; x_wconf 91' lang='lat' dir='ltr'>in</span> <span class='ocrx_word' id='word_1_58' title='bbox 833 931 894 995; x_wconf 85' lang='lat' dir='ltr'>hoe</span> <span class='ocrx_word' id='word_1_59' title='bbox 907 953 1028 996; x_wconf 81' lang='lat' dir='ltr'>esnone</span> <span class='ocrx_word' id='word_1_60' title='bbox 1043 931 1174 994; x_wconf 85' lang='lat' dir='ltr'>Nieaeno</span> 
     </span>
     <span class='ocr_line' id='line_1_8' title="bbox 123 1017 1172 1102; baseline -0.001 -21"><span class='ocrx_word' id='word_1_61' title='bbox 123 1019 252 1082; x_wconf 88' lang='lat' dir='ltr'>nemine</span> <span class='ocrx_word' id='word_1_62' title='bbox 263 1017 557 1084; x_wconf 63' lang='lat' dir='ltr'>subintroductam</span> <span class='ocrx_word' id='word_1_63' title='bbox 571 1038 686 1082; x_wconf 86' lang='lat' dir='ltr'>uxores</span> <span class='ocrx_word' id='word_1_64' title='bbox 701 1017 787 1081; x_wconf 80' lang='lat' dir='ltr'>haud</span> <span class='ocrx_word' id='word_1_65' title='bbox 802 1018 955 1093; x_wconf 86' lang='lat' dir='ltr'>aoneludi,</span> <span class='ocrx_word' id='word_1_66' title='bbox 974 1018 1006 1080; x_wconf 93' lang='lat' dir='ltr'>in</span> <span class='ocrx_word' id='word_1_67' title='bbox 1022 1024 1172 1102; x_wconf 89' lang='lat' dir='ltr'>promptu</span> 
     </span>
     <span class='ocr_line' id='line_1_9' title="bbox 123 1103 1171 1186; baseline -0.003 -18"><span class='ocrx_word' id='word_1_68' title='bbox 123 1113 177 1168; x_wconf 88' lang='lat' dir='ltr'>est</span> <span class='ocrx_word' id='word_1_69' title='bbox 198 1106 375 1182; x_wconf 83' lang='lat' dir='ltr'>ostendere,</span> <span class='ocrx_word' id='word_1_70' title='bbox 390 1127 453 1169; x_wconf 92' lang='lat' dir='ltr'>non</span> <span class='ocrx_word' id='word_1_71' title='bbox 476 1111 603 1170; x_wconf 79' lang='lat' dir='ltr'>tentum</span> <span class='ocrx_word' id='word_1_72' title='bbox 623 1103 764 1186; x_wconf 87' lang='lat' dir='ltr'>ipsarum</span> <span class='ocrx_word' id='word_1_73' title='bbox 782 1103 924 1181; x_wconf 81' lang='lat' dir='ltr'>historie,</span> <span class='ocrx_word' id='word_1_74' title='bbox 946 1103 1171 1168; x_wconf 78' lang='lat' dir='ltr'>verumetiam</span> 
     </span>
     <span class='ocr_line' id='line_1_10' title="bbox 122 1190 712 1256; baseline 0 -2"><span class='ocrx_word' id='word_1_75' title='bbox 122 1191 255 1256; x_wconf 78' lang='lat' dir='ltr'>disertis</span> <span class='ocrx_word' id='word_1_76' title='bbox 270 1191 404 1256; x_wconf 79' lang='lat' dir='ltr'>eliorum</span> <span class='ocrx_word' id='word_1_77' title='bbox 419 1199 586 1256; x_wconf 79' lang='lat' dir='ltr'>suetorum</span> <span class='ocrx_word' id='word_1_78' title='bbox 600 1190 712 1254; x_wconf 86' lang='lat' dir='ltr'>verbis.</span> 
     </span>
    </p>
   </div>
   <div class='ocr_carea' id='block_1_3' title="bbox 534 1342 763 1408">
    <p class='ocr_par' dir='ltr' id='par_1_3' title="bbox 534 1342 763 1408">
     <span class='ocr_line' id='line_1_11' title="bbox 534 1342 763 1408; baseline -0.013 0"><span class='ocrx_word' id='word_1_79' title='bbox 534 1342 686 1408; x_wconf 86' lang='lat' dir='ltr'>oANON</span> <span class='ocrx_word' id='word_1_80' title='bbox 702 1342 763 1406; x_wconf 88' lang='lat' dir='ltr'>IV.</span> 
     </span>
    </p>
   </div>
   <div class='ocr_carea' id='block_1_4' title="bbox 122 1446 1175 2394">
    <p class='ocr_par' dir='ltr' id='par_1_4' title="bbox 122 1446 1174 1858">
     <span class='ocr_line' id='line_1_12' title="bbox 170 1446 1173 1534; baseline -0.004 -22"><span class='ocrx_word' id='word_1_81' title='bbox 170 1449 207 1512; x_wconf 92' lang='lat' dir='ltr'>P.</span> <span class='ocrx_word' id='word_1_82' title='bbox 219 1463 294 1532; x_wconf 80' lang='lat'><strong>372.</strong></span> <span class='ocrx_word' id='word_1_83' title='bbox 311 1446 331 1510; x_wconf 95' lang='lat' dir='ltr'>l.</span> <span class='ocrx_word' id='word_1_84' title='bbox 347 1468 397 1512; x_wconf 84' lang='lat'>11.</span> <span class='ocrx_word' id='word_1_85' title='bbox 413 1454 490 1530; x_wconf 83' lang='grc' dir='ltr'>τρεῖς</span> <span class='ocrx_word' id='word_1_86' title='bbox 505 1449 553 1512; x_wconf 77' lang='grc' dir='ltr'>ἐπὶ</span> <span class='ocrx_word' id='word_1_87' title='bbox 568 1447 601 1510; x_wconf 84' lang='grc' dir='ltr'>τὸ</span> <span class='ocrx_word' id='word_1_88' title='bbox 618 1446 689 1510; x_wconf 80' lang='grc' dir='ltr'>αὐτὸ</span> <span class='ocrx_word' id='word_1_89' title='bbox 705 1446 943 1534; x_wconf 80' lang='grc' dir='ltr'>συναγομένους]</span> <span class='ocrx_word' id='word_1_90' title='bbox 959 1447 1107 1511; x_wconf 78' lang='lat' dir='ltr'>Correxit</span> <span class='ocrx_word' id='word_1_91' title='bbox 1122 1469 1173 1510; x_wconf 85' lang='lat' dir='ltr'>oo·</span> 
     </span>
     <span class='ocr_line' id='line_1_13' title="bbox 122 1532 1174 1618; baseline -0.002 -20"><span class='ocrx_word' id='word_1_92' title='bbox 122 1535 188 1598; x_wconf 86' lang='lat' dir='ltr'>dex</span> <span class='ocrx_word' id='word_1_93' title='bbox 204 1537 255 1599; x_wconf 81' lang='lat'>26.</span> <span class='ocrx_word' id='word_1_94' title='bbox 267 1535 336 1618; x_wconf 80' lang='lat' dir='ltr'>jam</span> <span class='ocrx_word' id='word_1_95' title='bbox 350 1540 426 1598; x_wconf 79' lang='lat' dir='ltr'>ante</span> <span class='ocrx_word' id='word_1_96' title='bbox 441 1533 544 1599; x_wconf 74' lang='lat' dir='ltr'>dietus</span> <span class='ocrx_word' id='word_1_97' title='bbox 560 1532 761 1608; x_wconf 85' lang='lat' dir='ltr'>Bodleiunus,</span> <span class='ocrx_word' id='word_1_98' title='bbox 776 1539 864 1613; x_wconf 84' lang='grc' dir='ltr'>τριῶν</span> <span class='ocrx_word' id='word_1_99' title='bbox 883 1534 933 1598; x_wconf 69' lang='grc' dir='ltr'>ἐπὶ</span> <span class='ocrx_word' id='word_1_100' title='bbox 947 1534 981 1596; x_wconf 82' lang='grc' dir='ltr'>τὸ</span> <span class='ocrx_word' id='word_1_101' title='bbox 997 1533 1068 1597; x_wconf 83' lang='grc' dir='ltr'>αὐτὸ</span> <span class='ocrx_word' id='word_1_102' title='bbox 1083 1559 1174 1596; x_wconf 91' lang='grc' dir='ltr'>συνα-</span> 
     </span>
     <span class='ocr_line' id='line_1_14' title="bbox 123 1619 1173 1703; baseline -0.002 -19"><span class='ocrx_word' id='word_1_103' title='bbox 123 1619 279 1703; x_wconf 75' lang='grc' dir='ltr'>γομένωνε</span> <span class='ocrx_word' id='word_1_104' title='bbox 304 1626 340 1685; x_wconf 77' lang='lat' dir='ltr'>at</span> <span class='ocrx_word' id='word_1_105' title='bbox 361 1642 436 1684; x_wconf 89' lang='lat' dir='ltr'>vero</span> <span class='ocrx_word' id='word_1_106' title='bbox 457 1619 554 1684; x_wconf 78' lang='lat' dir='ltr'>verbo</span> <span class='ocrx_word' id='word_1_107' title='bbox 575 1621 629 1696; x_wconf 77' lang='grc' dir='ltr'>τὴν</span> <span class='ocrx_word' id='word_1_108' title='bbox 650 1620 838 1702; x_wconf 83' lang='grc' dir='ltr'>χειροτονίαν</span> <span class='ocrx_word' id='word_1_109' title='bbox 856 1625 1007 1683; x_wconf 82' lang='grc' dir='ltr'>ποιεῖσθαι</span> <span class='ocrx_word' id='word_1_110' title='bbox 1021 1620 1082 1684; x_wconf 85' lang='lat' dir='ltr'>hoo</span> <span class='ocrx_word' id='word_1_111' title='bbox 1104 1619 1173 1684; x_wconf 85' lang='lat' dir='ltr'>looo</span> 
     </span>
     <span class='ocr_line' id='line_1_15' title="bbox 122 1703 1172 1790; baseline -0.003 -19"><span class='ocrx_word' id='word_1_112' title='bbox 122 1707 229 1771; x_wconf 77' lang='lat' dir='ltr'>active</span> <span class='ocrx_word' id='word_1_113' title='bbox 243 1713 414 1790; x_wconf 89' lang='lat' dir='ltr'>ponuntur.</span> <span class='ocrx_word' id='word_1_114' title='bbox 458 1706 646 1790; x_wconf 76' lang='lat' dir='ltr'>Descriptus</span> <span class='ocrx_word' id='word_1_115' title='bbox 661 1716 711 1769; x_wconf 88' lang='lat' dir='ltr'>est</span> <span class='ocrx_word' id='word_1_116' title='bbox 732 1703 783 1768; x_wconf 85' lang='lat' dir='ltr'>hio</span> <span class='ocrx_word' id='word_1_117' title='bbox 798 1726 901 1770; x_wconf 78' lang='lat' dir='ltr'>oanon</span> <span class='ocrx_word' id='word_1_118' title='bbox 915 1707 948 1770; x_wconf 91' lang='lat' dir='ltr'>in</span> <span class='ocrx_word' id='word_1_119' title='bbox 963 1707 1092 1771; x_wconf 78' lang='lat' dir='ltr'>(lunone</span> <span class='ocrx_word' id='word_1_120' title='bbox 1107 1706 1172 1768; x_wconf 90' lang='grc' dir='ltr'><strong>ΙΙΙ.</strong></span> 
     </span>
     <span class='ocr_line' id='line_1_16' title="bbox 123 1791 454 1858; baseline -0.009 0"><span class='ocrx_word' id='word_1_121' title='bbox 123 1793 257 1858; x_wconf 77' lang='lat' dir='ltr'>Consilii</span> <span class='ocrx_word' id='word_1_122' title='bbox 273 1793 393 1857; x_wconf 83' lang='lat' dir='ltr'>Nioaeni</span> <span class='ocrx_word' id='word_1_123' title='bbox 410 1791 454 1856; x_wconf 90' lang='grc' dir='ltr'>ΙΙ.</span> 
     </span>
    </p>

    <p class='ocr_par' dir='ltr' id='par_1_5' title="bbox 123 1876 1175 2394">
     <span class='ocr_line' id='line_1_17' title="bbox 171 1876 1173 1962; baseline -0.001 -20"><span class='ocrx_word' id='word_1_124' title='bbox 171 1879 253 1943; x_wconf 86' lang='lat' dir='ltr'>Ibid.</span> <span class='ocrx_word' id='word_1_125' title='bbox 270 1879 291 1943; x_wconf 97' lang='lat' dir='ltr'>l.</span> <span class='ocrx_word' id='word_1_126' title='bbox 307 1899 355 1960; x_wconf 86' lang='lat'>14.</span> <span class='ocrx_word' id='word_1_127' title='bbox 373 1878 436 1942; x_wconf 87' lang='grc' dir='ltr'>καθ’</span> <span class='ocrx_word' id='word_1_128' title='bbox 453 1878 581 1956; x_wconf 77' lang='grc' dir='ltr'>ἔκαστὴυ</span> <span class='ocrx_word' id='word_1_129' title='bbox 596 1878 744 1960; x_wconf 79' lang='grc' dir='ltr'>ἐπαρχίαν</span> <span class='ocrx_word' id='word_1_130' title='bbox 758 1878 797 1962; x_wconf 66' lang='grc' dir='ltr'>τῷ</span> <span class='ocrx_word' id='word_1_131' title='bbox 811 1877 1025 1960; x_wconf 83' lang='grc' dir='ltr'>μητροπολίτῃ]</span> <span class='ocrx_word' id='word_1_132' title='bbox 1044 1876 1173 1961; x_wconf 87' lang='lat' dir='ltr'>Imperii</span> 
     </span>
     <span class='ocr_line' id='line_1_18' title="bbox 125 1963 1175 2050; baseline -0.003 -21"><span class='ocrx_word' id='word_1_133' title='bbox 125 1965 262 2029; x_wconf 80' lang='lat' dir='ltr'>Romani</span> <span class='ocrx_word' id='word_1_134' title='bbox 276 1964 445 2050; x_wconf 86' lang='lat' dir='ltr'>provineiae</span> <span class='ocrx_word' id='word_1_135' title='bbox 464 1964 534 2049; x_wconf 88' lang='lat' dir='ltr'>plus</span> <span class='ocrx_word' id='word_1_136' title='bbox 550 1963 763 2048; x_wconf 75' lang='lat' dir='ltr'>quadraginta</span> <span class='ocrx_word' id='word_1_137' title='bbox 779 1970 984 2027; x_wconf 80' lang='lat' dir='ltr'>recensentur</span> <span class='ocrx_word' id='word_1_138' title='bbox 998 1963 1031 2026; x_wconf 90' lang='lat' dir='ltr'>in</span> <span class='ocrx_word' id='word_1_139' title='bbox 1046 1975 1175 2048; x_wconf 79' lang='lat' dir='ltr'>petrum</span> 
     </span>
     <span class='ocr_line' id='line_1_19' title="bbox 123 2049 1175 2136; baseline -0.001 -22"><span class='ocrx_word' id='word_1_140' title='bbox 123 2052 220 2136; x_wconf 88' lang='lat' dir='ltr'>hujus</span> <span class='ocrx_word' id='word_1_141' title='bbox 234 2050 356 2115; x_wconf 80' lang='lat' dir='ltr'>coneilii</span> <span class='ocrx_word' id='word_1_142' title='bbox 374 2051 544 2134; x_wconf 59' lang='grc' dir='ltr'>Θαναίοριὲπ</span> <span class='ocrx_word' id='word_1_143' title='bbox 570 2049 682 2134; x_wconf 90' lang='lat' dir='ltr'>quibus</span> <span class='ocrx_word' id='word_1_144' title='bbox 696 2049 761 2112; x_wconf 84' lang='lat' dir='ltr'>lere</span> <span class='ocrx_word' id='word_1_145' title='bbox 776 2049 907 2133; x_wconf 81' lang='lat' dir='ltr'>singulis</span> <span class='ocrx_word' id='word_1_146' title='bbox 923 2049 956 2112; x_wconf 92' lang='lat' dir='ltr'>in</span> <span class='ocrx_word' id='word_1_147' title='bbox 975 2055 1064 2114; x_wconf 85' lang='lat' dir='ltr'>stetu</span> <span class='ocrx_word' id='word_1_148' title='bbox 1079 2049 1175 2113; x_wconf 76' lang='lat' dir='ltr'>eccle</span> 
     </span>
     <span class='ocr_line' id='line_1_20' title="bbox 124 2135 1173 2222; baseline -0.002 -21"><span class='ocrx_word' id='word_1_149' title='bbox 124 2137 255 2201; x_wconf 83' lang='lat' dir='ltr'>siastieo</span> <span class='ocrx_word' id='word_1_150' title='bbox 273 2138 470 2222; x_wconf 79' lang='lat' dir='ltr'>praeluemnt</span> <span class='ocrx_word' id='word_1_151' title='bbox 490 2136 737 2220; x_wconf 85' lang='lat' dir='ltr'>metropolitani,</span> <span class='ocrx_word' id='word_1_152' title='bbox 757 2135 831 2198; x_wconf 90' lang='lat' dir='ltr'>dein</span> <span class='ocrx_word' id='word_1_153' title='bbox 849 2135 1067 2220; x_wconf 62' lang='lat' dir='ltr'>archiepiscopi</span> <span class='ocrx_word' id='word_1_154' title='bbox 1087 2136 1173 2200; x_wconf 84' lang='lat' dir='ltr'>dieti.</span> 
     </span>
     <span class='ocr_line' id='line_1_21' title="bbox 125 2222 1174 2307; baseline -0.002 -20"><span class='ocrx_word' id='word_1_155' title='bbox 125 2223 302 2287; x_wconf 75' lang='lat' dir='ltr'>Nonnullae</span> <span class='ocrx_word' id='word_1_156' title='bbox 317 2231 426 2288; x_wconf 86' lang='lat' dir='ltr'>tamen</span> <span class='ocrx_word' id='word_1_157' title='bbox 448 2222 592 2287; x_wconf 84' lang='lat' dir='ltr'>extitisse</span> <span class='ocrx_word' id='word_1_158' title='bbox 610 2223 713 2299; x_wconf 89' lang='lat' dir='ltr'>urbes,</span> <span class='ocrx_word' id='word_1_159' title='bbox 730 2243 865 2305; x_wconf 80' lang='lat' dir='ltr'>querum</span> <span class='ocrx_word' id='word_1_160' title='bbox 885 2222 1035 2306; x_wconf 80' lang='lat' dir='ltr'>praesules</span> <span class='ocrx_word' id='word_1_161' title='bbox 1050 2223 1174 2307; x_wconf 77' lang='lat' dir='ltr'>jamdiu</span> 
     </span>
     <span class='ocr_line' id='line_1_22' title="bbox 124 2307 1174 2394; baseline -0.001 -22"><span class='ocrx_word' id='word_1_162' title='bbox 124 2309 263 2394; x_wconf 85' lang='lat' dir='ltr'>plurium</span> <span class='ocrx_word' id='word_1_163' title='bbox 277 2308 370 2373; x_wconf 88' lang='lat' dir='ltr'>simul</span> <span class='ocrx_word' id='word_1_164' title='bbox 381 2309 613 2394; x_wconf 83' lang='lat' dir='ltr'>provineisrum</span> <span class='ocrx_word' id='word_1_165' title='bbox 627 2329 736 2371; x_wconf 88' lang='lat' dir='ltr'>eursm</span> <span class='ocrx_word' id='word_1_166' title='bbox 749 2307 931 2392; x_wconf 80' lang='lat' dir='ltr'>gessissent,</span> <span class='ocrx_word' id='word_1_167' title='bbox 942 2307 991 2371; x_wconf 87' lang='lat' dir='ltr'>vel</span> <span class='ocrx_word' id='word_1_168' title='bbox 1003 2331 1042 2372; x_wconf 89' lang='lat' dir='ltr'>ex</span> <span class='ocrx_word' id='word_1_169' title='bbox 1054 2330 1174 2371; x_wconf 81' lang='lat' dir='ltr'>esnone</span> 
     </span>
    </p>
   </div>
   <div class='ocr_carea' id='block_1_5' title="bbox 122 2393 1175 2740">
    <p class='ocr_par' dir='ltr' id='par_1_6' title="bbox 122 2393 1175 2740">
     <span class='ocr_line' id='line_1_23' title="bbox 124 2393 1173 2480; baseline -0.001 -22"><span class='ocrx_word' id='word_1_170' title='bbox 124 2397 221 2480; x_wconf 86' lang='lat' dir='ltr'>hujus</span> <span class='ocrx_word' id='word_1_171' title='bbox 236 2395 359 2459; x_wconf 89' lang='lat' dir='ltr'>eoneilii</span> <span class='ocrx_word' id='word_1_172' title='bbox 373 2402 465 2459; x_wconf 89' lang='lat' dir='ltr'>sexto</span> <span class='ocrx_word' id='word_1_173' title='bbox 479 2402 580 2480; x_wconf 86' lang='lat' dir='ltr'>patet.</span> <span class='ocrx_word' id='word_1_174' title='bbox 627 2393 789 2477; x_wconf 86' lang='lat' dir='ltr'>Initioque</span> <span class='ocrx_word' id='word_1_175' title='bbox 803 2393 952 2458; x_wconf 86' lang='lat' dir='ltr'>videntur</span> <span class='ocrx_word' id='word_1_176' title='bbox 970 2393 1027 2457; x_wconf 90' lang='lat' dir='ltr'>soli</span> <span class='ocrx_word' id='word_1_177' title='bbox 1046 2394 1078 2456; x_wconf 95' lang='lat' dir='ltr'>hi</span> <span class='ocrx_word' id='word_1_178' title='bbox 1096 2417 1173 2479; x_wconf 63' lang='lat' dir='ltr'>prm</span> 
     </span>
     <span class='ocr_line' id='line_1_24' title="bbox 123 2479 1174 2566; baseline -0.003 -20"><span class='ocrx_word' id='word_1_179' title='bbox 123 2483 210 2546; x_wconf 84' lang='lat' dir='ltr'>sules</span> <span class='ocrx_word' id='word_1_180' title='bbox 231 2483 449 2566; x_wconf 81' lang='lat' dir='ltr'>araliapiseapi</span> <span class='ocrx_word' id='word_1_181' title='bbox 470 2481 599 2544; x_wconf 85' lang='lat' dir='ltr'>titulum</span> <span class='ocrx_word' id='word_1_182' title='bbox 621 2480 779 2544; x_wconf 78' lang='lat' dir='ltr'>habuisse.</span> <span class='ocrx_word' id='word_1_183' title='bbox 824 2479 983 2544; x_wconf 80' lang='lat' dir='ltr'>oaeterum</span> <span class='ocrx_word' id='word_1_184' title='bbox 1002 2479 1082 2557; x_wconf 88' lang='lat' dir='ltr'>vide,</span> <span class='ocrx_word' id='word_1_185' title='bbox 1104 2502 1174 2563; x_wconf 85' lang='lat' dir='ltr'>quae</span> 
     </span>
     <span class='ocr_line' id='line_1_25' title="bbox 124 2565 1175 2644; baseline -0.004 -12"><span class='ocrx_word' id='word_1_186' title='bbox 124 2569 168 2632; x_wconf 84' lang='lat' dir='ltr'>ed</span> <span class='ocrx_word' id='word_1_187' title='bbox 183 2569 318 2632; x_wconf 87' lang='lat' dir='ltr'>eundem</span> <span class='ocrx_word' id='word_1_188' title='bbox 333 2589 486 2632; x_wconf 80' lang='lat' dir='ltr'>senonem</span> <span class='ocrx_word' id='word_1_189' title='bbox 505 2567 544 2630; x_wconf 90' lang='lat' dir='ltr'>de</span> <span class='ocrx_word' id='word_1_190' title='bbox 565 2565 775 2644; x_wconf 78' lang='lat' dir='ltr'>ordinatione,</span> <span class='ocrx_word' id='word_1_191' title='bbox 790 2588 846 2630; x_wconf 89' lang='lat' dir='ltr'>seu</span> <span class='ocrx_word' id='word_1_192' title='bbox 861 2565 1097 2643; x_wconf 80' lang='lat' dir='ltr'>constitutione,</span> <span class='ocrx_word' id='word_1_193' title='bbox 1114 2566 1175 2630; x_wconf 92' lang='lat' dir='ltr'>sin-</span> 
     </span>
     <span class='ocr_line' id='line_1_26' title="bbox 122 2653 726 2740; baseline -0.007 -22"><span class='ocrx_word' id='word_1_194' title='bbox 122 2653 272 2740; x_wconf 82' lang='lat' dir='ltr'>gulorum</span> <span class='ocrx_word' id='word_1_195' title='bbox 287 2655 507 2740; x_wconf 74' lang='lat' dir='ltr'>episcoporum</span> <span class='ocrx_word' id='word_1_196' title='bbox 520 2653 726 2717; x_wconf 78' lang='lat' dir='ltr'>adnotentur.</span> 
     </span>
    </p>
   </div>
   <div class='ocr_carea' id='block_1_6' title="bbox 544 2803 758 2870">
    <p class='ocr_par' dir='ltr' id='par_1_7' title="bbox 544 2803 758 2870">
     <span class='ocr_line' id='line_1_27' title="bbox 544 2803 758 2870; baseline -0.009 0"><span class='ocrx_word' id='word_1_197' title='bbox 544 2803 697 2870; x_wconf 83' lang='lat' dir='ltr'><strong>OANON</strong></span> <span class='ocrx_word' id='word_1_198' title='bbox 719 2805 758 2868; x_wconf 88' lang='lat' dir='ltr'>V.</span> 
     </span>
    </p>
   </div>
   <div class='ocr_carea' id='block_1_7' title="bbox 123 2905 1178 4456">
    <p class='ocr_par' dir='ltr' id='par_1_8' title="bbox 123 2905 1176 4113">
     <span class='ocr_line' id='line_1_28' title="bbox 171 2905 1175 3008; baseline -0.003 -34"><span class='ocrx_word' id='word_1_199' title='bbox 171 2911 210 2974; x_wconf 92' lang='lat' dir='ltr'>P.</span> <span class='ocrx_word' id='word_1_200' title='bbox 222 2925 296 2994; x_wconf 85' lang='lat'><strong>373.</strong></span> <span class='ocrx_word' id='word_1_201' title='bbox 318 2908 339 2972; x_wconf 94' lang='lat' dir='ltr'>l.</span> <span class='ocrx_word' id='word_1_202' title='bbox 351 2927 382 2991; x_wconf 83' lang='lat'>5.</span> <span class='ocrx_word' id='word_1_203' title='bbox 406 2905 620 2992; x_wconf 76' lang='grc' dir='ltr'>μικροψυχίᾳῆ</span> <span class='ocrx_word' id='word_1_204' title='bbox 640 2907 824 3008; x_wconf 74' lang='grc' dir='ltr'>φιλονεικία]</span> <span class='ocrx_word' id='word_1_205' title='bbox 847 2905 962 2972; x_wconf 69' lang='lat' dir='ltr'>liuline</span> <span class='ocrx_word' id='word_1_206' title='bbox 977 2908 1073 2972; x_wconf 75' lang='lat' dir='ltr'>vortit</span> <span class='ocrx_word' id='word_1_207' title='bbox 1088 2908 1175 2972; x_wconf 86' lang='lat' dir='ltr'>Rufi-</span> 
     </span>
     <span class='ocr_line' id='line_1_29' title="bbox 124 2992 1174 3080; baseline -0.003 -19"><span class='ocrx_word' id='word_1_208' title='bbox 124 3019 187 3062; x_wconf 87' lang='lat' dir='ltr'>nus</span> <span class='ocrx_word' id='word_1_209' title='bbox 209 2997 293 3060; x_wconf 83' lang='lat' dir='ltr'>Hist.</span> <span class='ocrx_word' id='word_1_210' title='bbox 308 2995 391 3059; x_wconf 84' lang='grc' dir='ltr'>Εοοί.</span> <span class='ocrx_word' id='word_1_211' title='bbox 412 3017 444 3060; x_wconf 88' lang='lat' dir='ltr'>x.</span> <span class='ocrx_word' id='word_1_212' title='bbox 459 3010 490 3080; x_wconf 81' lang='lat'>5.</span> <span class='ocrx_word' id='word_1_213' title='bbox 514 3004 570 3059; x_wconf 84' lang='lat' dir='ltr'>aat</span> <span class='ocrx_word' id='word_1_214' title='bbox 589 2992 754 3058; x_wconf 73' lang='lat' dir='ltr'>iracundia</span> <span class='ocrx_word' id='word_1_215' title='bbox 774 2993 890 3078; x_wconf 69' lang='lat' dir='ltr'>alequa,</span> <span class='ocrx_word' id='word_1_216' title='bbox 911 3003 967 3058; x_wconf 89' lang='lat' dir='ltr'>aat</span> <span class='ocrx_word' id='word_1_217' title='bbox 985 2995 1174 3058; x_wconf 72' lang='lat' dir='ltr'>contuitione.</span> 
     </span>
     <span class='ocr_line' id='line_1_30' title="bbox 126 3079 1175 3168; baseline -0.003 -21"><span class='ocrx_word' id='word_1_218' title='bbox 126 3083 239 3168; x_wconf 88' lang='lat' dir='ltr'>Neque</span> <span class='ocrx_word' id='word_1_219' title='bbox 253 3080 346 3146; x_wconf 84' lang='lat' dir='ltr'>eliter</span> <span class='ocrx_word' id='word_1_220' title='bbox 361 3081 445 3144; x_wconf 87' lang='lat' dir='ltr'>idem</span> <span class='ocrx_word' id='word_1_221' title='bbox 460 3081 593 3145; x_wconf 79' lang='lat' dir='ltr'>Rufinus</span> <span class='ocrx_word' id='word_1_222' title='bbox 608 3100 716 3143; x_wconf 88' lang='lat' dir='ltr'>voeem</span> <span class='ocrx_word' id='word_1_223' title='bbox 731 3079 880 3157; x_wconf 88' lang='lat' dir='ltr'>reddidit,</span> <span class='ocrx_word' id='word_1_224' title='bbox 896 3081 981 3164; x_wconf 86' lang='lat' dir='ltr'>apud</span> <span class='ocrx_word' id='word_1_225' title='bbox 1002 3080 1175 3144; x_wconf 86' lang='lat' dir='ltr'>Eusebium</span> 
     </span>
     <span class='ocr_line' id='line_1_31' title="bbox 123 3167 1176 3250; baseline -0.004 -16"><span class='ocrx_word' id='word_1_226' title='bbox 123 3171 171 3234; x_wconf 89' lang='lat' dir='ltr'>H.</span> <span class='ocrx_word' id='word_1_227' title='bbox 184 3170 225 3232; x_wconf 88' lang='grc' dir='ltr'>Ε.</span> <span class='ocrx_word' id='word_1_228' title='bbox 241 3169 280 3233; x_wconf 90' lang='lat' dir='ltr'>vi.</span> <span class='ocrx_word' id='word_1_229' title='bbox 300 3185 347 3230; x_wconf 83' lang='grc' dir='ltr'>ια.</span> <span class='ocrx_word' id='word_1_230' title='bbox 364 3167 419 3231; x_wconf 89' lang='lat' dir='ltr'>ubi</span> <span class='ocrx_word' id='word_1_231' title='bbox 433 3168 636 3250; x_wconf 80' lang='grc' dir='ltr'>μικροψυχίαν</span> <span class='ocrx_word' id='word_1_232' title='bbox 656 3167 884 3250; x_wconf 78' lang='lat' dir='ltr'>interpretatus</span> <span class='ocrx_word' id='word_1_233' title='bbox 903 3173 962 3244; x_wconf 87' lang='lat' dir='ltr'>est,</span> <span class='ocrx_word' id='word_1_234' title='bbox 979 3168 1176 3231; x_wconf 66' lang='lat' dir='ltr'>iaiaaimtiam</span> 
     </span>
     <span class='ocr_line' id='line_1_32' title="bbox 123 3251 1175 3339; baseline -0.005 -19"><span class='ocrx_word' id='word_1_235' title='bbox 123 3255 372 3339; x_wconf 79' lang='lat' dir='ltr'>simultatemqua,</span> <span class='ocrx_word' id='word_1_236' title='bbox 389 3253 471 3318; x_wconf 86' lang='lat' dir='ltr'>sieut</span> <span class='ocrx_word' id='word_1_237' title='bbox 495 3252 655 3316; x_wconf 83' lang='lat' dir='ltr'>Henxieus</span> <span class='ocrx_word' id='word_1_238' title='bbox 676 3251 823 3316; x_wconf 80' lang='lat' dir='ltr'>Valesius</span> <span class='ocrx_word' id='word_1_239' title='bbox 841 3253 1031 3317; x_wconf 74' lang='lat' dir='ltr'>simultatm.</span> <span class='ocrx_word' id='word_1_240' title='bbox 1076 3253 1175 3318; x_wconf 90' lang='lat' dir='ltr'>Dubi-</span> 
     </span>
     <span class='ocr_line' id='line_1_33' title="bbox 125 3337 1175 3424; baseline -0.002 -18"><span class='ocrx_word' id='word_1_241' title='bbox 125 3341 212 3406; x_wconf 81' lang='lat' dir='ltr'>tanti</span> <span class='ocrx_word' id='word_1_242' title='bbox 226 3347 334 3406; x_wconf 83' lang='lat' dir='ltr'>eutom</span> <span class='ocrx_word' id='word_1_243' title='bbox 350 3339 436 3416; x_wconf 90' lang='lat' dir='ltr'>mihi,</span> <span class='ocrx_word' id='word_1_244' title='bbox 452 3345 490 3404; x_wconf 89' lang='lat' dir='ltr'>ut</span> <span class='ocrx_word' id='word_1_245' title='bbox 505 3339 657 3416; x_wconf 81' lang='lat' dir='ltr'>dixeram,</span> <span class='ocrx_word' id='word_1_246' title='bbox 669 3337 769 3423; x_wconf 65' lang='lat' dir='ltr'>nattq.</span> <span class='ocrx_word' id='word_1_247' title='bbox 780 3342 869 3402; x_wconf 59' lang='grc' dir='ltr'>ὅσον.</span> <span class='ocrx_word' id='word_1_248' title='bbox 887 3339 915 3402; x_wconf 94' lang='lat' dir='ltr'>l.</span> <span class='ocrx_word' id='word_1_249' title='bbox 931 3363 962 3424; x_wconf 92' lang='lat' dir='ltr'>p.</span> <span class='ocrx_word' id='word_1_250' title='bbox 973 3341 1048 3421; x_wconf 89' lang='lat'><strong>478.</strong></span> <span class='ocrx_word' id='word_1_251' title='bbox 1060 3341 1101 3404; x_wconf 89' lang='lat' dir='ltr'>de</span> <span class='ocrx_word' id='word_1_252' title='bbox 1115 3341 1175 3404; x_wconf 80' lang='lat' dir='ltr'>hee</span> 
     </span>
     <span class='ocr_line' id='line_1_34' title="bbox 124 3425 1176 3511; baseline -0.001 -20"><span class='ocrx_word' id='word_1_253' title='bbox 124 3428 212 3492; x_wconf 85' lang='lat' dir='ltr'>voeis</span> <span class='ocrx_word' id='word_1_254' title='bbox 236 3426 510 3510; x_wconf 80' lang='lat' dir='ltr'>interpretatione,</span> <span class='ocrx_word' id='word_1_255' title='bbox 531 3447 594 3508; x_wconf 83' lang='lat' dir='ltr'>que</span> <span class='ocrx_word' id='word_1_256' title='bbox 612 3425 713 3510; x_wconf 78' lang='lat' dir='ltr'>magis</span> <span class='ocrx_word' id='word_1_257' title='bbox 724 3425 970 3509; x_wconf 73' lang='grc' dir='ltr'>ρυοὶίίοοὶυιὶταο</span> <span class='ocrx_word' id='word_1_258' title='bbox 992 3426 1176 3511; x_wconf 90' lang='lat' dir='ltr'>plerumque</span> 
     </span>
     <span class='ocr_line' id='line_1_35' title="bbox 124 3510 1176 3612; baseline -0.001 -35"><span class='ocrx_word' id='word_1_259' title='bbox 124 3513 332 3600; x_wconf 77' lang='lat' dir='ltr'>significetur,</span> <span class='ocrx_word' id='word_1_260' title='bbox 349 3519 460 3612; x_wconf 84' lang='lat' dir='ltr'>postes</span> <span class='ocrx_word' id='word_1_261' title='bbox 475 3511 662 3576; x_wconf 86' lang='lat' dir='ltr'>oeourrebut</span> <span class='ocrx_word' id='word_1_262' title='bbox 676 3510 727 3573; x_wconf 85' lang='lat' dir='ltr'>hie</span> <span class='ocrx_word' id='word_1_263' title='bbox 742 3511 810 3594; x_wconf 88' lang='lat' dir='ltr'>ipse</span> <span class='ocrx_word' id='word_1_264' title='bbox 824 3511 921 3587; x_wconf 89' lang='lat' dir='ltr'>loeus,</span> <span class='ocrx_word' id='word_1_265' title='bbox 934 3511 1064 3596; x_wconf 86' lang='lat' dir='ltr'>perinde</span> <span class='ocrx_word' id='word_1_266' title='bbox 1078 3520 1176 3595; x_wconf 80' lang='lat' dir='ltr'>utque</span> 
     </span>
     <span class='ocr_line' id='line_1_36' title="bbox 126 3595 1174 3683; baseline -0.004 -19"><span class='ocrx_word' id='word_1_267' title='bbox 126 3599 270 3664; x_wconf 87' lang='lat' dir='ltr'>Soerstis</span> <span class='ocrx_word' id='word_1_268' title='bbox 284 3597 336 3662; x_wconf 87' lang='lat' dir='ltr'>ille</span> <span class='ocrx_word' id='word_1_269' title='bbox 350 3620 383 3661; x_wconf 89' lang='lat' dir='ltr'>m</span> <span class='ocrx_word' id='word_1_270' title='bbox 396 3599 479 3662; x_wconf 80' lang='lat' dir='ltr'>Hist.</span> <span class='ocrx_word' id='word_1_271' title='bbox 495 3597 578 3661; x_wconf 83' lang='grc' dir='ltr'>Εοοί.</span> <span class='ocrx_word' id='word_1_272' title='bbox 592 3620 621 3660; x_wconf 93' lang='lat' dir='ltr'>v.</span> <span class='ocrx_word' id='word_1_273' title='bbox 640 3617 690 3683; x_wconf 61' lang='grc' dir='ltr'>ορ.</span> <span class='ocrx_word' id='word_1_274' title='bbox 710 3595 853 3681; x_wconf 82' lang='lat' dir='ltr'>aliusque</span> <span class='ocrx_word' id='word_1_275' title='bbox 873 3596 1037 3661; x_wconf 84' lang='lat' dir='ltr'>Soaomeni</span> <span class='ocrx_word' id='word_1_276' title='bbox 1055 3619 1106 3661; x_wconf 90' lang='lat' dir='ltr'>xv.</span> <span class='ocrx_word' id='word_1_277' title='bbox 1123 3617 1174 3676; x_wconf 84' lang='lat'>24.</span> 
     </span>
     <span class='ocr_line' id='line_1_37' title="bbox 125 3683 1175 3771; baseline -0.005 -21"><span class='ocrx_word' id='word_1_278' title='bbox 125 3685 290 3771; x_wconf 92' lang='lat' dir='ltr'>inquibus</span> <span class='ocrx_word' id='word_1_279' title='bbox 308 3684 396 3748; x_wconf 88' lang='lat' dir='ltr'>notio</span> <span class='ocrx_word' id='word_1_280' title='bbox 416 3685 479 3748; x_wconf 83' lang='lat' dir='ltr'>iste</span> <span class='ocrx_word' id='word_1_281' title='bbox 498 3683 660 3747; x_wconf 80' lang='lat' dir='ltr'>simultatis</span> <span class='ocrx_word' id='word_1_282' title='bbox 680 3705 735 3747; x_wconf 87' lang='lat' dir='ltr'>seu</span> <span class='ocrx_word' id='word_1_283' title='bbox 753 3684 944 3746; x_wconf 77' lang='lat' dir='ltr'>cantentionis</span> <span class='ocrx_word' id='word_1_284' title='bbox 963 3683 1066 3746; x_wconf 88' lang='lat' dir='ltr'>eidem</span> <span class='ocrx_word' id='word_1_285' title='bbox 1083 3685 1175 3748; x_wconf 75' lang='lat' dir='ltr'>attri-</span> 
     </span>
     <span class='ocr_line' id='line_1_38' title="bbox 125 3769 1175 3851; baseline -0.003 -15"><span class='ocrx_word' id='word_1_286' title='bbox 125 3773 207 3837; x_wconf 82' lang='lat' dir='ltr'>bute</span> <span class='ocrx_word' id='word_1_287' title='bbox 226 3771 403 3836; x_wconf 83' lang='lat' dir='ltr'>videbatur.</span> <span class='ocrx_word' id='word_1_288' title='bbox 449 3771 530 3834; x_wconf 86' lang='lat' dir='ltr'>Mox</span> <span class='ocrx_word' id='word_1_289' title='bbox 552 3793 626 3834; x_wconf 89' lang='lat' dir='ltr'>vero</span> <span class='ocrx_word' id='word_1_290' title='bbox 649 3770 691 3833; x_wconf 88' lang='lat' dir='ltr'>ud</span> <span class='ocrx_word' id='word_1_291' title='bbox 713 3790 822 3832; x_wconf 82' lang='lat' dir='ltr'>vocem</span> <span class='ocrx_word' id='word_1_292' title='bbox 840 3773 1039 3851; x_wconf 79' lang='grc' dir='ltr'>μικροψυχίας</span> <span class='ocrx_word' id='word_1_293' title='bbox 1060 3769 1094 3832; x_wconf 89' lang='lat' dir='ltr'>in</span> <span class='ocrx_word' id='word_1_294' title='bbox 1114 3769 1175 3833; x_wconf 84' lang='lat' dir='ltr'>hoo</span> 
     </span>
     <span class='ocr_line' id='line_1_39' title="bbox 126 3854 1176 3940; baseline -0.004 -18"><span class='ocrx_word' id='word_1_295' title='bbox 126 3879 257 3935; x_wconf 77' lang='lat' dir='ltr'>esnone,</span> <span class='ocrx_word' id='word_1_296' title='bbox 267 3858 321 3921; x_wconf 92' lang='lat' dir='ltr'>ubi</span> <span class='ocrx_word' id='word_1_297' title='bbox 335 3863 462 3921; x_wconf 85' lang='lat' dir='ltr'>vertunt</span> <span class='ocrx_word' id='word_1_298' title='bbox 471 3857 661 3940; x_wconf 84' lang='lat' dir='ltr'>interpretes</span> <span class='ocrx_word' id='word_1_299' title='bbox 674 3854 782 3918; x_wconf 73' lang='lat' dir='ltr'>Latini</span> <span class='ocrx_word' id='word_1_300' title='bbox 792 3855 999 3918; x_wconf 68' lang='grc' dir='ltr'>ινιὲιιοοιίοοιιο</span> <span class='ocrx_word' id='word_1_301' title='bbox 1007 3877 1063 3918; x_wconf 86' lang='lat' dir='ltr'>seu</span> <span class='ocrx_word' id='word_1_302' title='bbox 1072 3856 1176 3919; x_wconf 76' lang='grc' dir='ltr'>ιίυιιιί-</span> 
     </span>
     <span class='ocr_line' id='line_1_40' title="bbox 126 3941 1176 4023; baseline -0.004 -15"><span class='ocrx_word' id='word_1_303' title='bbox 126 3953 227 4023; x_wconf 82' lang='lat' dir='ltr'>tataaa,</span> <span class='ocrx_word' id='word_1_304' title='bbox 244 3950 392 4007; x_wconf 87' lang='lat' dir='ltr'>notatum</span> <span class='ocrx_word' id='word_1_305' title='bbox 407 3949 457 4006; x_wconf 89' lang='lat' dir='ltr'>est</span> <span class='ocrx_word' id='word_1_306' title='bbox 472 3943 504 4005; x_wconf 92' lang='lat' dir='ltr'>in</span> <span class='ocrx_word' id='word_1_307' title='bbox 519 3941 688 4006; x_wconf 82' lang='lat' dir='ltr'>novissime</span> <span class='ocrx_word' id='word_1_308' title='bbox 703 3941 914 4004; x_wconf 78' lang='lat' dir='ltr'>Consiliorum</span> <span class='ocrx_word' id='word_1_309' title='bbox 928 3941 1067 4004; x_wconf 89' lang='lat' dir='ltr'>editione</span> <span class='ocrx_word' id='word_1_310' title='bbox 1083 3941 1176 4005; x_wconf 78' lang='lat' dir='ltr'>Men-</span> 
     </span>
     <span class='ocr_line' id='line_1_41' title="bbox 127 4028 1155 4113; baseline -0.004 -19"><span class='ocrx_word' id='word_1_311' title='bbox 127 4032 219 4094; x_wconf 82' lang='lat' dir='ltr'>sisne</span> <span class='ocrx_word' id='word_1_312' title='bbox 233 4028 331 4092; x_wconf 87' lang='lat' dir='ltr'>videri</span> <span class='ocrx_word' id='word_1_313' title='bbox 347 4029 416 4092; x_wconf 92' lang='lat' dir='ltr'>illos</span> <span class='ocrx_word' id='word_1_314' title='bbox 430 4028 542 4113; x_wconf 87' lang='lat' dir='ltr'>legisse</span> <span class='ocrx_word' id='word_1_315' title='bbox 557 4028 761 4110; x_wconf 67' lang='grc' dir='ltr'>φιλονεικίαις</span> <span class='ocrx_word' id='word_1_316' title='bbox 785 4033 895 4091; x_wconf 85' lang='lat' dir='ltr'>tumen</span> <span class='ocrx_word' id='word_1_317' title='bbox 909 4049 975 4090; x_wconf 90' lang='lat' dir='ltr'>non</span> <span class='ocrx_word' id='word_1_318' title='bbox 988 4028 1155 4092; x_wconf 74' lang='lat' dir='ltr'>assentior.</span> 
     </span>
    </p>

    <p class='ocr_par' dir='ltr' id='par_1_9' title="bbox 128 4110 1178 4374">
     <span class='ocr_line' id='line_1_42' title="bbox 172 4110 1176 4196; baseline -0.003 -16"><span class='ocrx_word' id='word_1_319' title='bbox 172 4117 256 4180; x_wconf 90' lang='lat' dir='ltr'>Ibid.</span> <span class='ocrx_word' id='word_1_320' title='bbox 272 4114 293 4179; x_wconf 92' lang='lat' dir='ltr'>l.</span> <span class='ocrx_word' id='word_1_321' title='bbox 310 4135 356 4178; x_wconf 83' lang='lat'>11.</span> <span class='ocrx_word' id='word_1_322' title='bbox 372 4118 410 4178; x_wconf 77' lang='grc' dir='ltr'>τὰ</span> <span class='ocrx_word' id='word_1_323' title='bbox 425 4121 546 4179; x_wconf 83' lang='grc' dir='ltr'>τοιαῦτα</span> <span class='ocrx_word' id='word_1_324' title='bbox 560 4114 708 4194; x_wconf 75' lang='grc' dir='ltr'>ζητήματα</span> <span class='ocrx_word' id='word_1_325' title='bbox 723 4110 902 4196; x_wconf 72' lang='grc' dir='ltr'>ἐξετάζοιτο]</span> <span class='ocrx_word' id='word_1_326' title='bbox 919 4113 1096 4196; x_wconf 76' lang='lat' dir='ltr'>Postquam</span> <span class='ocrx_word' id='word_1_327' title='bbox 1110 4136 1176 4177; x_wconf 91' lang='lat' dir='ltr'>mo-</span> 
     </span>
     <span class='ocr_line' id='line_1_43' title="bbox 128 4198 1178 4278; baseline -0.003 -12"><span class='ocrx_word' id='word_1_328' title='bbox 128 4204 198 4266; x_wconf 91' lang='lat' dir='ltr'>nuit</span> <span class='ocrx_word' id='word_1_329' title='bbox 214 4201 402 4266; x_wconf 81' lang='lat' dir='ltr'>Edmundus</span> <span class='ocrx_word' id='word_1_330' title='bbox 418 4200 592 4278; x_wconf 83' lang='lat' dir='ltr'>Rieherius,</span> <span class='ocrx_word' id='word_1_331' title='bbox 607 4200 750 4264; x_wconf 75' lang='lat' dir='ltr'>Historia</span> <span class='ocrx_word' id='word_1_332' title='bbox 765 4198 971 4262; x_wconf 71' lang='lat' dir='ltr'>Consiliorum</span> <span class='ocrx_word' id='word_1_333' title='bbox 993 4200 1134 4263; x_wconf 81' lang='lat' dir='ltr'>Gaaaral.</span> <span class='ocrx_word' id='word_1_334' title='bbox 1152 4201 1178 4263; x_wconf 92' lang='lat' dir='ltr'>l.</span> 
     </span>
     <span class='ocr_line' id='line_1_44' title="bbox 128 4283 1178 4374; baseline -0.004 -22"><span class='ocrx_word' id='word_1_335' title='bbox 128 4311 196 4374; x_wconf 81' lang='lat' dir='ltr'>cap.</span> <span class='ocrx_word' id='word_1_336' title='bbox 213 4311 240 4354; x_wconf 91' lang='lat' dir='ltr'>v.</span> <span class='ocrx_word' id='word_1_337' title='bbox 266 4288 338 4362; x_wconf 87' lang='lat' dir='ltr'>fine,</span> <span class='ocrx_word' id='word_1_338' title='bbox 365 4308 485 4352; x_wconf 83' lang='lat' dir='ltr'>cunone</span> <span class='ocrx_word' id='word_1_339' title='bbox 511 4287 650 4351; x_wconf 87' lang='lat' dir='ltr'>seeundo</span> <span class='ocrx_word' id='word_1_340' title='bbox 676 4283 807 4350; x_wconf 85' lang='lat' dir='ltr'>Ooneilii</span> <span class='ocrx_word' id='word_1_341' title='bbox 833 4285 1178 4370; x_wconf 73' lang='lat' dir='ltr'>Constantinopolitani</span> 
     </span>
    </p>

    <p class='ocr_par' dir='ltr' id='par_1_10' title="bbox 617 4389 706 4456">
     <span class='ocr_line' id='line_1_45' title="bbox 617 4389 706 4456; baseline 0 -22"><span class='ocrx_word' id='word_1_342' title='bbox 617 4391 636 4456; x_wconf 80' lang='lat'>3</span> <span class='ocrx_word' id='word_1_343' title='bbox 656 4395 671 4434; x_wconf 79' lang='lat' dir='ltr'>r</span> <span class='ocrx_word' id='word_1_344' title='bbox 689 4389 706 4434; x_wconf 87' lang='lat'>2</span> 
     </span>
    </p>
   </div>
   <div class='ocr_carea' id='block_1_8' title="bbox 0 0 1443 4817">
    <p class='ocr_par' dir='ltr' id='par_1_11' title="bbox 0 0 1443 4817">
     <span class='ocr_line' id='line_1_46' title="bbox 0 0 1443 4817; baseline 0 0"><span class='ocrx_word' id='word_1_345' title='bbox 0 0 1443 4817; x_wconf 95' lang='lat' dir='ltr'> </span> 
     </span>
    </p>
   </div>
  </div>
 </body>
</html>
