2867 4817
215 323 349 391 APUD
371 322 645 389 CONCILIUM
669 322 1075 391 CHALCEDONIUM.
1128 326 1168 391 81

118 516 309 561 eonsensum
322 495 510 583 recipientes
523 502 634 581 patros
647 494 882 582 adseripsimus,
896 495 951 583 qni
961 504 1075 582 postea
1085 498 1170 583 epud

117 620 270 685 magnam
290 598 599 684 Constantinopolim
624 606 839 665 eonvenerunt
863 606 992 665 eentum
1017 600 1170 687 quinqua-

117 702 222 789 ginta.
265 702 423 783 Quoniam
433 709 468 767 et
487 701 548 789 ipsi
560 702 695 768 eandem
708 701 806 769 fidem
825 702 1098 789 subsignaverumt
1108 703 1171 767 de·

118 805 287 885 oernimus,
298 810 431 871 statutoe
441 806 585 871 ordinem
598 812 633 871 et
646 804 783 871 formam
796 806 870 871 fidei
887 812 1085 872 reservantes
1099 827 1170 883 nos,

87 915 155 998 5et
168 928 240 994 quse
253 909 340 994 apud
355 908 519 993 Ephesum
533 908 608 974 olim
622 907 710 974 faeta
724 915 774 974 est
789 914 903 975 saneta
916 911 1064 995 synodus,
1081 908 1171 994 eujus

117 1010 271 1097 presides
292 1011 423 1077 fuerunt
451 1017 571 1078 saneto
600 1011 761 1077 memoriae
788 1010 985 1091 Oaelestinua
1016 1011 1170 1075 Romanae

116 1113 208 1179 urbis
221 1114 366 1193 antistes,
381 1122 415 1180 et
430 1113 565 1200 cyrium
580 1114 810 1182 Alexandrinus
821 1113 971 1193 eoolesioe,
982 1112 1170 1198 prefulgere

117 1216 247 1303 quidem
272 1223 370 1282 reotae
395 1223 430 1282 et
452 1216 664 1282 immaoulatoe
687 1216 762 1281 {idei
788 1216 1019 1302 expositionem
1048 1222 1170 1281 tresen-

117 1326 227 1385 torum
241 1319 351 1385 desem
364 1327 398 1386 et
421 1326 495 1386 ooto
517 1327 702 1387 sannionum
716 1325 751 1385 et
770 1318 1026 1385 beatissimorum
1039 1324 1170 1404 patrum

65 1421 205 1509 roapud
224 1421 376 1502 Nioaeam,
392 1422 452 1489 snb
470 1423 532 1510 piae
550 1422 782 1488 reeordationis
796 1420 1009 1488 Oonstantino
1028 1419 1170 1507 prinoipe

117 1532 394 1612 oongregaterum.
433 1526 588 1591 Obtinere
612 1532 722 1591 autem
744 1524 844 1590 etiam
867 1532 995 1591 eentum
1016 1522 1169 1610 quinqua-

116 1627 211 1715 ginta
224 1636 406 1696 sanctorum
420 1636 550 1715 patrum
564 1628 650 1714 apud
662 1627 972 1712 Constantinopolim
981 1625 1168 1702 constituta,

117 1732 162 1797 ed
184 1731 411 1797 interimendas
430 1732 567 1818 quidem,
594 1752 665 1818 quse
690 1738 767 1797 tune
792 1736 998 1809 emerserant,
1021 1729 1168 1794 haereses.

119 1832 287 1899 Snffioeret
309 1833 437 1920 quidem
454 1834 498 1899 ad
518 1833 748 1920 plenitudinem
769 1832 1019 1920 eognosnendam
1038 1829 1169 1917 pietatis

67 1970 82 2011 ι
89 1964 109 2029 5
118 1941 154 2000 et
167 1935 439 2001 oonfirmetionem
452 1937 591 2022 prudens
604 1936 665 2001 hoe
680 1943 714 2002 et
729 1936 869 2001 salutare
883 1956 941 2021 per
954 1933 1016 1999 Dei
1030 1932 1169 2020 gratiam

118 2038 306 2125 symbolum.
349 2040 401 2105 De
424 2040 525 2105 Patre
549 2039 643 2120 enim,
669 2046 705 2107 et
732 2039 824 2119 Filio,
846 2045 880 2105 et
905 2037 1027 2125 Spiritu
1049 2036 1169 2102 Saneto

118 2141 299 2207 doctrinam
322 2141 498 2227 perfeetum
521 2142 644 2221 edoeet,
666 2149 701 2207 et
724 2141 854 2207 Domini
876 2139 1169 2207 inhumanationem

117 2242 257 2310 fideliter
277 2243 506 2331 aoeipientibns
528 2250 749 2331 representat.
789 2244 853 2311 Sed
878 2244 1028 2332 quoniam
1053 2242 1169 2308 laedere

118 2347 378 2434 praedioationem
398 2347 544 2416 veritatis
557 2355 719 2428 donantes,
735 2348 872 2436 propriis
885 2347 1060 2415 haeresibus
1070 2366 1169 2411 novae

69 2471 213 2523 20vooes
236 2450 411 2538 proferunt,
437 2452 470 2517 hi
502 2450 630 2538 quidem
659 2453 846 2539 mysterium
875 2451 1005 2517 Domini
1036 2454 1170 2536 propter

117 2576 179 2619 nos
199 2553 314 2621 divinae
336 2554 581 2641 dispensationis
599 2555 755 2622 audentes
775 2576 985 2642 eorrumpere,
1001 2560 1036 2620 et
1054 2552 1168 2619 matris

118 2655 182 2722 Dei
200 2657 330 2743 virginis
346 2657 593 2744 appellationem
605 2664 764 2739 reonsant,
780 2658 833 2723 alii
848 2680 924 2724 vero
942 2656 1166 2734 oonsusionem,

117 2759 418 2847 permistionemqne
444 2762 660 2842 introdueunt,
689 2768 724 2827 et
752 2783 849 2828 unam
882 2768 1031 2827 naturam
1064 2758 1168 2823 earnis

118 2870 154 2929 ot
168 2861 311 2930 Deitatis
324 2864 422 2929 stulte
437 2863 630 2951 oonfingunt,
645 2865 827 2951 passibilem
843 2864 1011 2951 Unigeniti
1029 2854 1168 2929 divinem

70 2988 189 3064 25esse
216 2972 365 3031 naturam
393 2967 576 3033 confusione
604 2974 793 3054 portentosa
821 2968 972 3034 dieentes.
1026 2968 1078 3033 Ob
1107 2966 1167 3029 hoe

117 3068 180 3135 illis
193 3090 321 3134 omnem
341 3070 463 3135 aditum
486 3077 599 3137 eontra
620 3070 716 3138 fldem
731 3072 839 3137 volens
860 3071 1006 3138 claudere
1028 3090 1168 3157 praesens

118 3194 203 3238 nuno
224 3180 338 3238 saneta
358 3179 392 3238 et
416 3194 534 3259 magna
558 3180 657 3258 atque
674 3174 859 3240 universalis
878 3176 1027 3261 synodus,
1052 3170 1166 3260 praedi·

119 3274 256 3341 nationis
280 3274 376 3360 hujus
403 3275 446 3339 ab
468 3276 561 3341 initio
582 3276 803 3341 inconeussam
822 3278 906 3362 (sor.
930 3277 1165 3358 inooneussum)

117 3380 246 3456 doeens,
268 3377 434 3443 constituit
455 3399 522 3464 prae
543 3378 668 3444 eoeteris
684 3386 902 3445 trecentorum
918 3381 1028 3446 deoem
1045 3386 1078 3445 et
1092 3385 1166 3445 ooto

67 3511 110 3569 30
118 3486 303 3546 sanetorum
316 3486 446 3565 patrum
459 3480 555 3545 fidem
565 3502 694 3546 manere
704 3481 857 3548 inlaesem.
886 3482 932 3549 Et
944 3489 1077 3570 propter
1086 3481 1167 3567 illos,

119 3584 174 3672 qui
188 3584 340 3649 adversus
354 3582 508 3669 Spiritum
523 3583 678 3649 Sanotum
690 3591 845 3671 pugnant,
865 3585 1165 3661 *Monaehomenos

117 3686 347 3775 posterioribus
360 3686 557 3773 temporibus
570 3708 592 3752 a
605 3688 751 3774 patribus
761 3690 848 3775 apud
858 3687 1167 3774 Constantinopolim

117 3812 163 3855 en.
186 3790 398 3877 eongregatis,
419 3791 460 3855 de
481 3791 620 3856 essentia
642 3790 781 3876 Spiritus
801 3793 987 3858 oorroborat
1012 3792 1166 3857 traditam

118 3894 327 3981 disoiplinam
343 3916 439 3979 quam
460 3893 505 3959 illi
527 3892 673 3959 omnibns
693 3901 804 3960 notam
825 3893 977 3976 feoenmt,
993 3916 1058 3960 non
1076 3895 1166 3981 quasi

71 4024 107 4085 35
118 4000 245 4064 deesset
269 3997 388 4084 aliquid
414 3997 666 4085 praeoedentibus
691 3996 871 4079 inferentes,
896 3998 953 4065 sed
977 3998 1018 4064 de
1047 3998 1167 4064 Saneto

118 4184 424 4304 &mmmmm
435 4187 499 4237 forts
509 4185 705 4247 unanime,
722 4186 877 4236 Wmdststio.
909 4187 966 4237 For.
983 4190 1168 4237 Psamme-

164 4354 236 4400 VOL.
252 4354 291 4398 11.
626 4354 651 4395 Ι
