2867 4817
226 529 271 619 Q·
298 529 602 613 SEPTIMII
637 530 1009 614 FLORENTIS

341 698 880 864 Tssuunulnui¹

422 1008 494 1079 DE
520 1008 798 1083 ORATIONE.

475 1231 746 1268 -..‘.....

108 1398 223 1552 DEI
245 1407 400 1499 spiritns,
426 1415 465 1477 et
488 1406 559 1477 Dei
586 1429 711 1490 sermo,
736 1416 773 1478 et
797 1407 867 1479 Dei
893 1411 993 1493 ratio,
1019 1432 1135 1481 sermo
1166 1426 1242 1477 css.
1255 1428 1275 1478 1.

83 1540 98 1597 5
195 1524 346 1607 rationis,
365 1532 405 1593 et
427 1524 518 1594 ratio
543 1525 723 1608 sermonis,
744 1524 800 1621 [et
817 1523 979 1619 spiritus]
999 1534 1136 1597 utrum-

104 1662 162 1729 que
175 1638 274 1711 Jssus
299 1640 466 1711 Christus
484 1638 660 1711 Dominus
682 1649 813 1724 noster,
831 1642 933 1713 nobis
957 1642 1136 1736 discipulis

104 1751 185 1823 Novi
200 1754 420 1827 Testamenti
440 1780 570 1827 novam
597 1759 764 1829 orationis
793 1758 943 1829 formam
970 1761 1136 1829 determi-

103 1872 194 1941 navit.
242 1871 445 1966 Oportebat
461 1875 557 1945 enim
574 1875 612 1945 in
629 1874 696 1945 hac
719 1898 860 1968 quoque
877 1877 994 1969 specie
1011 1900 1134 1949 nouum

102 1988 202 2058 riuum
232 1990 331 2061 nouis
367 1988 501 2061 utribus
539 1990 689 2076 recondi,
724 2001 756 2063 et
798 2014 919 2065 nouam
956 1990 1133 2091 plaustum

70 2128 173 2177 :onom
198 2105 299 2178 adsui
329 2108 526 2179 uestimento
553 2108 706 2198 (Matth.
736 2080 836 2181 uiri.
860 2118 898 2181 et
923 2134 953 2181 u.
980 2112 1028 2180 ix.
1048 2109 1132 2205 lu).

100 2222 250 2294 Ceterum
275 2224 451 2317 quidquid
476 2234 570 2296 retro
595 2225 722 2309 fiierst,
740 2235 803 2296 aut
820 2227 1044 2297 demutatum
1067 2235 1131 2310 est,

99 2348 133 2409 ut
146 2343 385 2425 circumcisi0;
410 2352 473 2413 aut
498 2342 711 2436 suppletum,
739 2353 780 2414 ut
805 2343 940 2437 reliqua
964 2344 1044 2429 lex3
1070 2353 1133 2415 aut
1267 2361 1270 2372 ·

98 2457 277 2551 inpletum,
312 2468 358 2529 ut
390 2459 598 2553 prophetis3
631 2468 695 2530 sut
728 2461 936 2553 perfectum,
970 2470 1013 2531 ut
1045 2461 1132 2533 fides

97 2575 168 2666 ipss„
216 2576 351 2648 Omnia
378 2578 423 2647 de
450 2576 712 2649 camniibusin
747 2578 916 2671 spiritulia
950 2582 1131 2651 renovavit

64 2715 175 2777 quous
201 2693 271 2765 Dei
299 2695 418 2789 gratia
446 2696 660 2787 superducto
689 2694 884 2790 Evangelio
912 2707 1130 2790 expunctore

95 2811 191 2881 tutius
205 2820 304 2882 retro
321 2813 532 2895 vetustatis3
547 2813 586 2881 in
603 2836 674 2905 quo
691 2822 730 2883 et
748 2812 818 2883 Dei
835 2814 987 2906 spiritus
1006 2823 1044 2884 et
1062 2813 1130 2887 Dei

94 2948 204 3011 sermo,
220 2937 260 2999 et
277 2928 352 2999 Dei
377 2932 468 2999 ratio
492 2930 707 3022 approbatus
732 2937 787 2999 est
811 2928 987 3001 Dominus
1012 2938 1133 3001 noster

94 3040 186 3116 Jesus
201 3046 377 3127 Chiistus,
394 3047 538 3138 spiritus
554 3070 625 3139 quo
638 3044 761 3128 valuit,
779 3068 895 3116 sermo
912 3070 982 3139 quo
1000 3048 1130 3132 docuit,

93 3160 171 3230 ntis
195 3184 265 3254 qus
296 3162 395 3231 venit
424 3158 517 3255 (sor.
546 3161 682 3253 sensit).
735 3159 932 3255 sicigitur
965 3164 1076 3233 oratio
1110 3187 1131 3235 u

59 3270 221 3346 zochristo
237 3278 438 3348 constituta
462 3300 508 3347 ex
528 3276 643 3347 tribus
665 3278 861 3347 constituta
885 3286 962 3348 est:
989 3302 1035 3347 ex
1060 3302 1131 3349 ser-

91 3410 194 3475 mone,
210 3418 285 3486 quo
311 3395 539 3465 enunciatur:
565 3416 613 3463 ex
638 3394 773 3486 spiritu,
791 3417 861 3486 quo
887 3403 1026 3465 tuntum
1052 3404 1131 3489 pot-

91 3516 155 3579 est:
179 3533 226 3581 ex
256 3512 406 3593 ratione,
436 3534 506 3603 qua
534 3510 733 3603 suscipitur.
786 3509 967 3581 Docuerst
1000 3522 1037 3583 et
1067 3512 1131 3582 Jo-

91 3619 213 3698 huunes
238 3626 432 3720 discipulos
456 3648 538 3697 suos
563 3626 717 3708 adorare,
736 3626 799 3695 sed
822 3628 941 3697 omnia
957 3627 1130 3699 Johannis

90 3737 221 3814 Chiisto
264 3744 574 3837 praestruebantur,
613 3744 726 3813 dones
769 3743 845 3835 ipso
887 3752 1002 3825 aucto,
1037 3746 1129 3815 sicut

57 3854 176 3944 25idem
200 3858 387 3931 Johunnss
404 3859 467 3949 (iii.
486 3862 561 3944 30.)
585 3858 859 3953 praenunciabat,
886 3856 983 3930 illum
1009 3863 1130 3959 uuqeri

91 3984 245 4067 oportere,
274 4001 311 4048 se
339 4000 420 4049 veru
447 3976 610 4059 deminui,
636 3984 755 4046 totum
784 3977 1006 4069 praeministri
1041 4002 1129 4072 opus

91 4112 163 4162 sum
190 4096 270 4187 ipso
299 4094 426 4188 spiritu
448 4095 613 4165 transiret
638 4095 682 4165 ad
701 4092 908 4164 Dominum.
959 4093 1047 4166 Ideo
1064 4120 1130 4167 neo

91 4216 208 4294 exstat,
225 4212 264 4282 in
280 4235 359 4305 quoe
373 4210 480 4281 verbs
496 4212 657 4283 docuerit
668 4211 692 4281 J
693 4210 851 4282 ohannes
867 4212 1021 4295 adorare,
1035 4214 1129 4304 quod
