2867 4817
308 310 372 375 282
684 310 972 377 FIRMILIANI

308 484 414 569 Quod
439 485 564 576 utique
589 507 659 554 non
685 486 862 558 diceretur
885 488 931 558 de
955 486 1099 581 angelis,
1115 488 1353 558 conversatio-

307 623 390 672 nem
418 602 455 671 in
488 600 585 671 ooelis
614 601 836 685 habentibus,
862 604 930 673 nisi
959 604 1025 695 ipsi
1058 625 1199 695 quoque
1231 612 1353 674 essent

309 717 409 789 nobis
426 718 580 800 adunati,
598 720 659 810 qui
676 726 796 789 nostra
811 719 1025 790 adunatione
1045 718 1231 791 laetantur:
1257 720 1353 789 deut

308 858 329 905 e
362 835 537 905 contrario
578 835 701 925 utique
742 836 1006 919 contristantur,
1044 835 1185 927 quando
1227 835 1353 905 vident

306 951 459 1021 diversas
485 949 705 1042 quorundam
735 958 883 1035 mentes,
910 959 948 1021 et
977 953 1100 1023 scissas
1124 952 1326 1022 voluntates
1341 975 1377 1036 35

306 1068 405 1159 quasi
432 1090 502 1137 non
529 1074 669 1138 tantum
698 1089 809 1137 unum
842 1076 881 1139 et
910 1069 1063 1139 eundem
1090 1067 1209 1139 Deum
1243 1066 1353 1138 simul

306 1184 481 1266 invocent,
508 1182 570 1253 sed
600 1184 778 1276 separatis,
807 1190 846 1253 et
873 1184 993 1254 divisis
1020 1184 1067 1255 ah
1092 1185 1255 1267 inuioem,
1283 1203 1353 1255 nee

306 1298 544 1370 confabulatio
564 1301 641 1392 jam
671 1301 781 1392 possit
801 1322 887 1383 esse,
912 1308 975 1370 aut
1000 1323 1115 1371 sermo
1140 1300 1352 1370 eommunis.

307 1414 389 1487 Nisi
421 1415 516 1508 quod
549 1438 613 1486 nos
646 1416 797 1510 gratiam
829 1416 959 1486 referre
993 1415 1175 1509 Stephano
1208 1416 1246 1485 iu
1280 1417 1352 1486 isto

305 1554 515 1625 possumust
556 1531 652 1623 qnod
691 1554 755 1623 per
786 1530 882 1601 illius
914 1530 1211 1601 inhumanitatem
1252 1552 1351 1601 nune
1363 1557 1398 1597 ιο

306 1648 473 1721 effectum
506 1648 563 1730 sit,
593 1655 635 1719 ut
663 1646 746 1718 fidei
775 1656 814 1717 et
839 1648 1022 1740 sapientise
1049 1656 1177 1719 vestrae
1210 1649 1353 1739 experi-

304 1771 466 1836 mentum
482 1786 697 1857 caperemus.
749 1762 822 1835 Sed
843 1786 916 1833 non
940 1764 1035 1833 enim
1061 1763 1091 1833 si
1115 1784 1181 1833 nos
1204 1772 1353 1856 propter

304 1880 526 1973 Stephanum
550 1880 642 1951 hano
666 1879 829 1951 beneficii
856 1880 1007 1973 gratiam
1036 1878 1204 1971 cepimus,
1225 1879 1351 1949 statim

304 1995 506 2090 Stephanus
518 1995 690 2067 beneficio
703 2004 742 2065 et
752 1994 867 2089 gratia
879 1994 987 2087 digna
1000 1994 1189 2064 commisit.
1215 1992 1352 2089 Neque

303 2113 399 2185 enim
428 2120 467 2183 et
491 2110 603 2183 ‚ludas
627 2112 774 2205 perfidia
798 2133 862 2183 sna
886 2120 924 2182 et
945 2112 1154 2205 proditione,
1179 2133 1250 2203 qua
1272 2134 1397 2194 see-15

304 2230 414 2301 lerate
439 2230 532 2299 eirea
556 2227 778 2301 Salvatorem
803 2236 967 2321 operatus
990 2236 1057 2311 est,
1084 2228 1211 2322 dignus
1236 2228 1351 2299 rideri

303 2353 431 2438 potest,
456 2346 555 2437 quasi
581 2366 724 2415 oausam
749 2344 923 2415 bonomm
952 2351 1133 2416 tantorum
1157 2344 1233 2436 ipse
1255 2367 1353 2437 prae-

303 2460 444 2543 stiterit,
469 2469 512 2530 ut
540 2482 604 2553 per
629 2459 732 2530 illum
759 2462 913 2532 mundus
942 2468 980 2532 et
1005 2460 1168 2554 gentium
1195 2460 1352 2554 populns

302 2578 463 2671 passione
481 2576 626 2647 Domini
643 2576 861 2648 liberaretur.
912 2576 986 2647 Sed
1008 2576 1084 2648 hee
1105 2577 1248 2647 interim
1264 2600 1352 2670 quae

301 2693 347 2763 ab
382 2691 564 2785 Stephano
596 2700 698 2786 gesta
730 2700 825 2776 sunt,
857 2700 1137 2785 pretereantur3
1178 2714 1225 2762 ne
1260 2692 1400 2763 dumne

303 2809 460 2881 audaeiae
477 2816 515 2879 et
532 2806 727 2881 insolentiae
749 2810 826 2902 ejus
851 2810 1077 2880 meminimus
1101 2808 1147 2879 de
1171 2808 1277 2880 rebus
1300 2809 1351 2881 ab

303 2948 347 2997 eo
376 2924 536 3018 improbe
563 2924 673 3017 gestis
704 2923 899 3019 longiorem
931 2924 1137 3020 mestitiam
1166 2923 1269 2995 nohis
1294 2926 1351 2997 in·

304 3042 466 3112 feramus.
519 3038 576 3109 De
604 3039 705 3113 vobis
731 3048 853 3113 autern
880 3048 1142 3135 eognoseentes,
1171 3040 1267 3133 qnod
1292 3064 1351 3114 se-

303 3157 459 3228 eundum
501 3154 660 3249 regulam
695 3158 853 3228 veritatis
889 3165 928 3227 et
961 3154 1170 3249 sapientiam
1203 3156 1349 3241 Christi,

303 3272 371 3343 hoe
388 3272 433 3343 de
450 3295 520 3363 quo
537 3294 631 3343 nuno
648 3274 819 3364 quaeritur
834 3272 1097 3366 disposueritis3
1117 3293 1201 3343 eum
1217 3296 1396 3368 magnaa5

303 3387 431 3457 laetitia
463 3385 701 3459 exultavimus
733 3398 773 3459 et
807 3389 887 3461 Deo
918 3390 1049 3483 gratius
1083 3388 1230 3482 egimus,
1263 3393 1350 3481 quia

303 3505 501 3575 invenimus
534 3506 571 3575 in
604 3504 772 3577 fratribus
805 3515 880 3576 tam
913 3504 1019 3599 longe
1052 3504 1175 3597 positis
1208 3512 1348 3576 tantm

303 3618 487 3691 nobiseum
512 3619 596 3693 fidei
621 3627 658 3690 et
675 3622 836 3693 veritatis
858 3621 1142 3693 unanimitatem

141 3748 210 3796 Aba
211 3746 287 3796 ιιίιιιι
354 3735 404 3805 II.
423 3734 556 3807 Potens
581 3747 636 3807 est
660 3738 756 3809 enim
778 3738 894 3832 gratia
917 3736 986 3808 Dei
1010 3736 1177 3831 aepulare
1199 3746 1240 3808 st
1263 3760 1349 3809 eon·

140 3813 277 3926 {1¹¹0an
195 3876 266 3927 ειη·
254 3841 449 3947 ejungere
482 3852 637 3923 caritatis
669 3859 778 3944 atque
811 3853 958 3924 unitatis
984 3851 1134 3937 vinculo,
1160 3852 1272 3925 stiam
1305 3876 1401 3943 ea30

140 3956 243 3990 ’Μ
140 4006 230 4057 um„
304 3988 384 4059 quae
407 3968 571 4038 videntur
596 3967 754 4062 longiore
778 3979 951 4040 terrarum
979 3970 1094 4062 spatio
1118 3992 1195 4041 esse
1224 3969 1347 4041 divisa

304 4082 508 4153 Secundum
534 4084 628 4175 quod
653 4092 691 4155 et
708 4084 795 4155 olim
816 4082 1003 4155 intervallo
1023 4092 1225 4178 temporum
1247 4108 1348 4180 sepa·

140 4203 407 4279 mandentes,
434 4197 480 4268 ab
505 4197 575 4269 Job
605 4206 643 4269 et
670 4198 752 4269 Noe
779 4200 840 4291 qui
869 4200 907 4269 in
936 4200 1058 4291 primis
1081 4200 1233 4284 fuerant,
1258 4200 1348 4271 llae-
