2867 4817
186 337 239 399 IN
263 336 510 402 TERTULL.
533 337 599 400 DE
623 336 915 401 PRAESCRIPT.
940 339 1067 404 ΗΕΒ.
1111 341 1176 409 209

167 506 205 570 Ρ.
223 522 296 591 154.
313 507 333 571 l.
353 526 402 593 25.
421 506 576 572 Hosidius
596 508 693 592 [lete]
713 506 811 572 Liber
823 509 1000 594 Agoberdi‚
1024 511 1175 588 Veridico,

125 592 248 669 Ursini,
266 593 394 658 Ouidius
410 645 417 659 .
435 642 442 656 .
458 595 546 680 epud
567 594 703 659 Dionem
729 594 879 659 scribitur
904 601 1010 663 Γναῖος
1035 599 1052 660 ὅ
1074 598 1174 665 zoes

123 678 229 755 Γέτας,
244 679 424 765 legendum,
445 686 497 744 Γν.
514 676 657 747 Ὀσίδιος.
703 680 824 744 Fertur
844 687 974 745 senatus
994 684 1173 748 consultum

121 766 182 828 surb
204 764 342 830 Claudio
363 766 443 831 Oaes.
465 766 594 843 fectum,
611 765 645 831 0.
665 766 704 831 N.
722 764 859 830 Hesidio
880 768 965 831 Geta
980 766 1017 832 L.
1026 768 1173 855 Vagellio

121 872 203 915 ecee
220 858 350 915 erutum
372 852 506 937 Neepcli
528 874 613 915 enno
635 852 1024 918 cucumerarium
1045 855 1173 940 eosqui

120 937 311 1023 negotiandi
334 957 447 1001 caussa
472 938 622 1002 emissent
645 939 730 1023 quod
755 937 932 1016 edificium,
958 947 996 1004 ut
1019 940 1173 1005 diruendo

121 1023 193 1107 plus
208 1023 427 1109 adquirerent,
443 1046 541 1110 quum
559 1025 669 1108 quenti
685 1023 845 1088 emissent.
867 1024 996 1090 Rem.
1043 1027 1173 1090 Ouidius

120 1110 202 1173 titre
218 1110 293 1173 edd.
312 1109 468 1175 Rhenani.
517 1110 641 1174 Oridius
658 1111 735 1175 Geta
748 1110 801 1173 ed.
819 1111 922 1175 Paris.
937 1119 1082 1196 utreque,
1101 1114 1172 1176 Oci-

121 1194 195 1259 dis·
211 1196 292 1260 Gan
312 1196 364 1259 ed.
387 1196 526 1260 Frenek.
546 1195 600 1259 ubi
623 1196 747 1261 monuit
760 1196 887 1273 tucius,
902 1197 930 1259 si
951 1218 1066 1262 nomen
1087 1199 1172 1263 Geta

121 1282 313 1358 retineatur,
335 1282 502 1366 legendum
529 1282 596 1347 fore
621 1282 656 1347 (J.
673 1282 797 1359 Didius,
820 1281 874 1367 qui
898 1282 1008 1347 floruit
1028 1290 1172 1369 tempore

122 1368 259 1444 (laudii,
275 1368 482 1519 nomfflm
504 1368 536 1431 iu
556 1368 617 1432 hee
636 1388 672 1432 re
686 1368 832 1432 Dionem.
878 1369 1030 1453 Alioquin
1044 1370 1172 1456 legisset

121 1453 207 1517 idern
221 1453 343 1518 «Iunius
411 1455 417 1469 '
446 1456 489 1518 'os
502 1455 549 1518 ite
563 1454 716 1518 Medeam.
739 1453 900 1519 Oaeterum
913 1454 1012 1541 digne
1029 1462 1090 1533 est,
1102 1476 1172 1540 quae

122 1539 174 1603 hie
203 1546 400 1604 memoretur
430 1540 539 1604 Probe
567 1540 721 1605 Feleonie
747 1540 789 1604 ab
816 1539 1014 1625 Hieronymo
1041 1541 1174 1625 aliisque

164 1626 272 1689 tribus
287 1626 427 1705 lundata,
444 1627 533 1711 cujus
548 1633 639 1691 extet
653 1626 868 1711 opusculume
884 1626 1011 1711 Virgilii
1026 1627 1172 1692 carmini·

121 1646 182 1775 ζα
201 1720 390 1797 excerptum
413 1719 448 1777 et
468 1713 701 1813 concinnatum,
728 1713 772 1776 ed
794 1712 1039 1813 explicationem
1062 1714 1173 1799 preeci·

120 1798 942 1949 puiiidnlioddiullilodieidrddriddffiudtididtidlciiiid
951 1884 1069 1971 solent]
1092 1885 1171 1950 Sub-

118 1970 277 2035 stitueret
307 1970 475 2055 Rignltiue,
499 1970 776 2036 Huneroomtoues
800 1970 898 2035 etiem
927 1971 1031 2035 secari
1058 1971 1171 2037 solent.

121 2056 235 2119 Minus
249 2063 346 2133 recte,
362 2072 399 2121 ut
413 2079 433 2120 ο
456 2056 533 2121 inor.

165 2142 205 2205 P.
221 2158 294 2228 155.
306 2142 326 2205 l.
335 2164 366 2223 4
462 2143 624 2227 quaeritur,
636 2164 657 2206 e
672 2162 736 2227 quo
750 2141 929 2206 intellectus
943 2142 1171 2207 intervertatur

118 2250 242 2329 eorum,
282 2250 352 2313 quae
388 2230 431 2292 ed
467 2228 602 2330 haereser
638 2222 773 2311 iscient]
806 2228 964 2294 Poeueret
999 2228 1169 2315 Rigaltius,

116 2315 628 2477 tttttttttlwttt
646 2314 943 2486 pltttttlt
957 2314 1060 2485 tlt,
1072 2323 1169 2464 tii?

118 2496 261 2550 Μαῖαν
273 2487 377 2571 recepi
392 2508 451 2572 pro
464 2486 551 2551 edito
568 2487 792 2573 interpretetur,
808 2486 903 2571 idque
917 2494 1035 2572 praeter
1048 2504 1168 2551 morem

117 2594 237 2649 meum,
253 2594 294 2636 ex
315 2574 498 2657 conjecture
511 2580 639 2637 tentum
655 2572 764 2636 Latini
780 2570 898 2636 Letirrii
920 2594 942 2637 e
959 2572 1059 2637 Junio
1081 2594 1166 2635 com-

116 2658 270 2743 probate.
294 2658 367 2723 Hoc
378 2681 452 2723 vero
464 2658 626 2743 postulare
637 2658 806 2723 videbatur
819 2657 880 2721 loci
895 2680 1025 2732 sensus;
1042 2658 1167 2722 etiamsi

116 2746 253 2808 verbum
267 2746 448 2831 interpretor
461 2766 532 2809 cum
547 2745 673 2830 passive
692 2744 921 2829 significatione
942 2745 1028 2829 apud
1043 2743 1167 2809 Tertul-

116 2830 239 2894 lisnmn
254 2832 422 2916 reperitur.

162 2916 247 2980 Ibid.
277 2916 299 2980 l.
331 2934 359 2999 7.
389 2917 422 2980 in
451 2915 607 2980 idolorum
639 2915 812 2999 mysteriis]
845 2916 1110 3001 Praepositionem
1146 2933 1167 2981 s

117 3000 217 3152 Rip:
231 3002 261 3067 'o
277 3003 425 3067 omissam
443 3024 516 3066 cum
531 3002 622 3087 Lupo
644 3007 678 3064 et
693 3001 865 3066 Thomssio
878 3001 1031 3066 revocavi.
1078 3002 1166 3067 lnfrs

115 3088 160 3152 lie
220 3098 338 3161 ,—tum
351 3088 530 3152 temulenter
543 3089 606 3152 Dei
619 3087 788 3173 adfectavit
801 3089 970 3173 sepriume
983 3087 1017 3151 in
1031 3088 1167 3174 negotiis

115 3174 317 3250 ideleletrie,
333 3196 402 3259 cep.
418 3194 462 3253 40

161 3260 245 3325 Ibid.
261 3260 281 3323 l.
299 3282 328 3341 9.
351 3260 581 3345 expositionem
606 3258 809 3345 delictorum]
835 3259 888 3324 Sic
913 3280 972 3345 pro
994 3260 1166 3343 expiatione

114 3346 307 3411 delictorum
321 3345 418 3431 priori
431 3346 566 3411 lectione
580 3345 740 3431 Rigeltius
753 3366 773 3409 c
787 3345 868 3409 libro
882 3345 1069 3431 Agoberdi3
1087 3347 1161 3409 ἀπό-

115 3438 214 3497 θεσιν.
239 3433 375 3497 Senum
419 3432 637 3517 Espsetiecem
651 3431 779 3515 quidem
796 3432 991 3496 reduxeruut
1007 3431 1116 3515 Lupus
1130 3439 1164 3496 et

115 3518 317 3583 Thomssius.
343 3519 415 3595 Sed,
431 3526 469 3581 ut
483 3518 546 3581 elie
560 3538 658 3601 opere
672 3528 807 3595 teocam,
819 3516 961 3603 Epistola
976 3517 1030 3580 illu
1044 3518 1161 3581 Firmi

113 3604 207 3679 lieri,
221 3626 317 3690 qnam
334 3604 384 3668 his
398 3602 605 3669 Oellecteneis
619 3602 789 3666 additurus
810 3622 889 3680 eum,
905 3624 967 3667 vex
987 3603 1091 3667 alters
1112 3603 1164 3666 fir·

114 3702 233 3755 matur.
280 3690 331 3754 Ibi
344 3690 429 3754 enim
442 3695 636 3753 extet-ecoe
656 3687 770 3754 abludit
784 3710 845 3775 per
857 3686 988 3753 occheim
1008 3690 1166 3754 honorum

111 3776 264 3855 sordibus,
278 3786 334 3840 ‘uec
347 3775 486 3862 peccetis
501 3774 661 3861 exponitis.
678 3796 716 3839 cc
740 3824 747 3838 .
764 3794 812 3859 15.

160 3862 243 3927 lbid.
258 3863 282 3926 l.
298 3880 348 3927 10.
362 3868 397 3927 et
411 3862 438 3926 si
452 3860 556 3925 edhuc
570 3859 678 3925 initiet
733 3861 833 3945 ithre]
852 3860 964 3925 Hebet
977 3871 1006 3925 ct
1023 3862 1052 3925 si
1064 3861 1166 3927 attae

111 3950 255 4013 mittit
282 3948 421 4025 Metro,
451 3947 608 4033 prebente
634 3946 743 4022 danie,
772 3947 821 4010 ed
851 3946 1007 4031 princeps.
1053 3946 1165 4012 Edidit

114 4034 287 4121 Rignltius,
316 4043 345 4099 et
372 4035 400 4099 ri
427 4032 529 4098 adice
549 4032 683 4111 numini,
714 4034 847 4096 Mithra.
903 4032 1006 4098 Extat
1030 4053 1106 4096 vero
1131 4034 1164 4097 iu

113 4122 167 4186 ed.
190 4120 306 4186 ultime
329 4120 475 4186 Rheneni
497 4126 530 4184 et
552 4118 585 4181 iu
607 4118 656 4182 ed.
679 4126 816 4204 utreque
839 4118 942 4182 Paris.
968 4125 1002 4183 et
1025 4116 1162 4184 Frenelr.

112 4214 145 4271 st
173 4208 221 4271 ric
248 4207 351 4271 attus
379 4208 488 4271 initiat
515 4205 657 4283 Meiros,
695 4204 753 4269 sed
782 4204 959 4269 Delscerds
990 4211 1025 4269 et
1056 4203 1165 4290 Lupus

113 4292 370 4376 Thomuiusque
397 4294 426 4357 ri
454 4312 514 4377 pro
540 4291 585 4355 sic
613 4297 799 4376 posuerunt.
853 4289 926 4353 Hoc
954 4288 1091 4372 denique
1119 4312 1166 4354 se

617 4398 668 4439 se
