2867 4817
252 327 317 391 252
589 330 968 395 ANNOTATIONES

253 498 396 562 Haterio
417 498 612 579 Armeniaca,
636 521 733 584 quam
753 500 922 566 ediderunt
943 523 1016 566 enm
1038 501 1306 588 interpretatione

257 582 372 647 Latina
388 583 460 649 Gul.
476 592 509 649 et
527 586 642 672 Georg.
659 585 845 665 Whissonii,
860 586 976 651 librum
991 588 1031 652 de
1044 587 1184 653 eooleeioe
1198 610 1306 674 perse

255 669 456 746 ontionibus3
473 692 515 734 an
529 693 604 736 vero
614 694 695 773 opus
709 671 776 737 tale
787 673 863 758 quid
874 673 926 737 ille
937 674 1160 760 oomposuerit,
1172 674 1307 739 dubium

255 755 354 821 videri
374 756 476 841 possit
495 764 719 823 annotationes
739 758 858 845 legenti
877 760 922 825 ad
939 760 1127 826 Aristonem
1152 760 1307 825 Pellaeum

257 841 289 905 in
304 842 456 927 Reliquias
470 844 577 908 Sacris
591 844 651 909 vol.
667 842 695 910 l.
711 866 744 930 p.
755 865 808 930 99.

301 928 338 993 P.
354 946 425 1013 231.
442 928 462 993 l.
474 948 504 1009 4.
519 929 573 993 An
588 930 779 996 Gremsunu
794 931 991 1082 Ειιισωιιιιέ
1012 931 1107 997 Hane
1126 932 1306 1019 epistolam,

258 1036 354 1099 quem
382 1013 502 1099 primus
527 1016 661 1101 protulit
688 1016 862 1097 Morellius‚
887 1018 970 1082 habe
992 1024 1050 1084 ant
1080 1018 1178 1084 etiam
1202 1018 1225 1082 ii
1273 1018 1307 1082 ui

257 1100 368 1165 Rome
383 1100 578 1185 prael'norunt
597 1103 729 1167 editioni
748 1125 880 1189 operum
899 1104 1010 1170 Sanoti
1024 1104 1175 1190 Cypriani
1188 1104 1222 1167 iu
1239 1041 1306 1168 ob·

259 1186 330 1251 oinu
350 1185 442 1251 Pauli
466 1187 614 1253 Manutii.
660 1186 711 1252 Illi
732 1195 851 1269 autem,
867 1190 972 1256 nteit
993 1190 1128 1255 Latinus
1149 1190 1306 1269 Latinius,

258 1294 322 1336 non
337 1272 551 1357 probaverunt
566 1274 614 1339 uti
628 1297 646 1340 e
660 1275 801 1339 tenebris
820 1276 1034 1360 proferretur;
1061 1276 1218 1361 hujusque
1232 1298 1307 1341 oon-

258 1358 319 1423 silii
338 1365 502 1423 auctorem
522 1382 556 1424 so
575 1368 609 1425 et
628 1382 790 1425 suasorem
803 1360 899 1427 fuisse
918 1362 929 1427 i
999 1368 1140 1427 testatur
1158 1362 1305 1448 ingenue,

258 1466 330 1595 emp
345 1444 502 1547 majorum
519 1447 835 1598 exemplpswepontppp
850 1448 1079 1600 tnrpuhpppinis,
1095 1447 1307 1599 (iimtffir-

258 1552 388 1609 numm,
419 1553 622 1597 ouuseae
718 1556 739 1597 a
818 1584 826 1612 ‚
1003 1556 1068 1599 ram
1237 1556 1306 1597 nm.

260 1616 380 1682 Postea
395 1555 563 1697 Peuiuelius‚
580 1556 643 1703 qni
652 1618 739 1683 illam
757 1557 921 1705 reperebbt
940 1621 973 1684 in
992 1640 1049 1685 sex
1067 1620 1208 1705 antiquis
1221 1620 1308 1684 oodi·

259 1702 357 1781 uibus,
372 1726 444 1769 eam
457 1704 590 1783 reoudit,
606 1706 740 1769 innuens
749 1712 868 1784 tamen,
880 1728 944 1791 quo
954 1714 1026 1771 erat
1036 1706 1069 1770 in
1079 1705 1308 1791 rempublicam

259 1788 473 1855 Christianam
492 1798 526 1855 et
545 1790 790 1856 eeclesiastioam
811 1792 939 1872 affeetu,
953 1814 989 1857 se
1009 1792 1096 1857 illam
1117 1792 1309 1857 omissrmum

258 1875 365 1953 fuisse,
381 1876 466 1961 qnod
479 1876 574 1962 paulo
588 1877 804 1942 vehementius
814 1884 849 1944 et
862 1879 1007 1944 acerbius
1018 1900 1114 1964 qnam
1124 1878 1308 2027 episcopum

259 1960 371 2027 deoeat
386 1962 505 2048 seripta
519 1962 571 2041 sit,
587 1963 648 2028 nisi
658 1964 728 2048 jam
738 1986 760 2029 a
771 1964 919 2029 Morellio
929 1966 1041 2030 suisset
1051 1965 1148 2030 edita.
1178 1963 1230 2028 So'
1244 1964 1309 2029 'oet

259 2046 421 2112 Romanos
435 2056 469 2113 et
484 2048 661 2113 Pamelinm
675 2058 913 2115 eommovenmt
925 2051 1007 2116 liber
1017 2049 1194 2116 Firmiliaui
1204 2058 1236 2115 st
1256 2050 1309 2114 lns

259 2138 293 2199 et
303 2134 566 2199 exoandesoentie
578 2136 729 2201 adversus
742 2158 860 2224 popam
871 2137 1069 2223 Stephanum
1079 2137 1201 2201 diverse
1214 2072 1257 2201 ab
1267 2158 1309 2201 eo

259 2220 459 2285 sentientem.
502 2221 552 2286 At
570 2221 597 2285 si
617 2228 743 2287 attente
760 2223 1012 2288 oonsiderassent
1030 2222 1141 2309 quanti
1158 2230 1193 2287 et
1210 2243 1310 2307 qnam

259 2304 461 2371 vehementes
475 2306 598 2372 soleant
613 2329 682 2373 esee
700 2308 833 2374 affectus
847 2331 920 2374 oum
938 2310 1048 2395 agitur
1062 2308 1102 2373 do
1121 2330 1218 2373 eausa
1236 2307 1310 2372 reli-

258 2391 1310 2567 ttttdttttsttaltttttttttmtptltttt

258 2563 343 2629 leoto
354 2564 436 2629 huno
447 2566 742 2665 exoandesoentiam
752 2568 985 2633 oondouassent
996 2566 1192 2667 Firmiliano,
1204 2588 1310 2651 neque

259 2652 1310 2824 ttttffittbAffittmttttttdttlt

259 2823 361 2888 multa
382 2830 457 2889 sunt
478 2826 585 2911 magni
606 2826 760 2891 momenti
781 2826 895 2911 quibus
915 2825 1011 2891 hodie
1031 2846 1210 2891 oareremus
1232 2846 1311 2889 oum

259 2908 374 2995 grandi
388 2930 494 2974 rerum
514 2918 696 2976 nostrarum
715 2912 889 3062 dispendio,
903 2920 941 2977 ut
955 2912 989 2976 in
1007 2911 1100 2977 simili
1118 2918 1310 2997 argumento

261 2995 384 3060 sensuit
398 2995 584 3061 Sirmondus
597 2998 695 3062 edens
709 2998 743 3062 in
770 3020 861 3063 noem
873 2998 1014 3063 libellum
1026 3018 1156 3083 preoum
1171 2996 1310 3061 Mareel-

259 3080 372 3147 liniet
398 3081 545 3147 Faustini
570 3084 721 3149 adversus
747 3106 866 3171 papam
889 3085 1075 3150 Damasum
1119 3082 1230 3169 Neque
1253 3082 1312 3150 illa

261 3166 478 3267 Romanorum
491 3176 549 3269 apt
565 3169 697 3269 Pemelii
712 3192 789 3272 eura
802 3170 1017 3272 impedivisset
1027 3170 1060 3234 in
1070 3170 1131 3235 hae
1141 3170 1211 3235 luee
1222 3169 1311 3235 litte·

261 3424 367 3489 titerit
381 3424 480 3491 etium
493 3425 526 3490 in
540 3448 597 3491 sex
611 3427 772 3494 eodioibus
785 3428 929 3495 Pamelio
942 3428 1026 3507 visis,
1041 3428 1128 3493 iniis
1146 3429 1179 3492 in
1193 3427 1313 3512 qubus

261 3510 392 3577 inventa
410 3519 460 3576 est
481 3534 502 3576 e
525 3512 661 3593 Latinio,
677 3514 710 3578 iu
728 3522 852 3601 septem
866 3515 979 3601 quibus
998 3514 1048 3579 nsi
1066 3521 1142 3579 sunt
1158 3512 1257 3599 Angli
1275 3513 1312 3579 in

262 3618 320 3661 sua
335 3596 482 3672 editione,
499 3598 531 3662 in
546 3600 655 3665 deoem
669 3622 742 3665 oum
756 3602 870 3686 quibus
883 3623 943 3688 ego
957 3601 1077 3666 contuli
1089 3622 1187 3686 opera
1198 3599 1313 3665 Sanoti

263 3683 421 3768 cypriani,
437 3684 639 3750 menifestum
654 3694 704 3753 est
717 3687 804 3751 illam
817 3710 882 3751 non
901 3687 1043 3773 potuisse
1056 3708 1181 3773 semper
1194 3686 1311 3765 lotere,

261 3769 386 3835 etiarnsi
403 3770 567 3835 Morellius
585 3794 649 3836 non
663 3771 824 3838 edidisset.
869 3773 1004 3839 Codiees
1020 3782 1138 3851 autem
1154 3794 1227 3838 oum
1240 3772 1312 3857 qui-

263 3855 322 3921 bus
343 3856 429 3921 illam
451 3857 580 3931 eontuli,
603 3866 678 3923 suut
699 3881 781 3924 unus
802 3860 1016 3947 Remigianua,
1036 3860 1100 3924 duo
1121 3858 1313 3958 Compendi-

262 3962 361 4019 enses,
377 3943 441 4007 duo
453 3942 621 4021 Viotorini‚
637 3967 718 4009 nnus
730 3946 930 4023 Pithoeanns‚
941 3962 1023 4010 mins
1034 3944 1217 4010 monostemi
1231 3943 1312 4009 Beo-

262 4027 372 4106 oensie,
401 4028 575 4107 Iaoetieneis,
602 4030 640 4094 B'
684 4030 799 4109 tianus,
826 4040 861 4098 et
889 4053 971 4097 unus
997 4053 1095 4096 meus.
1139 4030 1314 4096 Assentior

261 4120 370 4178 autem
396 4115 538 4180 Pamelio
566 4123 601 4180 et
631 4053 772 4217 {ignitio
800 4118 1057 4184 existimantibus
1085 4117 1170 4182 illam
1196 4117 1313 4182 Graeoe

262 4199 413 4283 seriptum
427 4200 523 4266 luisse
537 4223 558 4265 e
569 4201 765 4278 Firmihano‚
775 4226 899 4269 versam
909 4210 1019 4270 autem
1032 4204 1147 4269 Latine
1156 4225 1178 4267 a
1188 4202 1313 4268 Sanoto

262 4284 430 4369 Cypiiano.
473 4285 621 4373 Epistola
635 4310 711 4375 ergo
727 4289 904 4357 Firmiliaui
923 4292 1053 4356 inventa
1070 4296 1122 4355 est
1144 4289 1178 4354 in
1195 4286 1313 4375 viginti
