2867 4817
318 342 361 408 72
683 340 715 403 S.
739 339 1009 404 HIPPOLYTI

317 507 455 609 intirim
476 507 518 590 τὸ
546 508 821 613 ε’ῤῥαιπισμίνον
844 510 977 610 αἵματι,
1002 507 1069 610 την
1092 508 1214 613 σάρκα
1239 510 1370 613 διηγή-

315 671 421 736 σατο,
451 640 493 717 δι’
522 637 565 739 ἧς
597 640 656 717 καὶ
685 635 755 718 imi
789 637 907 723 πάθος
937 636 1049 738 ἦλθεν
1080 641 1102 719 ὁ
1135 636 1277 739 ἀπαθὴς
1304 647 1374 719 τοῦ

316 770 411 846 Θεοῦ
440 764 570 868 Λόγος,
597 764 715 849 καθὼς
743 767 988 870 μαρτυροῦσίν
1017 800 1080 865 μοι
1108 771 1142 847 oi
1169 772 1369 871 προφῆται.

314 894 421 997 Λέγει
438 893 511 999 γὰρ
529 896 641 978 οὕτως
662 896 683 973 ὁ
710 894 882 999 μακάριος
901 897 1076 999 Μιχαίας·
1106 891 1218 979 Οἶκος
1234 893 1374 990 Ἰακὼβ

314 1022 524 1126 παρῶργισε
543 1027 692 1121 Πνεῦμα
712 1024 858 1126 Κυρίου.
907 1030 1021 1102 ταῦτα
1046 1021 1094 1103 τὰ
1109 1023 1397 1124 ἐπιτηδεύματαε

314 1151 433 1235 αὐτοῖς
457 1153 568 1232 ε’στιν.
612 1151 679 1256 οὐχ
707 1154 741 1230 oi
762 1149 870 1251 λόγοι
893 1151 1002 1230 αὐτοῦ
1025 1152 1131 1229 καλοὶ
1154 1153 1230 1249 μετ’
1249 1153 1372 1232 αὐτῶν

314 1283 373 1361 καὶ
400 1283 499 1385 ὀρθοὶ
525 1278 745 1384 πορεύονται.
793 1283 852 1361 καὶ
869 1282 970 1361 αὐτοὶ
987 1280 1217 1381 ἀντέστησαν
1234 1286 1284 1365 είς
1300 1284 1366 1387 ἐχ-

314 1406 405 1512 θράν
422 1406 514 1487 κατὰ
541 1405 740 1512 πρόσωπον
760 1412 825 1508 τῆς
850 1407 987 1512 εἰρήνης
1013 1410 1133 1507 αὐτοῦ,
1160 1408 1227 1509 τὴν
1254 1408 1371 1516 δόξαν

313 1535 490 1644 ἐξέδειραν
519 1540 641 1616 αὐτοῦ·
672 1537 858 1616 τουτέστιν
887 1534 929 1616 τὸ
954 1538 1066 1640 σαρκὶ
1085 1542 1214 1617 παθεῖν
1242 1536 1368 1618 αὐτόν.

312 1666 503 1751 Ὼσαίττως
536 1668 595 1745 καὶ
623 1667 643 1745 ὁ
671 1663 843 1770 μακάριος
876 1671 1025 1750 Παῦλος
1053 1662 1165 1767 λέγει·
1208 1663 1264 1746 Ti
1292 1665 1417 1771 γάριο

313 1793 489 1874 ἀδύνατον
506 1801 570 1873 τοῦ
589 1791 709 1892 νόμου,
727 1795 766 1873 ἐν
790 1789 819 1901 ᾧ
837 1793 990 1893 ἠσθένει,
1007 1794 1027 1872 ό
1046 1791 1140 1878 Θεὸς
1156 1792 1221 1873 τὸν
1239 1796 1370 1875 ἑαυτοῦ

314 1919 389 2003 υἱὸν
417 1920 567 2028 πέμψας
598 1923 636 1999 ἐν
665 1920 861 2021 ὁμοιώματι
890 1918 1028 2024 σαρκὸς
1058 1922 1243 2025 ἁμαρτιας,
1270 1956 1366 2001 κατ-

901 2050 960 2080 λϋ
1052 2046 1064 2075 λ

312 2051 446 2155 ε’κρινεν
462 2047 528 2148 τὴν
546 2049 723 2151 ἁμαρτίαν
740 2054 786 2153 τῇ
804 2083 924 2152 σαρκι,
944 2085 1001 2129 ινα
1027 2083 1070 2129 το
1098 2052 1272 2150 δικαίωμα
1298 2062 1370 2133 τοῦ

312 2175 421 2277 νόμον
439 2180 630 2283 φανερωθῇ
655 2178 692 2255 ἐν
710 2177 795 2276 ἡμῖν
815 2184 889 2259 τοῖς
915 2175 1084 2276 μὴκατὰ
1110 2174 1231 2280 σάρκα
1255 2213 1364 2282 περι-

309 2314 496 2401 πατοῦσιν,
516 2302 617 2383 ἀλλά
633 2302 727 2384 κατὰ
742 2312 894 2403 πνεῦμα.
931 2310 1044 2383 Ποῖον
1061 2305 1124 2386 οῦν
1143 2302 1218 2384 υἱὸν
1234 2306 1367 2388 ἑαυτοῦ
1379 2342 1413 2401 15

310 2438 330 2513 ό
368 2432 461 2517 Θεὸς
498 2430 556 2512 διὰ
593 2436 657 2531 τῆς
692 2431 829 2536 σαρκὸς
861 2432 1089 2539 κατάτεμψεν
1119 2435 1204 2512 ἀλλ’
1235 2430 1260 2532 ἢ
1297 2431 1366 2514 τὸν

310 2558 441 2663 Λόγον,
467 2557 509 2639 ῦν
540 2558 616 2640 υἱὸν
643 2559 888 2665 προσηγόρευε
921 2559 980 2640 διὰ
1007 2559 1049 2640 τὸ
1079 2562 1227 2661 μέλλειν
1250 2559 1366 2641 αι’ττῦν

308 2691 504 2794 γενέσθαι,
530 2693 589 2769 καὶ
619 2687 662 2768 τὸ
691 2688 809 2769 κοινὸν
838 2688 951 2789 ὄνομα
974 2693 1039 2788 τῆς
1070 2694 1119 2773 εὶς
1149 2690 1364 2793 ἀνθρώπους

309 2818 572 2926 φιλοστοργίας
606 2818 680 2927 (for.
706 2821 752 2922 τῇ
777 2820 826 2899 είς
857 2815 1066 2921 ἀνθρώπους
1094 2818 1362 2925 φιλοστοργίᾳ)

308 2981 418 3041 Videte
428 2981 528 3060 igitur,
540 2980 655 3051 fratres,
665 2978 811 3057 quomodo
852 2978 1025 3058 impossibiie
1052 2988 1114 3038 erat
1136 2979 1217 3059 legis,
1246 2978 1278 3037 ιἰι
1303 3002 1364 3060 qno

307 3062 395 3121 vestis
405 3063 546 3141 sanguine
556 3081 681 3141 aspersa,
691 3060 722 3118 in
733 3080 811 3140 sym·
852 3060 1056 3138 infirmabatur
1062 3081 1118 3139 per
1126 3080 1260 3129 carnem,·
1274 3060 1363 3119 Dens

308 3143 376 3201 bolo
403 3143 426 3201 si
468 3142 575 3201 ifiosvit
603 3161 728 3210 carnem,
753 3162 811 3219 qua
854 3140 961 3199 Filium
985 3162 1067 3199 snum
1090 3141 1203 3200 mittens
1225 3140 1255 3199 in
1279 3141 1363 3201 simi-

308 3223 398 3293 venit,
407 3164 635 3281 aiiubeundam
646 3222 810 3301 passionem
851 3222 973 3281 litndine
986 3222 1086 3281 carnis
1096 3221 1219 3301 peceati,
1234 3222 1361 3282 damna-

307 3304 469 3383 impatibile
491 3303 548 3362 Dei
568 3303 711 3370 Verbum,
734 3303 810 3362 siout
851 3304 890 3362 vit
901 3312 1050 3382 peccatum
1064 3302 1094 3361 in
1108 3324 1205 3367 carne.
1222 3311 1253 3360 nt
1258 3304 1359 3382 justi-

308 3384 379 3443 mihi
399 3385 548 3463 prophetes
563 3394 717 3443 testantur.
760 3383 811 3442 Sic
838 3384 947 3463 ficatio
981 3383 1053 3463 Iegis
1094 3384 1290 3443 ostenderetur
1326 3386 1360 3445 ιἰι

307 3465 434 3524 enimait
445 3466 546 3525 beatus
558 3464 714 3524 Micheas:
732 3465 808 3523 'Do-
850 3464 938 3533 ποόίι,
961 3464 1087 3544 quinon
1110 3465 1264 3524 secundnm
1286 3486 1359 3523 oar.

307 3567 370 3605 ιιιιιι
391 3546 482 3607 Jacob
511 3545 638 3604 irritavit
667 3545 809 3625 Spiritum
849 3567 910 3605 nem
925 3546 1111 3614 ambulamus,
1127 3546 1178 3604 sed
1197 3546 1357 3605 sectandum

308 3626 436 3695 Domini,
448 3628 580 3686 iaecsnnt
590 3626 806 3686 eornmstmiia:
851 3626 1003 3706 Spiritum.
1045 3626 1171 3698 Qualem
1190 3626 1282 3705 igitur
1301 3626 1357 3685 Fi.

308 3731 362 3768 ιιοιι
376 3708 441 3768 boni
455 3729 596 3768 sermones
610 3710 683 3787 εγίις,
696 3716 723 3767 et
735 3716 809 3767 recte
848 3708 923 3766 lium
943 3726 1029 3765 sunm
1055 3707 1138 3767 Deus
1162 3728 1214 3787 per
1235 3727 1356 3767 minem

306 3811 368 3849 cnm
394 3790 465 3870 ipsis
489 3789 644 3848 ambulant.
688 3790 727 3847 Et
749 3787 807 3867 ipsi
847 3789 937 3856 misit,
967 3788 1022 3847 nisi
1050 3788 1194 3856 Verbum,
1223 3788 1305 3865 quod
1339 3812 1358 3849 a

305 3870 514 3931 suscitaverunt
542 3869 718 3929 inimicitiam
742 3890 806 3928 oon·
846 3870 990 3949 principio
1011 3869 1121 3929 scilicet
1137 3870 1246 3927 Filium
1265 3890 1357 3928 voca-

305 3960 353 4011 tra
374 3973 474 4031 paoem
501 3954 574 4032 εράς,
598 3951 720 4027 ρίοτὶιιιιι
743 3953 806 4031 ejus
846 3951 899 4019 vit,
909 3951 977 4028 quis
988 3951 1122 4010 futurum
1133 3960 1195 4010 emt
1203 3960 1238 4010 ut
1251 3961 1355 4009 ortum

305 4032 500 4092 detraxerunt.
544 4031 580 4091 Id
600 4041 654 4099 est,
673 4033 807 4091 fecerunt
847 4035 989 4111 caperet?
1023 4043 1054 4091 et
1079 4051 1145 4090 cum
1174 4030 1270 4090 Filius
1299 4052 1354 4090 vo·

304 4132 372 4171 eum
394 4112 455 4191 pati
476 4114 507 4171 in
526 4133 620 4172 carne.
663 4112 806 4171 Similiter
846 4123 939 4181 estur,
953 4132 1107 4171 commune.
1121 4132 1227 4171 nomen
1243 4113 1356 4172 amoris

304 4193 407 4252 beatus
418 4192 529 4253 Paulus
543 4194 603 4253 nit:
620 4192 724 4260 bound
733 4194 806 4252 enim
846 4213 915 4272 erga
947 4192 1080 4253 homines
1113 4193 1213 4252 sumit.
1284 4193 1355 4253 Nec

531 4324 646 4374 -nnoae
657 4324 683 4372 ii.
697 4336 718 4387 7.
923 4322 1117 4386 bomon&
