2867 4817
211 311 395 380 NICAENI
421 312 640 378 CONCILII
666 312 1001 380 UNIVERSALIS.
1068 315 1131 380 881

71 488 176 576 στὰς
210 489 437 573 ἀπαιτοῦσιν·
475 487 682 568 ε’δικαίνσεν
718 487 742 586 ἡ
778 487 866 589 ἁγία
901 489 962 566 καὶ
992 487 1135 591 μεγάλη

71 615 247 714 σύνοδος,
265 618 314 700 ὦς
340 615 424 700 εἴτις
451 615 605 718 εὑρεθείη
623 611 714 714 μετὰ
740 612 805 695 τὸν
822 614 908 719 ὅρον
922 624 1052 696 τοῦτον
1068 613 1130 697 τό·

73 777 168 830 κους
196 740 406 842 λαμβάνειν,
428 744 468 824 ἐκ
492 739 777 846 μεταχειρήσεως
803 737 828 842 ἢ
855 741 980 828 ἄλλως
1006 777 1132 847 μετερ·

73 872 236 977 χόμενος
273 870 315 952 τὸ
352 876 514 975 πρᾶγμα,
541 867 565 970 ἢ
593 871 759 970 ἡμιολίας
786 869 1009 971 ἀποκτεῖναί)
1041 871 1137 958 ὅλως

42 997 205 1104 5ἔτερόν
232 1032 268 1080 τι
293 1001 445 1080 ἐπινοῶν
476 1003 630 1104 αἰσχροῦ
657 996 803 1102 κέρδους
828 998 941 1098 ἕνεκα,
968 1005 1132 1104 καθαιρε-

77 1126 239 1228 θήσεται
275 1135 340 1208 τοῦ
376 1126 521 1230 κλήρου,
559 1129 619 1206 καὶ
658 1124 854 1232 ἀλλότριος
887 1135 954 1207 τοῦ
991 1129 1141 1214 κανόνος

79 1253 202 1334 ἔσται.

466 1477 668 1555 ΚΑΝΩΝ
699 1479 768 1556 ΙΗ.

141 1629 288 1713 Ἦλθεν
314 1637 363 1715 είς
389 1628 456 1732 τὴν
484 1633 591 1735 ἁγίαν
618 1633 677 1712 καὶ
703 1632 868 1735 μεγάλην
894 1633 1059 1731 σύνοδον,
1087 1632 1142 1714 ίντι

34 1763 132 1843 ιοέν
163 1795 240 1843 τισι
271 1759 393 1845 τόποις
425 1763 484 1840 καὶ
520 1759 663 1856 πόλεσι,
692 1768 766 1845 τοῖς
791 1760 1049 1865 πρεσβυτέροις
1075 1759 1143 1862 τὴν

89 1889 325 1994 εὐχαριστίαν
351 1893 385 1968 οἱ
412 1885 566 1968 διάκονοι
591 1885 764 1986 διδόασιν,
782 1885 908 1993 ὥσπερ
929 1890 1008 1969 οὕτε
1031 1891 1052 1968 ὁ
1073 1923 1141 1968 κα-

91 2017 168 2098 νὼν
200 2017 281 2096 οὔτε
309 2017 330 2118 ἡ
369 2014 540 2115 συνήθεια
571 2015 762 2118 παρέδωκε,
790 2013 872 2101 τοῦς
899 2017 1068 2125 ἐξουσίαν
1094 2015 1144 2118 μὴ

91 2145 245 2252 ἔχοντας
280 2142 513 2252 προσφέρειν,
549 2151 622 2228 τοῖς
657 2146 910 2252 προσφέρουσι
942 2143 1077 2226 διδόναι
1103 2142 1146 2224 τὸ

93 2279 208 2372 σῶμα
233 2277 298 2351 τοῦ
315 2275 492 2373 Χριστοῦ.
531 2276 670 2350 κακεῖνο
695 2269 734 2350 δὲ
756 2271 967 2375 ἐγνωρίσθη,
995 2270 1051 2352 ότι
1077 2269 1147 2372 ἤδη

45 2397 190 2500 ι5τινές
214 2405 288 2478 τῶν
309 2396 480 2479 διακόνων
507 2400 567 2478 καὶ
587 2396 659 2502 πρὸ
683 2404 757 2478 τῶν
779 2399 986 2481 ἐπισκόπων
1003 2404 1068 2501 τῆς
1086 2401 1144 2480 εῦ-

95 2529 288 2634 χαριοτίας
314 2524 498 2606 ἅπτονται.
538 2533 652 2605 ταῦτα
676 2527 740 2605 οῦν
765 2526 885 2607 πάντα
901 2526 1144 2634 περιῃρήσθω·

96 2659 160 2738 καὶ
177 2654 427 2757 ἐμμενέτωσαν
443 2657 477 2734 οἱ
505 2650 658 2734 διοίκονοι
676 2661 750 2738 τοῖς
768 2657 867 2740 ἰδίοις
883 2656 1036 2760 με’τροις,
1053 2652 1147 2736 είδό·

97 2818 162 2869 τες
193 2782 248 2863 ὅτι
279 2789 344 2861 τοῦ
374 2780 440 2882 μὲν
471 2777 670 2861 ἐπισκόπου
703 2781 874 2886 ιἠτηρέται
900 2785 981 2882 εἶσὶ,
1012 2790 1085 2864 τῶν
1112 2781 1151 2864 δὲ

98 2909 359 3017 πρεσβυτέρων
388 2906 559 2993 ἐλάττους
594 2907 825 3014 τυγχάνουσι.
863 2909 1152 3012 λαμβανέτωσαν

101 3163 136 3212 ta
149 3160 180 3210 et
193 3167 297 3226 magna
310 3144 449 3226 synodus,
465 3153 500 3202 ut
519 3142 610 3222 siquis
650 3145 828 3224 presbyteris
839 3145 962 3224 gratiam
973 3165 1061 3206 τουτο
1073 3166 1152 3205 com-

102 3234 246 3290 inventus
265 3227 356 3287 fuerit
370 3235 436 3305 post
451 3223 526 3282 hanc
539 3223 610 3282 defi.
650 3225 798 3284 munionis
838 3225 952 3285 diaconi
992 3227 1152 3306 porrigant,

103 3312 249 3372 uitionem
270 3327 373 3367 usum
391 3305 545 3384 accipiens,
559 3315 611 3363 aut
651 3305 731 3384 quod
751 3326 805 3365 nec
825 3307 926 3385 regula
945 3327 1008 3376 nec,
1031 3328 1152 3367 eonsue-

104 3413 145 3454 ex
156 3385 474 3464 adinventionealiqua‚
482 3383 528 3443 vel
538 3405 611 3463 quo.
652 3387 726 3446 tudo
749 3387 881 3454 tradidit,
904 3399 939 3446 ut
960 3390 996 3448 ab
1023 3387 1077 3455 hin,
1102 3389 1154 3468 qui

105 3473 181 3532 libet
208 3470 305 3537 modo,
331 3466 479 3546 negotium
506 3465 611 3524 transi·
651 3477 826 3548 potestatem
836 3489 895 3526 non
910 3469 1017 3528 habent
1030 3470 1153 3528 offeren.

105 3573 189 3634 gens,
204 3561 256 3610 aut
270 3547 406 3609 hemiolia
421 3546 465 3620 (id
482 3555 537 3613 est,
551 3565 611 3604 ses-
652 3549 693 3616 di,
721 3548 776 3614 illi,
803 3552 854 3627 qui
881 3549 1020 3615 offerunt,
1045 3550 1154 3609 Christi

106 3633 208 3713 cuph)
226 3633 354 3708 exigens,
369 3626 415 3686 vel
429 3617 539 3704 aliquid
553 3623 612 3684 tale
653 3647 759 3708 corpus
782 3629 934 3708 accipiant.
976 3631 1101 3688 Necnon
1125 3641 1156 3689 et

107 3733 229 3795 prorsus
242 3710 411 3788 excogitans
425 3707 519 3786 turpis
537 3705 611 3764 lucri
653 3709 728 3768 illud
736 3709 960 3787 innotuit,quod
968 3710 1086 3788 quidam
1094 3711 1156 3770 dia-

108 3794 220 3873 gmtia:
252 3791 406 3868 dejiciatur
429 3809 446 3846 a
470 3787 557 3856 clero,
580 3797 610 3844 et
653 3790 718 3850 coni
743 3802 812 3849 ante
832 3791 982 3869 episcopos
1003 3811 1082 3850 ςοοτο
1105 3792 1157 3850 ob-

108 3867 496 3948 alienusexistataregvssa.
653 3871 713 3930 lata
727 3871 916 3965 'contingant
966 3871 1041 3964 Ηροο
1067 3872 1158 3950 igitur

219 4016 369 4077 σου
390 4013 513 4074 xvm.
654 3953 1158 4111 κικῑκκκκκυκ

155 4123 295 4183 Pervenit
321 4121 358 4181 ad
382 4132 513 4180 sanctum
535 4139 614 4196 mag·
656 4123 749 4183 entes,
768 4111 848 4190 quod
868 4112 1069 4192 episcoporum
1091 4114 1157 4192 qui·

111 4223 243 4282 numque
277 4201 441 4268 concilium,
471 4200 550 4276 quod
585 4199 615 4257 in
656 4193 722 4252 dem
731 4193 856 4252 ministri
867 4193 936 4258 sint,
948 4193 1099 4253 inferiores
1107 4215 1159 4254 au.

111 4285 286 4366 quibusdam
308 4282 379 4342 locis
395 4293 426 4341 et
447 4279 616 4341 civitatibus
656 4285 716 4336 tem
737 4274 915 4355 presbyteris
927 4274 1089 4336 habeantur
1108 4295 1160 4356 per
