2867 4817
288 314 352 379 230
642 314 980 384 FIRMILIANUS.
1002 331 1007 339 ·

288 494 423 559 stanter
449 488 696 559 contendentis
723 488 966 561 confirmavit:
992 495 1179 581 propterea
1203 510 1225 558 a
1250 486 1336 559 Ste-

287 602 404 697 phano
433 601 527 673 male
555 602 708 686 habitus,
736 604 796 698 qui
825 613 931 699 nupto
956 606 1053 698 pacis
1082 604 1335 677 ecclesiastieae

288 716 428 790 vinculo
445 740 528 789 eum
554 718 599 789 ab
624 718 784 790 ecclesiae
806 738 882 792 suae
904 720 1153 791 communione
1169 720 1333 793 abscidit.

287 830 395 904 Anno
422 830 505 905 265.
531 833 664 928 synodo
687 834 911 906 orientalium
934 834 1140 906 Antiochiae
1164 836 1334 909 adversus

289 947 439 1020 Paulum
457 948 729 1023 Samosatanum
745 950 904 1042 ejusdam
927 950 1024 1022 urbis
1048 952 1252 1045 episcopum
1268 952 1336 1025 ha·

287 1062 373 1136 bitae
390 1062 561 1147 interfuit,
578 1072 617 1135 et
633 1086 763 1158 magna
778 1087 858 1158 pars
875 1073 972 1147 erat3
998 1066 1035 1135 in
1060 1088 1131 1159 qna
1154 1067 1334 1161 dogmatis

286 1185 437 1259 aPaulo
462 1188 593 1259 invecti
619 1188 814 1261 novitatem
841 1190 984 1281 quidam
1011 1190 1200 1274 damnavit,
1216 1190 1334 1262 homi-

286 1325 368 1373 nem
386 1326 470 1374 vero
494 1304 610 1397 ipsum
640 1304 853 1374 sententiam
879 1326 918 1376 se
942 1313 1163 1377 mutaturum
1183 1306 1335 1398 promit-

286 1426 424 1489 tentem
453 1418 621 1495 damnare
651 1418 799 1502 distulit,
827 1419 873 1491 ab
905 1419 1049 1493 homine
1082 1420 1214 1492 nullius
1245 1421 1333 1493 fidei

285 1536 464 1629 deceptus,
492 1557 704 1629 speransque
738 1536 814 1607 sine
838 1532 915 1605 ullo
940 1534 1120 1631 religionis
1146 1536 1333 1631 dispendio

285 1673 360 1722 rem
386 1650 521 1745 optime
542 1672 645 1743 posse
667 1650 846 1722 constitui.
899 1648 1032 1744 Synodi
1054 1652 1156 1723 istius
1179 1652 1334 1746 epistola

285 1767 451 1861 synodica
479 1790 501 1839 a
524 1766 695 1838 limiano
723 1765 880 1837 tenebris
903 1773 1006 1838 eruta
1029 1776 1148 1839 exstat
1165 1766 1228 1840 Gr.
1247 1766 1331 1841 lat.

284 1880 419 1953 Concil.
436 1888 523 1953 tom.
541 1881 571 1951 Ι.
583 1880 755 1953 Auctuar.
773 1879 987 1954 Bibliothec.
1005 1880 1078 1953 ΡΡ.
1096 1880 1206 1954 Paris.
1221 1878 1330 1953 1624.

284 2005 371 2067 tom.
389 1996 418 2067 Ι.
444 2019 524 2091 pag.
547 2002 631 2069 302.
667 1994 792 2085 (Edita
820 1996 915 2090 apud
943 1993 1138 2071 Condalium
1163 1995 1330 2070 Aotzoclo.

283 2120 403 2185 antro
429 2108 582 2183 Paulum
608 2108 869 2184 Sammonion
899 2112 937 2181 in
956 2111 1026 2183 vol.
1053 2112 1104 2183 II.
1129 2111 1329 2209 Reliquiar.

281 2226 397 2323 Socr.)
450 2226 542 2299 Oum
560 2251 643 2300 vero
659 2251 752 2299 anno
773 2230 848 2305 270
867 2227 913 2297 ad
938 2226 1130 2299 secundam
1154 2230 1330 2323 synodum

283 2342 547 2415 Antiochenam
576 2344 743 2415 adversus
770 2343 925 2415 cundem
953 2342 1105 2415 Paulum
1138 2345 1330 2419 collectam

281 2462 351 2533 iter
379 2460 521 2544 moeret,
546 2468 585 2531 at
608 2460 685 2553 jam
710 2460 858 2531 Tamum
883 2482 996 2552 usqne
1019 2471 1251 2555 perveneram
1275 2463 1329 2535 ibi

280 2577 486 2671 grandomus
503 2576 672 2647 decessit:
690 2576 745 2647 uti
761 2576 885 2670 synodi
901 2577 1004 2649 istius
1017 2576 1142 2649 Patres
1158 2579 1197 2649 in
1213 2578 1329 2651 literis

279 2695 352 2765 suis
385 2691 572 2787 encyclicis
605 2688 813 2765 testanturb.
875 2691 989 2764 Extat
1021 2694 1115 2766 inter
1148 2693 1329 2789 Epistolas

279 2808 504 2904 cyprianicas
530 2806 759 2879 ⁰Firmt'liooi
784 2806 833 2880 od
858 2806 1078 2904 oypoanom
1104 2808 1275 2905 Epistola,
1305 2836 1329 2885 a

280 2925 465 3021 cypriano,
508 2925 608 3018 cujus
651 2923 783 3019 stylum
825 2924 930 3018 plano
972 2926 1073 3020 sapit,
1110 2926 1249 3010 latins,
1282 2938 1329 2999 ut

279 3044 429 3125 videtur,
447 3063 566 3124 versa3
592 3062 662 3133 qua
686 3040 894 3113 confirmata
915 3040 1081 3136 Cypriani
1106 3043 1151 3113 de
1168 3042 1327 3115 Haerati-

278 3179 399 3229 eorum
428 3154 612 3250 Baptismo
643 3157 830 3240 sententia,
860 3156 1083 3250 Stephanum
1115 3182 1244 3251 papam
1276 3160 1326 3230 ob

277 3271 583 3354 inhumanitatem,
601 3272 794 3355 audaciam,
811 3271 1046 3355 insolentiam,
1063 3272 1202 3366 aliaque
1218 3274 1265 3346 ab
1279 3298 1325 3346 eo

277 3388 436 3481 improbe
452 3393 554 3482 gesta
569 3386 695 3458 acerbe
715 3388 931 3482 perstringit.
984 3386 1179 3459 Firmiliani
1205 3388 1328 3473 libros'

276 3524 364 3594 quos
390 3510 471 3596 post
500 3522 538 3573 se
567 3500 719 3594 reliquit,
747 3504 836 3574 citat
861 3501 1015 3573 Basilius
1045 3504 1090 3574 de
1120 3500 1270 3597 Spiritu
1283 3504 1322 3576 S.

276 3640 352 3713 cap.
369 3619 469 3690 xxix.
486 3640 520 3711 p.
540 3615 623 3690 360.
641 3625 730 3710 quot
746 3640 840 3701 nero,
857 3617 915 3689 rel
937 3619 1083 3711 quinam
1100 3618 1233 3689 fuerint
1249 3642 1322 3691 non

276 3731 394 3809 dicitd.

315 3882 333 3928 b
347 3882 406 3963 Ap.
422 3882 532 3942 Eussb.
547 3881 598 3941 lib.
612 3880 685 3941 Vll.
699 3902 763 3961 cap.
775 3900 824 3958 30.

315 3980 431 4041 ⁶Goni.
454 3978 541 4040 Febr.
564 3978 641 4039 Bibl.
665 3978 742 4039 med.
765 3990 797 4039 ct
816 3979 907 4039 insum.
928 3980 1052 4040 Latinit.
1073 3979 1124 4041 lib.
1139 3978 1195 4039 vl.
1217 3978 1311 4039 volii

277 4102 305 4160 μ
317 4097 479 4250 illicet
493 4184 578 4233 non
591 4172 628 4233 au
644 4173 807 4233 numam
822 4173 1012 4255 aptent.)
