2867 4817
440 337 588 403 LIBER
610 335 805 402 PRIMUS.
1084 337 1149 405 289

104 517 233 600 vivere,
260 524 298 585 11
327 511 513 585 inoffensas
538 513 666 585 ducere
694 512 969 605 conjunctiones,
994 512 1149 605 gratuita

105 634 322 725 susciperent
356 630 445 713 odia,
480 638 518 700 11
551 628 740 702 execrabili
773 628 988 699 haberentur
1020 629 1057 698 in
1086 652 1151 699 no·

106 745 249 820 minell

159 864 239 937 LV.
259 862 364 948 Quod
387 862 415 933 ei
438 862 525 933 falsa
552 862 608 956 (111
631 861 763 956 dicitis)
780 862 925 933 historia
949 861 1011 932 illa
1032 885 1150 932 rerum

107 988 175 1063 cat,
191 982 286 1051 unde
302 988 377 1050 tam
400 980 497 1049 brevi
521 986 680 1071 tempore
697 986 795 1049 totus
815 978 967 1049 mundus
983 979 1052 1048 ista
1067 978 1150 1049 reli·

108 1098 213 1192 gione
235 1095 431 1188 completus
448 1094 529 1165 est?
556 1102 619 1165 aut
641 1095 678 1164 in
700 1116 808 1165 unam
830 1096 924 1164 coire
944 1096 1005 1187 qui
1027 1101 1153 1187 potue·

109 1219 194 1282 runt
221 1218 378 1282 mentem
410 1220 536 1305 gentes
561 1210 761 1305 regionibus
787 1210 989 1302 disjunctae3
1026 1211 1151 1291 ventis,

110 1327 192 1398 coeli
220 1326 569 1419 convexionibusque
609 1324 778 1395 dimotae?
824 1324 1153 1396 Asseverationibus

111 1442 241 1513 illectae
269 1452 352 1513 sunt
380 1442 494 1527 nudie,
524 1441 677 1511 inducte
709 1443 747 1511 in
776 1463 854 1534 epos
883 1464 1015 1525 caseas;
1050 1451 1088 1513 et
1116 1443 1154 1511 iu

112 1559 268 1653 pericula
298 1559 422 1652 capitis
448 1557 641 1629 immittere
666 1581 703 1629 11
733 1567 858 1650 sponte
883 1560 1069 1629 temeraria
1095 1560 1156 1629 de·

114 1678 312 1769 speratione
329 1674 536 1745 voluerunt:
563 1697 645 1744 cnm
666 1673 754 1743 nihil
776 1673 848 1744 tale
866 1674 1043 1758 vidissent,
1061 1675 1155 1768 quod

115 1816 174 1865 cas
197 1794 234 1863 in
255 1792 320 1863 hos
336 1790 453 1862 cultus
474 1791 639 1861 novitatis
657 1813 728 1861 suoe
753 1791 862 1883 possit
882 1791 1037 1862 excitare
1052 1794 1156 1863 mira-

117 1909 221 1981 culo?
240 1906 332 2004 (sor.
350 1910 508 1979 novitate
521 1930 584 1979 sua
598 1910 709 2001 possit
725 1908 891 1991 excitare,
908 1908 1114 1979 miraculum
1124 1910 1154 1999 1)

118 2027 197 2097 Imo
225 2026 309 2117 qnia
342 2024 416 2095 haec
449 2025 568 2097 omnia
598 2031 636 2094 et
664 2024 710 2095 ab
742 2025 818 2118 ipso
851 2025 1042 2096 cernebant
1070 2028 1156 2120 geri,

119 2151 156 2214 11
180 2142 225 2213 ab
251 2142 326 2235 ejus
349 2141 576 2234 preconibus,
602 2141 662 2233 qui
684 2163 748 2233 per
772 2141 893 2212 orbem
919 2149 1036 2212 totum
1061 2142 1157 2213 missi

118 2257 289 2329 beneficia
306 2257 421 2329 Patris
438 2264 475 2327 et
492 2257 716 2327 munerandis
729 2254 823 2352 (sor.
836 2281 983 2330 munera
998 2261 1157 2354 grandia)

119 2376 244 2445 animis
286 2374 556 2466 hominibusque
599 2374 808 2466 portabant:
852 2378 1010 2447 veritatis
1051 2378 1159 2470 ipsius

121 2493 155 2561 11
180 2492 282 2562 victae
307 2498 345 2560 11
369 2489 543 2561 dedenmt
572 2510 609 2561 ee
640 2489 739 2561 Deo:
777 2493 905 2562 necin
934 2495 1070 2587 magnis
1099 2516 1161 2586 pc·

122 2630 222 2679 suere
248 2607 437 2701 dispendiis
461 2606 620 2677 membre
645 2608 744 2679 vobie
770 2608 948 2701 projicere,
967 2618 1004 2679 11
1028 2609 1161 2681 viscera

123 2748 185 2797 sua
201 2724 364 2796 lanianda
379 2724 542 2818 praebere.

174 2841 277 2915 LVI.
308 2840 382 2912 Sed
418 2840 670 2934 conscriptores
704 2843 815 2913 nostri
849 2844 1067 2915 mendaciter
1094 2845 1162 2916 ista

125 2964 382 3052 prompserunt,
405 2956 566 3027 extulere
591 2957 629 3026 in
654 2958 866 3031 immensum
895 2962 1024 3055 exigna
1050 2970 1161 3055 gesta,

125 3085 163 3147 11
184 3084 350 3169 angustas
372 3094 427 3143 ree
452 3074 535 3143 satis
558 3073 744 3145 ambitioso
767 3075 956 3146 dilatavere
978 3078 1161 3170 praeconio.

125 3191 238 3284 Atqui
267 3192 402 3261 utinam
434 3198 562 3261 cuncta
590 3190 709 3263 referri
738 3192 775 3260 in
801 3192 929 3285 scripta
957 3193 1163 3285 potuissent,

126 3310 183 3380 rel
208 3331 284 3401 quae
310 3306 355 3378 ab
380 3308 456 3399 ipso
479 3314 580 3400 gesta
604 3316 697 3390 eunt,
722 3308 779 3379 rel
805 3332 882 3402 qua
908 3310 954 3381 ab
979 3312 1054 3402 ejus
1079 3334 1165 3403 prae-

127 3425 273 3497 conibue
289 3424 364 3518 pari
382 3424 464 3515 jure
484 3431 522 3492 ct
537 3425 697 3515 potentia
718 3426 916 3497 terminata
968 3424 1087 3521 Magis
1103 3451 1165 3499 vos

128 3540 326 3613 incredulos
342 3540 473 3610 faceret
495 3540 548 3610 vis
569 3547 669 3610 tanta
692 3542 873 3625 virtutum,
890 3549 953 3613 ant
972 3543 1165 3637 apprehen·⁴

129 3660 212 3729 dere
241 3658 359 3729 locum
385 3654 478 3751 (scr.
505 3654 626 3727 fucum
655 3654 815 3752 Sterccl.)
840 3658 985 3731 fortasse
1009 3668 1165 3753 possetis,

130 3798 200 3868 quo
230 3774 408 3845 videretur
432 3794 507 3843 cese
532 3771 750 3844 simillimum
776 3776 860 3859 veri,
885 3783 923 3845 11
951 3778 1168 3850 incrementa

131 3890 236 3963 rebus
258 3888 426 3982 apposita,
452 3896 489 3958 11
519 3888 647 3960 inditas
676 3890 813 3982 scriptis
842 3898 880 3961 et
908 3896 1167 3966 commentariis

132 4004 313 4077 falsitates.
365 4004 436 4075 Sed
457 4027 572 4098 neque
593 4005 711 4077 omnia
730 4007 910 4091 conscribi,
928 4017 991 4079 aut
1006 4012 1044 4080 in
1066 4034 1167 4083 aures

172 4168 189 4214 1
201 4172 309 4232 Confer
323 4170 440 4231 omnino
450 4170 605 4251 Origenem
615 4184 715 4233 contra
727 4174 854 4241 Celsum,
866 4173 887 4234 l.
901 4174 991 4237 Vlll.
1003 4197 1028 4237 c.
1039 4194 1088 4254 47.
1102 4200 1169 4240 cum

131 4254 187 4320 his,
199 4271 230 4312 er
243 4252 438 4331 sequentibus.
