2867 4817
455 310 606 377 LIBER
630 310 825 376 PRIMUS.
1100 312 1173 376 285·

118 482 187 555 hoc
203 492 258 557 est
275 486 313 557 in
333 486 451 557 medio
474 510 614 581 ponere,
633 495 671 559 et
687 482 893 570 dubitabile,
910 485 1005 579 quod
1022 507 1164 582 asseras,

117 600 253 673 iacere:
279 610 321 673 ut
338 611 376 673 et
392 602 462 687 ille,
480 605 541 697 qui
558 626 663 675 sanus
680 611 735 675 est
752 603 876 687 factus,
890 602 1037 673 fomuito
1053 602 1164 695 possit

118 720 229 793 videri
247 742 323 791 esse
339 729 517 793 servatus:
544 730 581 791 et
604 720 675 805 ille,
692 722 754 814 qui
776 742 849 790 non
874 726 938 804 est,
955 742 1029 789 non
1044 719 1162 788 meriti

117 852 232 916 eausa,
250 834 312 905 ssd
329 835 533 907 infirmitate
549 836 713 907 credatur
729 834 970 907 valetudinem
983 833 1162 929 expellere

117 970 190 1020 non
204 951 362 1042 potuisse
380 951 509 1026 divina.

168 1064 211 1135 L.
229 1064 347 1150 Quid?
381 1068 474 1160 quod
500 1068 584 1139 istas
609 1068 768 1151 virtutes,
793 1090 870 1159 qua
893 1074 977 1137 sunt
1007 1089 1029 1137 a
1059 1065 1160 1137 nobis

116 1184 331 1267 summatim,
364 1206 436 1255 non
469 1183 526 1275 (ut
558 1184 609 1255 rai
642 1184 811 1278 poscebat
842 1183 1065 1279 magnitudo)
1099 1183 1160 1253 de-

115 1306 299 1391 promptae,
324 1322 396 1371 non
420 1309 561 1372 tantum
589 1302 664 1395 ipse
693 1300 841 1393 perfecit
869 1302 905 1371 vi
933 1323 1006 1383 sua,
1036 1322 1159 1370 verum

115 1412 226 1506 (quod
251 1424 328 1486 erat
352 1417 549 1511 sublimius)
575 1416 705 1487 multos
734 1415 821 1487 alios
850 1417 1013 1509 experiri,
1043 1422 1083 1485 et
1108 1414 1160 1485 fa·

116 1552 198 1603 cere
233 1532 287 1602 sui
322 1533 472 1605 nominis
501 1556 583 1604 cum
619 1531 806 1603 affectione
834 1532 1003 1625 permisit.
1062 1529 1159 1601 Nam

115 1668 198 1717 curn
215 1646 351 1718 viderat
366 1646 504 1719 firturos
526 1672 588 1719 vos
605 1671 681 1719 esse
703 1657 884 1742 gestarum
906 1647 952 1717 ab
974 1668 1012 1717 se
1028 1668 1158 1730 rernm,

116 1761 296 1856 divinique
325 1766 438 1857 operis
467 1765 699 1861 derogatores,
725 1786 869 1857 nequa
895 1763 1054 1834 subesset
1083 1785 1158 1833 sus·

115 1881 210 1972 picio
238 1882 384 1976 magicis
412 1904 450 1955 se
479 1883 613 1954 artibus
646 1905 793 1953 munera
825 1880 886 1952 illa
918 1880 1157 1972 beneficiaque

115 1994 293 2092 largitum,
318 2020 364 2070 ex
389 1999 561 2071 immensa
586 2000 648 2071 illa
672 1997 793 2093 populi
819 1997 1157 2090 multitudineque

115 2136 215 2185 stram
240 2116 388 2209 gratiam
415 2116 615 2187 sectabatur
639 2116 825 2198 admirans,
851 2116 1052 2207 piscatores,
1083 2113 1157 2205 opi-

114 2226 199 2298 fices
214 2228 416 2313 msticanos,
433 2236 541 2321 atque
562 2229 599 2299 id
615 2252 727 2323 genus
748 2228 881 2322 delegit
903 2228 1156 2320 imperitorum,

113 2344 175 2437 qui
191 2346 382 2438 pervarias
400 2354 525 2439 gentes
548 2346 654 2429 missi,
671 2356 800 2418 cuncta
815 2344 876 2415 illa
896 2342 1064 2414 miracula
1080 2342 1155 2412 sine

112 2458 195 2532 ullis
219 2461 309 2532 fucis
338 2470 445 2553 atque
473 2461 695 2533 adminiculis
724 2468 979 2556 perpetrarent.
1032 2458 1155 2531 Verbo

111 2574 174 2647 ille
203 2579 419 2671 compescuit
448 2578 721 2649 verminantium
748 2578 987 2649 membrorum
1022 2584 1154 2658 crtrces,

111 2701 150 2763 et
172 2692 224 2763 illi
251 2694 357 2764 verbo
382 2702 673 2787 compescuerunt
697 2692 876 2764 furialium
898 2692 1056 2763 vermina
1076 2713 1154 2784 pas-

110 2810 260 2881 sionum.
311 2809 464 2903 Imperio
490 2808 551 2881 ille
575 2832 647 2880 uno
672 2810 875 2881 exturbavit
901 2832 923 2880 a
950 2809 1152 2901 corporibus

111 2927 296 3011 damonae,
319 2934 357 2997 et
379 2927 588 2999 exanimatis
613 2948 694 2997 suos
720 2926 879 2997 restituit
904 2948 1045 2997 sensus:
1085 2925 1151 2995 sub

110 3065 234 3113 eorum
259 3050 439 3136 portantes
464 3040 558 3137 (sor.
587 3041 780 3136 plorantes)
805 3051 843 3113 et
872 3039 924 3112 illi
950 3063 989 3111 se
1013 3040 1150 3111 casibus

110 3156 203 3255 (sor.
220 3158 453 3253 succussibus)
475 3159 633 3251 jussione
654 3182 727 3229 non
752 3158 822 3230 alia
843 3158 985 3229 sanitati
1008 3168 1045 3228 et
1067 3180 1151 3228 oon·

109 3275 248 3347 stantiae
272 3274 509 3346 reddiderunt.
560 3272 628 3345 llle
656 3284 759 3347 notas
786 3275 1015 3347 albicantium
1044 3274 1150 3345 vitili-

108 3393 233 3489 ginum
255 3413 363 3462 manu
382 3392 526 3463 admota
548 3392 714 3463 detersit:
740 3378 946 3463 liniamenta
961 3401 999 3462 et
1021 3390 1058 3461 hi
1074 3415 1150 3463 cor-

108 3532 235 3605 porum
263 3508 358 3579 haud
387 3508 546 3579 dissimili
575 3510 805 3580 conciliavere
833 3516 1010 3579 contactu.
1072 3506 1150 3579 Uli·

107 3631 231 3725 ginosa
270 3627 331 3698 ille
367 3635 405 3699 ct
438 3629 618 3721 turgentia
650 3627 784 3697 viscera
819 3626 1016 3696 siccitatem
1041 3626 1150 3717 jussit

107 3766 315 3839 recuperare
336 3743 512 3815 nativam:
546 3752 584 3814 et
608 3742 733 3815 famuli
755 3742 831 3833 ejus
856 3741 924 3812 hoc
948 3740 1054 3812 modo
1079 3750 1150 3811 sta·

107 3870 255 3933 tuerunt
277 3868 432 3933 errantes
455 3882 572 3952 aquas,
589 3867 627 3930 et
644 3882 667 3931 a
687 3858 841 3951 pernicie
861 3880 1045 3951 corporum
1067 3879 1148 3928 suos

107 3978 180 4051 labi
198 3977 336 4070 jussere
360 4000 423 4071 per
445 3978 614 4048 tramites.
666 3974 735 4048 Ille
751 3975 872 4047 ulcera
887 3975 956 4045 oris
974 3973 1148 4057 immensi,

108 4103 147 4166 et
181 4096 378 4165 recusantia
410 4090 546 4189 perpeti
580 4092 768 4165 sanitatem
798 4094 892 4164 intra
919 4092 1023 4162 unius
1051 4092 1148 4162 verbi

108 4234 244 4285 moram
274 4214 479 4285 continuato
509 4210 659 4281 frenavit
687 4232 710 4281 a
739 4217 862 4303 pastu:
907 4218 944 4279 et
973 4208 1026 4279 illi
1055 4207 1148 4279 haud

587 4344 608 4387 o
624 4344 644 4387 ο
660 4342 679 4391 a
