2867 4817
280 280 345 343 84oe
534 275 764 341 FIRMIANI
788 274 1060 341 LACTANTII

281 453 457 547 ligionem.
510 450 583 522 Ubi
611 460 732 521 autem
758 459 909 541 utraque
933 452 1122 542 oonjunota
1148 458 1253 531 mnt,
1284 449 1334 517 ibi

281 594 356 641 esse
373 569 557 639 veritatem
581 590 723 639 neeesse
743 576 808 649 est,
824 575 876 649 ut,
892 568 922 637 si
944 576 1118 660 queratur
1132 568 1218 660 ipsa
1240 569 1337 637 veri·

282 696 335 757 tas
352 686 436 777 quid
452 684 509 769 sit,
526 692 622 755 reete
642 684 711 755 diei
733 684 843 776 possit
862 693 927 754 aut
947 685 1084 777 sapiens
1098 683 1245 778 religio,
1270 694 1337 755 ant

282 804 444 896 religiosa
459 802 638 895 sapientia.

695 898 807 971 CAP.
831 898 956 971 XLII.

334 1020 458 1091 Dicam
476 1040 579 1101 nune,
596 1018 680 1111 quid
703 1018 750 1088 sit
765 1016 822 1089 vel
842 1019 981 1111 sapiens
1002 1018 1136 1113 religio,
1153 1016 1215 1089 vel
1237 1019 1339 1109 mpi-

285 1138 379 1208 entia
405 1135 576 1229 religiosa
629 1134 728 1205 Dens
753 1135 792 1205 in
812 1136 982 1228 principio
1002 1148 1198 1227 antequam
1224 1158 1337 1205 mnn-

284 1256 368 1325 dum
392 1254 602 1335 institueret,
620 1254 665 1323 de
687 1252 896 1323 aeternitatis
918 1274 991 1323 snae
1005 1252 1114 1333 fonte,
1131 1253 1255 1344 deque
1279 1252 1339 1321 di·

285 1374 365 1441 vino
381 1394 422 1441 ae
438 1370 582 1463 perenni
600 1368 725 1461 spiritu
740 1392 805 1439 sno
819 1368 949 1439 Filium
962 1371 1028 1440 sibi
1044 1370 1120 1462 ipse
1133 1370 1338 1463 progenuit

284 1492 533 1581 incorruptum,
551 1484 702 1569 fidelem,
721 1487 844 1557 virtuti
865 1510 907 1557 ac
929 1488 1105 1580 majestati
1127 1488 1257 1578 patriae
1279 1508 1338 1555 re-

285 1606 524 1698 spondentem.
576 1601 647 1673 Hie
677 1616 732 1673 est
762 1604 882 1686 virtus,
909 1602 968 1673 bio
997 1605 1097 1685 ratio,
1123 1602 1183 1672 bic
1210 1625 1336 1673 senno

289 1722 365 1805 Dei,
383 1720 440 1790 bie
466 1719 645 1812 sapientia
696 1717 778 1790 Hoc
803 1720 939 1813 opifice,
956 1730 997 1789 ut
1023 1719 1176 1789 Hermes
1200 1720 1266 1802 ait,
1295 1730 1336 1787 et

287 1839 517 1919 consiliatore,
542 1844 583 1905 ut
610 1834 754 1928 Sibylla,
776 1845 815 1905 et
839 1837 1037 1929 praeclaram
1061 1844 1100 1906 et
1124 1835 1335 1905 mirabilem

288 1956 390 2048 hujus
423 1954 544 2025 mundi
579 1952 746 2023 fabricam
782 1954 1002 2025 machinatus
1034 1964 1098 2024 est.
1159 1951 1336 2044 Denique

289 2098 332 2144 ex
359 2072 520 2142 omnibus
544 2067 687 2165 angelis,
705 2092 793 2163 quos
816 2070 911 2141 idem
938 2070 1036 2141 Deus
1059 2070 1103 2138 de
1130 2070 1204 2139 suis
1227 2070 1335 2161 spin‘·

289 2189 383 2258 tibus
399 2186 570 2281 figtnavit,
588 2184 681 2255 solus
698 2187 736 2256 in
751 2185 964 2257 oonsortium
978 2208 1123 2256 summae
1139 2186 1335 2277 potestatis

289 2306 441 2376 adscitus
467 2311 531 2385 est,
553 2301 646 2373 solus
669 2301 768 2372 Deus
791 2312 1023 2394 nuncupatus.
1076 2299 1204 2372 Omnia
1231 2304 1332 2372 enim

284 2444 348 2514 per
373 2420 494 2513 ipsum,
512 2426 544 2489 et
569 2418 645 2487 sine
669 2418 745 2511 ipso
765 2414 867 2487 nillil.
885 2416 1002 2508 (Joan.
1015 2417 1044 2485 Ι.
1062 2422 1111 2506 2.)
1160 2416 1334 2509 Denique

291 2536 391 2606 Plato
408 2536 453 2605 de
478 2534 591 2626 primo
616 2556 657 2603 ao
682 2534 836 2604 secundo
861 2533 950 2615 Deo,
969 2556 1042 2603 non
1064 2532 1168 2625 plane
1190 2544 1234 2603 ut
1251 2534 1335 2626 pbi-

290 2648 465 2744 losopbns,
492 2649 553 2719 sed
579 2658 621 2719 ut
645 2658 744 2721 vates
769 2649 908 2720 locutus
933 2659 997 2733 est,
1023 2650 1169 2720 fortasse
1193 2650 1232 2718 in
1261 2651 1333 2721 boc

289 2766 554 2860 'l'rismegistum
580 2775 731 2848 secutus,
753 2768 852 2858 cujus
877 2767 984 2838 verba
1009 2766 1054 2836 de
1079 2766 1215 2837 Graecis
1245 2791 1334 2839 oon-

291 2906 388 2953 versa
404 2882 555 2974 subjeci:
586 2879 759 2952 Dominus
776 2891 808 2953 et
818 2881 940 2979 factor
959 2884 1206 2968 universomm,
1228 2909 1332 2979 quem

291 2998 404 3071 Deum
428 2998 544 3071 vocari
569 2999 653 3086 (eor.
678 3022 806 3082 vocare,
822 3008 931 3069 καλεῖν
957 3000 1092 3095 Daris.)
1116 3002 1334 3075 existimavi-

292 3140 375 3199 mus,
403 3112 586 3186 seeundum
606 3112 698 3210 feeit
727 3113 841 3186 Deum
870 3115 1035 3189 visibitem
1061 3126 1094 3189 el
1126 3116 1331 3191 amabilem.

291 3230 492 3307 Sensibilem
518 3240 628 3302 auum
650 3231 737 3317 dico,
763 3257 832 3304 non
857 3233 949 3328 qaod
977 3235 1050 3328 ipse
1075 3259 1210 3305 sensum
1239 3238 1334 3309 occi-

287 3352 375 3445 piat,
392 3347 453 3419 secl
467 3346 558 3442 quod
573 3348 610 3417 in
631 3370 765 3418 sotium
787 3351 901 3421 mittat
917 3360 948 3421 et
968 3352 1090 3422 visam.
1142 3351 1232 3424 Cum
1249 3380 1333 3453 erpo

293 3466 381 3537 lunc
392 3464 535 3562 fecisset
549 3466 716 3559 primum,
734 3475 766 3536 et
785 3466 905 3550 solum,
929 3477 960 3539 et
985 3492 1099 3552 unum,
1121 3471 1271 3563 optimus
1297 3472 1332 3540 ei

294 3583 464 3679 apparuit,
492 3590 524 3653 et
539 3580 761 3676 pbaissimua
787 3585 940 3654 oninium
968 3582 1143 3657 boiorum.
1193 3586 1331 3682 Sibylla

296 3724 435 3796 quoque
463 3697 577 3771 Deum
601 3699 688 3769 dicit
711 3698 827 3770 ducem
853 3701 1004 3770 omnium
1027 3726 1051 3772 o
1072 3700 1149 3774 Deo
1162 3702 1330 3798 sactum:

295 3828 334 3893 et
355 3818 432 3900 alie,
449 3814 562 3889 Deum
587 3814 658 3887 Dei
672 3814 790 3911 filium
818 3840 888 3887 esse
910 3818 1137 3899 noscendum:
1161 3822 1255 3893 sient
1277 3848 1331 3907 ea

296 3958 373 4028 quae
394 3935 431 4006 in
455 3933 551 4005 libris
574 3934 683 4026 posui,
702 3932 865 4025 exempla
887 3933 1075 4005 declarant.
1127 3935 1235 4007 llnnc
1252 3961 1331 4030 pro-

294 4052 411 4147 pbetae
441 4052 559 4122 divino
589 4051 711 4143 spiritu
741 4051 834 4143 pleni
866 4052 1153 4143 praedicaverunt,
1179 4078 1328 4145 quorum

296 4170 471 4261 praeeipue
501 4166 667 4238 Salomon
696 4170 734 4237 in
763 4167 852 4238 libro
884 4166 1082 4259 Sapientia),
1112 4172 1199 4241 item
1230 4183 1331 4265 pater
