2867 4817
303 321 367 383 240
618 315 874 381 DEFINITIO
899 315 1032 378 FIDEI

302 498 336 555 et
356 489 554 576 Stephanum
575 490 643 575 ejus
662 487 858 573 diseipnlum,
875 509 939 551 non
957 485 1082 551 vaeavit
1097 507 1156 572 per
1176 508 1236 551 eos
1258 487 1355 572 pleni·
1424 509 1430 526 ¹

301 593 405 658 tudini
420 593 558 657 eeclesiae
573 592 689 657 erroris
708 592 858 657 seandala
876 591 1037 667 suscitare,
1052 590 1145 653 unius
1165 589 1354 663 voluntatis,

301 702 336 762 et
360 696 452 760 unius
477 694 670 781 operationis
693 696 726 759 in
756 695 879 759 duabus
905 692 1027 759 naturis
1051 694 1144 756 unius
1170 694 1216 757 de
1244 704 1355 759 sancta
1386 710 1409 749 Ι

302 798 472 874 Trinitate‚
497 798 615 864 Christi
637 798 700 862 veri
724 797 785 862 Dei
808 797 919 873 nostri,
946 796 1131 860 orthodoxae
1156 796 1249 881 plebi
1271 798 1353 861 nori-

303 924 379 966 sone
394 900 629 968 disseminando
643 900 777 966 haeresin
796 908 1051 975 consentaneam,
1065 900 1187 964 insanae
1210 923 1252 966 ao
1268 902 1352 965 muli-

302 1004 393 1070 tios'ae
408 1012 503 1069 seetae
518 1003 685 1089 impiorum
700 1004 898 1089 Apollinarii‚
915 1004 1030 1081 Severi,
1046 1010 1143 1088 atque
1160 1004 1349 1069 Themistii:

303 1130 373 1192 quae
388 1114 421 1172 et
435 1107 660 1194 perfeetionem
671 1107 879 1172 humanitatis
890 1107 991 1185 unius,
1003 1106 1210 1191 ejusdemque
1223 1107 1350 1173 Domini

300 1210 382 1276 Jesu
396 1210 514 1277 (lhristi
534 1209 595 1273 Dei
614 1210 726 1289 nostri,
740 1210 851 1275 molita
871 1218 921 1276 est
938 1232 995 1295 per
1014 1210 1186 1294 quamdam
1203 1210 1350 1275 dolosam

299 1313 553 1380 adinventionem
566 1314 731 1399 perimere,
747 1336 805 1400 per
819 1314 878 1377 hoe
895 1312 1136 1378 involuntariam
1151 1320 1188 1377 et
1204 1314 1350 1400 inopera-

298 1419 412 1485 trieem
433 1437 560 1482 earnem
582 1418 659 1501 ejus,
681 1439 753 1503 quae
775 1416 1030 1482 intelleotualiter
1050 1414 1195 1480 animata
1219 1426 1286 1493 est,
1310 1419 1350 1482 in·

300 1522 428 1587 lamiter
441 1521 654 1586 introducens.
688 1519 850 1586 Excitavit
864 1521 962 1607 igitur
975 1520 1119 1585 (lhristus
1133 1520 1228 1585 Deus
1244 1532 1352 1587 noster
1390 1516 1396 1541 ⁸

301 1624 517 1690 fidelissimum
540 1623 764 1710 imperatorem
789 1646 903 1689 novum
926 1624 1040 1701 David,
1064 1625 1166 1687 etnam
1187 1626 1349 1689 mandem

140 1749 199 1797 Aee
209 1746 261 1796 xiii.
302 1751 353 1793 eor
364 1750 452 1793 mma
465 1727 634 1804 inveniens,
651 1726 704 1813 qui
718 1749 778 1791 eoo
791 1727 884 1806 dedit,
898 1728 994 1813 juxta
1012 1727 1097 1812 quod
1116 1727 1279 1812 seriptum
1293 1739 1349 1803 est,

141 1828 288 1929 ἔξω
301 1852 435 1897 umam
454 1830 547 1894 emelia
566 1829 640 1907 sah,
662 1840 689 1895 el
706 1828 868 1917 palpebras
890 1831 953 1895 sais
974 1830 1223 1905 demutationem,
1249 1832 1350 1894 donee

142 1959 182 1993 aa
261 1912 361 2021 ‘’per
385 1932 470 1997 huno
493 1938 639 1997 nostmm
663 1955 684 1998 a
712 1934 783 1997 Deo
812 1939 1037 2019 oongregatum
1062 1955 1253 2017 sacrumque
1279 1956 1351 1998 oon-

140 2010 184 2135 Ξι
196 2024 277 2059 ω’
303 2041 441 2115 ventum,
457 2036 559 2122 ipsam
569 2043 665 2101 reetae
676 2036 750 2100 fidei
761 2037 881 2122 reperit
890 2036 1063 2122 perfectam
1077 2036 1349 2122 praedicationem,

142 2140 234 2219 Matre
306 2141 491 2226 (seeundum
515 2140 598 2204 enim
619 2162 639 2204 a
657 2139 795 2205 Domino
814 2140 933 2204 editam
947 2161 1065 2218 vooem,
1080 2138 1132 2203 eti
1145 2139 1206 2202 duo
1223 2140 1275 2203 vel
1292 2150 1352 2205 tm

141 2220 208 2255 xvm.
220 2220 260 2255 ω’
296 2244 421 2327 fuerint
438 2243 605 2330 eorsprepata'
621 2244 657 2306 io
674 2243 791 2306 mesine
810 2265 880 2319 roeo,
896 2240 940 2305 idi
959 2264 1025 2307 sam
1047 2244 1082 2307 ie
1101 2241 1197 2307 eade
1218 2242 1348 2324 τοηιητ.)

305 2346 383 2429 Quae
405 2368 543 2431 praesens
564 2353 677 2410 saneta
698 2351 731 2410 et
752 2345 936 2411 universalis
958 2346 1096 2431 synodus
1119 2345 1256 2410 fideliter
1282 2370 1351 2410 sus-

304 2448 430 2535 cipiens,
447 2457 480 2514 et
495 2450 642 2535 expansis
655 2449 801 2513 manibus
816 2449 1017 2535 amplectens,
1030 2457 1098 2513 tam
1113 2450 1350 2535 suggestionem

305 2576 376 2640 quae
397 2576 418 2617 a
441 2552 639 2618 sanctissimo
657 2574 695 2617 ae
715 2552 897 2617 beatissimo
912 2553 1084 2639 Agathone
1097 2576 1183 2640 papa
1204 2554 1348 2639 antiques

306 2655 418 2720 Romae
440 2656 526 2721 laeta
547 2664 596 2722 est
617 2656 660 2720 ad
682 2655 927 2721 Constantinum
952 2656 1126 2743 piissimum
1150 2664 1248 2743 atque
1271 2658 1349 2723 lide

304 2757 458 2823 lissimum
471 2765 614 2823 nostrum
625 2758 857 2844 imperatorem,
870 2781 940 2844 quae
951 2760 1137 2824 nominatim
1150 2760 1268 2844 abjeoit
1281 2784 1347 2836 eos,

305 2860 360 2948 qui
374 2862 549 2926 doouerunt
563 2862 612 2926 vel
626 2862 887 2947 pnedioaverunt,
900 2862 981 2926 siout
995 2862 1138 2948 superins
1150 2862 1271 2927 dietum
1286 2872 1347 2936 est,

305 2986 401 3028 unam
426 2964 619 3030 voluntatem
645 2972 679 3030 et
703 2986 799 3029 unam
825 2965 1039 3049 operationem
1062 2966 1095 3030 in
1120 2965 1350 3031 incarnationis

305 3068 538 3153 dispensatione
559 3066 687 3131 Domini
711 3068 812 3133 nostri
832 3068 856 3131 J
857 3090 912 3133 esu
927 3069 1044 3133 Christi
1063 3070 1127 3133 veri
1150 3069 1211 3134 Dei
1232 3072 1347 3148 nostri,

304 3172 437 3256 adaeque
458 3170 604 3257 amplexa
625 3177 685 3247 est,
701 3177 735 3237 et
755 3171 889 3236 alteram
908 3172 1089 3257 synodalem
1112 3174 1348 3259 suggestionem

304 3296 374 3359 quae
396 3273 492 3339 missa
509 3283 559 3338 est
577 3296 598 3339 a
616 3295 706 3338 saoro
721 3274 860 3354 ooneilio,
875 3275 960 3360 quod
979 3282 1028 3339 est
1046 3275 1104 3339 sub
1124 3276 1235 3341 eodem
1257 3300 1349 3343 sano·

304 3376 426 3441 tissime
440 3398 524 3462 papa
538 3383 665 3441 eentum
678 3376 927 3463 vigintiquinque
942 3378 1011 3443 Deo
1030 3379 1213 3444 amabilium
1228 3381 1349 3467 episeo-

302 3500 424 3565 porum,
441 3479 483 3543 ad
505 3479 573 3564 ejus
593 3501 614 3543 a
635 3478 705 3543 Deo
728 3480 915 3545 instrnotam
937 3481 1210 3566 tranquillitatem,
1234 3491 1348 3569 utpote

303 3588 512 3647 eonsonantes
532 3587 642 3646 saneto
661 3582 906 3648 Golohedonensi
928 3584 1067 3661 oonsilio,
1083 3594 1117 3649 et
1136 3592 1225 3651 tomo
1245 3610 1348 3651 saeer-

302 3684 374 3748 rimi
395 3706 433 3749 ao
454 3684 628 3748 beatissimi
650 3706 742 3771 papae
766 3686 905 3771 ejusdem
926 3686 1064 3772 antiquae
1086 3686 1195 3753 Romae
1217 3689 1345 3767 Leonis,

303 3788 358 3874 qui
379 3788 518 3852 direetus
539 3793 589 3851 est
610 3787 653 3851 ad
674 3794 822 3853 sanetum
845 3788 1040 3867 Flavianum,
1056 3810 1150 3875 quem
1164 3797 1198 3856 et
1217 3792 1346 3858 titulum

303 3899 400 3958 reetae
412 3891 486 3957 fidei
502 3889 681 3975 hujusmodi
695 3892 834 3977 synodus
848 3892 1035 3977 appellavit:
1063 3893 1105 3957 ad
1124 3892 1192 3958 haeo
1208 3901 1242 3959 et
1257 3918 1346 3980 syno-

303 3996 383 4061 dieis
403 3994 553 4081 epistolis,
570 4016 640 4079 quse
662 3994 788 4080 seriptae
811 4002 885 4061 sunt
907 4018 927 4059 a
948 3995 1044 4061 beato
1059 3996 1175 4082 Gyrillo
1196 3998 1346 4064 adversus

304 4097 434 4183 impium
459 4097 650 4176 Nestorium,
673 4104 708 4162 et
733 4098 775 4162 ed
797 4096 965 4164 orientales
987 4100 1160 4185 episeopos.
1197 4102 1346 4168 Asseeuti

304 4222 429 4287 quoque
443 4207 555 4265 saneta
568 4200 705 4285 quinque
718 4201 907 4266 universalia
917 4203 1057 4281 ooneilia,
1067 4212 1101 4267 et
1112 4212 1240 4271 sanetos
1250 4214 1345 4295 atque
