2867 4817
256 344 322 408 308
640 341 673 405 S.
696 334 933 403 CYPRIANI

259 526 297 588 et
326 515 507 587 cumulata
536 538 613 608 quoe
642 513 831 607 praestitit;
866 520 905 583 et
935 510 1099 603 operibus
1125 510 1233 606 justis
1265 531 1309 579 ao

259 633 509 705 misericordiae
543 632 678 703 meritis
711 636 904 725 augmenta
936 638 975 699 et
1003 629 1223 699 incrementa
1251 648 1311 697 su-

259 750 450 833 mentibus,
476 748 575 820 farris
601 758 639 819 et
664 747 735 819 olei
763 769 847 819 vasa
875 744 1054 839 completa
1080 753 1175 816 sunt.
1227 741 1310 814 Neo

259 868 340 939 filiis
368 866 516 939 abstulit
543 875 659 937 mater
687 866 782 957 quod
812 863 931 934 Heliae
962 863 1071 945 dedit,
1105 862 1169 933 sed
1196 863 1311 955 magis

261 984 414 1058 eontulit
431 984 512 1054 filiis
528 982 624 1075 quod
640 982 793 1077 benigne
810 988 847 1052 et
863 981 922 1073 pie
938 979 1035 1052 feeit.
1079 978 1130 1049 Et
1145 978 1207 1050 iila
1223 995 1340 1057 non-5

263 1103 349 1173 dum
379 1100 561 1171 Christum
591 1099 735 1182 sciebat,
760 1099 918 1169 nondum
943 1104 1120 1190 praesepta
1145 1096 1221 1187 ejus
1248 1119 1313 1167 au-

263 1218 386 1297 dierat,
409 1236 481 1284 non
503 1235 608 1283 cruoe
634 1220 671 1283 et
696 1213 857 1305 passione
882 1212 959 1302 ejus
983 1209 1167 1302 redempta
1190 1210 1313 1280 cibum

263 1342 301 1406 et
325 1340 451 1426 potum
476 1354 540 1424 pro
565 1330 736 1423 sanguine
760 1326 999 1422 rependebat3
1024 1335 1067 1397 ut
1090 1348 1137 1396 ex
1160 1324 1228 1397 hoo
1250 1348 1314 1420 ep-

263 1457 386 1545 pareat
411 1456 584 1540 quantum
609 1447 646 1517 in
672 1446 821 1517 eoolesia
846 1451 972 1538 peccet
996 1446 1057 1537 qui
1086 1466 1125 1515 se
1153 1453 1193 1515 et
1219 1442 1314 1515 filios

265 1566 407 1639 Christo
435 1572 653 1657 anteponens
683 1562 824 1632 divitias
853 1584 933 1631 suas
962 1568 1088 1645 servat,
1114 1584 1181 1632 neo
1204 1563 1368 1655 patri-10

264 1685 424 1755 monium
442 1683 623 1775 copiosum
640 1703 723 1751 oum
739 1679 976 1773 indigentium
992 1687 1201 1773 paupertate
1217 1702 1315 1751 oom-

265 1801 434 1872 munioat.
877 1816 883 1823 ·

315 1913 425 1988 XIV.
453 1914 638 1987 Sedenim
661 1914 766 1983 multi
784 1921 868 1984 aunt
890 1914 928 1982 in
944 1914 1051 1983 domo
1075 1912 1187 1996 liberi,
1205 1922 1243 1984 et
1260 1937 1316 1985 re-

263 2033 381 2104 tardat
408 2039 447 2103 te
475 2031 708 2101 numerositas
736 2028 891 2101 filiorum
919 2053 990 2122 quo
1019 2029 1137 2102 minus
1166 2029 1316 2124 largiter

265 2149 368 2221 bonis
384 2147 548 2242 operibus
569 2147 718 2218 insistas.
769 2145 885 2239 Atqui
906 2147 973 2219 hoo
994 2147 1072 2241 ipso
1088 2150 1224 2242 operari
1240 2172 1318 2220 am-
1330 2172 1366 2233 15

265 2264 358 2359 plius
376 2266 566 2358 debesque
582 2263 778 2336 multorum
794 2267 982 2360 pignorum
999 2274 1101 2358 pater
1112 2288 1160 2337 es.
1190 2266 1318 2339 Plures

268 2390 351 2453 sunt
387 2404 452 2476 pro
487 2383 614 2474 quibus
645 2380 842 2452 Dominum
876 2382 1083 2476 depreceris,
1121 2382 1318 2454 multorum

268 2497 398 2569 delicta
430 2498 636 2599 redimenda
665 2506 758 2581 sunt,
788 2497 985 2569 multorum
1013 2502 1204 2593 purgandae
1233 2522 1319 2573 oon-

268 2615 437 2697 soientiae,
467 2613 661 2685 multorum
691 2615 817 2685 animae
846 2613 1043 2687 liberandae.
1096 2614 1217 2687 Utin
1249 2616 1318 2688 hae

269 2731 343 2801 vito
365 2729 525 2803 saeoulari
546 2730 681 2802 alendis
704 2731 988 2823 sustinendisque
1014 2732 1220 2826 pignoribus
1246 2756 1371 2826 queso

267 2847 381 2939 major
396 2856 451 2919 est
472 2870 649 2933 numerus,
667 2846 736 2919 hoo
756 2849 869 2941 major
887 2857 926 2919 et
946 2858 1109 2942 sumptus
1129 2858 1194 2934 est,
1210 2852 1264 2922 ito
1278 2860 1319 2922 et

268 2964 307 3035 in
336 2966 409 3035 vita
444 2964 591 3057 spiritali
619 2974 728 3059 atque
757 2964 903 3048 coelesti,
931 2989 1002 3058 quo
1030 2966 1181 3061 amplior
1209 2968 1320 3039 fuerit

269 3082 457 3176 pignorum
486 3082 596 3175 oopia,
627 3104 703 3154 esse
732 3092 771 3154 et
800 3104 948 3176 operum
976 3084 1086 3157 debet
1113 3086 1225 3179 major
1252 3088 1320 3158 im-

268 3220 386 3291 pensa
437 3196 498 3269 sio
523 3207 561 3270 et
590 3198 662 3270 Job
692 3199 861 3272 saoriiiois
889 3224 1077 3273 numerosa
1104 3226 1169 3296 pro
1197 3202 1320 3277 liberis

268 3312 458 3398 offerebat3
485 3322 709 3409 quantusque
733 3326 811 3389 erat
835 3318 873 3389 in
900 3319 1006 3391 domo
1034 3320 1223 3414 pignorum
1253 3346 1321 3393 nu·
1329 3346 1370 3410 25

267 3452 397 3514 merus,
421 3438 542 3502 tantus
566 3432 718 3505 dabatur
742 3434 823 3505 Deo
848 3443 887 3504 et
912 3458 1081 3508 numems
1109 3436 1317 3510 hostiarum.

271 3545 320 3617 Et
346 3548 513 3639 quoniam
537 3550 695 3641 quotidie
721 3552 843 3622 deesse
868 3574 940 3622 non
965 3562 1087 3646 potest
1111 3555 1207 3647 quod
1232 3578 1320 3649 peo-

271 3673 373 3735 oetur
387 3665 425 3735 in
441 3676 633 3759 conspeetu
655 3666 735 3753 Dei,
752 3668 921 3740 sacrificia
940 3670 1147 3761 quotidiana
1165 3696 1238 3743 non
1258 3674 1321 3745 de-

271 3790 382 3866 emnt,
400 3784 527 3874 quibus
543 3794 688 3878 possent
703 3794 851 3878 peecata
866 3790 1008 3882 tergeri.
1064 3788 1198 3861 Probat
1213 3792 1322 3885 serip-

108 3919 191 3975 rns
273 3906 354 3969 tura
378 3898 497 3971 divina
520 3902 659 3974 disens:
685 3899 755 3973 Job
779 3899 880 3975 homo
900 3928 1000 3977 uerus
1021 3914 1054 3977 et
1067 3904 1186 3999 justus
1201 3903 1372 4000 Mhuisgo

263 4012 362 4107 filios
390 4025 513 4111 septem
544 4026 576 4089 et
598 4014 699 4113 filius
730 4027 807 4104 tres,
841 4030 873 4093 et
905 4020 1108 4095 emundabat
1136 4020 1214 4095 illos
1242 4020 1322 4121 offe-

273 4154 353 4203 rens
375 4156 446 4227 pro
475 4135 524 4204 eis
553 4132 682 4206 hostius
710 4133 790 4207 Deo
823 4139 1006 4211 seeundum
1035 4162 1216 4211 numerum
1247 4139 1323 4214 illo-

273 4270 362 4331 rum,
385 4257 416 4320 et
434 4272 503 4343 pro
523 4251 672 4345 peccaris
695 4275 812 4324 eorsum
838 4252 981 4326 vitulum
1004 4279 1121 4327 orrum.
1174 4256 1214 4329 si
1237 4281 1323 4354 ergo
