2867 4817
273 302 339 371 136
627 292 971 362 TERTULLIANI

147 502 232 554 car.
326 478 395 550 Ilie
418 499 511 559 vero,
536 474 566 545 si
590 473 670 565 quis
694 480 750 543 est
770 470 871 563 cujus
897 490 1003 539 causa
1030 467 1069 537 in
1098 483 1330 558 congressum

139 568 240 619 xm·
276 593 462 667 descendis
495 592 757 683 scripturarum,
790 595 832 656 ut
865 608 948 655 eum
983 583 1210 654 dubitantem
1244 602 1331 651 con-

276 715 405 795 firmes,
422 710 467 781 ad
484 710 682 789 veritatem,
699 727 746 775 an
770 702 883 797 magis
900 702 945 773 ad
962 700 1116 771 haereses
1133 695 1330 790 deverget?

278 829 361 901 Hoc
390 828 466 921 ipso
495 833 625 908 motus,
655 820 750 915 quod
781 829 819 890 te
842 818 962 889 videat
986 815 1076 888 nihil
1101 815 1332 910 promovisse,

279 969 384 1039 aequo
409 943 522 1038 gradu
550 939 702 1034 negandi
726 943 765 1007 ct
794 936 1007 1006 defendendi
1034 935 1172 1004 diversa
1193 928 1287 1026 (sor.
1310 948 1363 1009 as

280 1065 431 1156 diversa)
448 1068 549 1154 parte
573 1065 771 1138 statutum3
796 1061 894 1124 certe
922 1053 968 1122 de
997 1051 1073 1145 pari
1099 1049 1334 1119 altercatione

280 1176 447 1248 incertior
470 1170 639 1252 discedet,
665 1168 826 1241 nesciens
851 1192 958 1262 quam
992 1168 1157 1239 haeresim
1179 1164 1334 1258 judicet.

282 1293 376 1365 Haec
392 1292 516 1383 utique
533 1296 572 1359 et
588 1289 654 1381 ipsi
679 1288 814 1358 habent
837 1288 874 1356 in
899 1308 963 1357 nos
989 1292 1203 1375 retorquere.
1257 1279 1337 1351 Ne·

283 1432 381 1481 cesse
404 1416 460 1479 est
476 1406 573 1477 enim
598 1412 637 1474 et
653 1403 732 1475 illos
757 1403 886 1485 dicere,
907 1425 930 1473 a
959 1401 1060 1471 nobis
1089 1400 1209 1493 potius
1233 1396 1338 1469 adul-

284 1527 375 1597 teria
407 1526 669 1617 scripturarum,
702 1528 741 1591 et
767 1520 1029 1613 expositionum
1063 1514 1249 1587 mendacia
1282 1516 1339 1585 in-
1355 1536 1393 1575 ιο

285 1643 378 1725 ferri,
421 1642 481 1734 qui
523 1636 669 1732 proinde
704 1634 798 1732 (sor.
832 1634 993 1729 perinde)
1032 1634 1099 1705 sibi
1141 1632 1339 1703 defendant

287 1760 485 1830 veritatem.

339 1875 435 1969 Ergo
451 1895 523 1943 non
544 1871 589 1942 ad
614 1871 804 1964 scripturas
825 1867 1089 1965 provocandum
1107 1876 1181 1939 est:
1207 1888 1274 1937 nee
1300 1866 1340 1935 in

288 1993 344 2063 his
373 1988 662 2062 constituendum
691 1996 883 2069 certamen,
914 1988 951 2056 in
980 1986 1109 2078 quibus
1142 1992 1206 2055 aut
1239 1981 1341 2054 nulla

288 2116 352 2179 aut
367 2109 503 2177 incerta
518 2104 668 2174 victoria
690 2112 756 2186 est,
774 2112 837 2174 aut
855 2128 919 2197 par
935 2106 1091 2175 incertae.
1145 2100 1244 2171 Nam
1270 2101 1339 2171 etsi
1357 2120 1393 2179 ¹5

288 2248 359 2295 non
376 2224 428 2294 ita
444 2221 610 2293 evaderet
627 2220 781 2291 conlatio
808 2223 1069 2314 scripturarum,
1090 2227 1132 2289 ut
1150 2228 1341 2310 utramque

291 2348 429 2435 partem
445 2360 567 2431 parem
583 2338 734 2419 sisteret,
752 2337 838 2407 ordo
862 2361 980 2408 rerum
997 2336 1231 2421 desiderabat,
1248 2334 1341 2405 illud

291 2458 388 2551 prius
417 2455 575 2548 proponi,
598 2454 694 2546 quod
719 2477 814 2524 nunc
839 2454 954 2525 solum
980 2455 1235 2547 disputandum
1263 2461 1341 2523 est:

292 2572 431 2658 Quibus
447 2577 628 2663 competat
652 2568 740 2640 fides
763 2570 864 2662 ipsa?
901 2570 1011 2664 Cujus
1037 2571 1109 2641 sint
1129 2570 1342 2665 scripturae?

291 2689 329 2761 A
346 2712 427 2782 quo,
444 2696 482 2759 et
506 2710 571 2781 per
595 2709 692 2779 quos,
709 2695 748 2757 et
765 2687 916 2779 quando,
934 2696 972 2757 et
989 2688 1116 2779 quibus
1141 2688 1188 2757 sit
1211 2686 1397 2757 tradituro

292 2806 486 2899 disciplina,
514 2826 584 2896 qua
607 2804 700 2873 fiunt
722 2802 937 2875 Christiani?
965 2802 1038 2874 Ubi
1068 2804 1164 2873 enim
1192 2826 1345 2897 apparu·

292 2926 361 2996 erit
377 2945 454 2995 esse
470 2920 659 2991 veritatem
676 2928 714 2989 et
731 2919 926 3013 disciplinae
944 2928 982 2991 et
1002 2920 1086 2991 fidei
1109 2920 1345 3003 Christianae3

292 3040 365 3111 illic
392 3039 461 3109 erit
486 3037 615 3107 veritas
644 3036 907 3128 scripturarum,
938 3046 976 3107 ct
1005 3038 1279 3130 expositionum,
1305 3046 1346 3107 et

291 3158 451 3228 omnium
476 3153 709 3224 traditionum
735 3151 1025 3224 Christianarum.

244 3334 251 3347 .
344 3272 506 3345 Christus
530 3268 637 3341 Jcsus
665 3268 841 3341 Dominus
866 3270 1393 3363 noster,pem1ittatdicere25

294 3390 449 3475 interim,
467 3387 623 3479 quisquis
641 3395 706 3469 est,
725 3388 978 3480 cujuscumque
1000 3384 1069 3456 Dei
1087 3385 1210 3471 Filius,
1227 3387 1346 3479 cujus-

294 3527 447 3597 cumque
470 3503 631 3574 materiae
656 3502 764 3573 homo
790 3511 828 3572 et
850 3500 959 3583 Deus,
981 3502 1234 3595 cujuscumque
1261 3502 1345 3573 fidei

294 3628 501 3717 praeceptor,
518 3618 774 3711 cujuscumque
794 3618 968 3689 mercedis
985 3620 1232 3712 repromissor3
1258 3620 1346 3711 quid

130 3777 247 3832 suain
295 3746 397 3821 esset,
415 3737 500 3830 quid
524 3736 658 3817 finisset,
676 3757 782 3826 quam
807 3734 923 3806 Patris
948 3735 1169 3806 voluntatem
1195 3736 1348 3807 admini-

130 3842 264 3957 ’Ψέ
296 3863 433 3937 straret
456 3853 541 3945 quid
569 3852 706 3922 homini
735 3852 912 3946 agendum
942 3853 1203 3935 determinaret,
1222 3870 1394 3945 quam-30

131 3912 206 3961 Joan.

132 3974 268 4091 md*
295 3971 359 4042 diu
385 3972 423 4040 in
444 3968 546 4040 terris
569 3968 708 4062 agebat,
732 3970 806 4063 ipse
833 3970 1089 4062 pronunciabat
1113 3970 1187 4039 sive
1212 3970 1348 4063 populo

133 4054 259 4156 naabi.
296 4084 424 4179 polam,
453 4084 528 4155 sive
557 4083 775 4155 discentibus
805 4106 985 4157 seorsum:
1020 4108 1065 4157 ex
1101 4086 1229 4178 quibus
1259 4088 1350 4157 duo-

133 4172 286 4287 ffissffi
297 4200 414 4273 decim
455 4199 652 4292 praecipuos
685 4199 788 4272 lateri
827 4224 892 4273 suo
925 4200 1118 4297 adlegerat,
1152 4202 1351 4275 destinatos
