2867 4817
283 235 327 303 86
633 241 665 305 S.
691 241 896 306 CYRILLI
918 241 984 307 ΕΤ

282 412 520 484 excusationis
543 435 659 485 sermo
688 414 849 500 sufficiat,
874 423 938 486 aut
966 416 1145 508 quomodo
1171 438 1247 488 non
1271 439 1339 488 ne-

283 549 380 598 cesse
396 529 443 598 sit
460 529 660 600 meminisse
673 527 805 600 Christi
818 528 965 602 Domini
981 530 1032 602 sic
1049 531 1219 603 dicentis:
1251 531 1339 604 Noa

153 683 234 718 aa.
280 643 411 738 patetis
435 642 528 738 quod
550 643 699 716 aenaim
725 667 844 739 pacem
873 645 1007 717 mittere
1035 646 1075 717 ia
1103 655 1244 732 terram
1275 647 1342 720 scd

281 758 468 856 pladicm:
511 761 589 832 osai
625 761 716 831 caim
754 783 917 855 sperare
953 759 1125 832 homiaem
1168 761 1339 835 adeam

278 885 417 971 patrem
433 899 543 960 mum,
561 874 716 970 etfiliom
733 875 896 948 odoersaa
912 885 1056 948 matrem
1071 900 1181 948 amm.
1233 878 1374 966 Nams

285 1014 368 1064 cum
384 991 527 1064 laeditur
542 993 639 1076 fides,
655 1002 844 1086 parentum
860 995 1058 1066 reverentia
1074 993 1175 1065 velut
1195 995 1339 1068 inutilis

285 1115 323 1178 et
338 1110 533 1201 periculosa
545 1110 747 1202 despicitur,
760 1118 798 1179 et
814 1132 915 1180 amor
926 1133 1010 1203 erga
1021 1109 1122 1193 filios,
1136 1110 1338 1204 fratresque

285 1225 438 1296 vitatur:
474 1225 519 1296 ad
551 1233 770 1317 postremum
804 1247 908 1319 super
939 1225 1052 1318 ipsam
1086 1226 1197 1296 vitam
1237 1249 1338 1298 mors

285 1341 405 1433 potius
433 1363 455 1412 a
482 1341 549 1434 piis
578 1341 661 1412 viris
690 1339 843 1435 eligitur,
872 1349 915 1411 ut
943 1340 1126 1412 meliorem
1159 1363 1339 1413 resurrec-

284 1457 429 1538 tionem,
447 1457 538 1527 sicut
555 1457 726 1547 scriptum
745 1465 810 1539 est,
827 1465 1098 1550 consequantur.
1148 1455 1245 1528 Eece
1267 1459 1399 1536 ita-10

285 1593 355 1662 que
371 1579 409 1641 te
425 1571 530 1642 simul
552 1594 634 1642 cum
655 1581 777 1642 sancta
796 1573 940 1665 synodo,
958 1595 1039 1664 quae
1060 1572 1155 1664 apud
1176 1572 1339 1666 amplam

284 1687 409 1757 urbem
437 1685 589 1757 Romam
614 1695 829 1780 congregata
855 1696 919 1770 est,
949 1688 1163 1780 praesidente
1186 1690 1340 1761 sanctis-

284 1805 373 1874 simo
403 1802 510 1874 fiatre
540 1811 577 1873 et
607 1804 857 1874 consacerdote
886 1811 1006 1874 nostro
1037 1802 1229 1874 Oaelestino
1259 1805 1341 1898 epi-

284 1941 399 2010 scopo,
425 1918 480 1989 his
500 1918 640 2011 scriptis
657 1919 736 2010 jam
756 1919 864 1989 tertio
884 1919 1123 2002 convenimus,
1145 1920 1340 1992 consilium

283 2035 408 2106 dantes
425 2042 467 2104 ut
482 2042 520 2104 te
537 2056 559 2104 a
575 2042 650 2104 tam
673 2034 789 2127 pravis
809 2033 986 2106 abstineas
1002 2034 1230 2127 distortisque
1247 2037 1393 2134 dog-15

283 2153 447 2236 metibus,
465 2176 546 2247 quae
570 2161 607 2224 et
630 2153 762 2224 sentire
784 2151 1015 2245 cognosceris,
1032 2162 1071 2223 et
1095 2154 1245 2239 dooere;
1277 2178 1339 2227 re-

284 2270 392 2362 cipias
421 2292 505 2341 vero
533 2268 641 2339 fidem
668 2275 802 2339 rectam
831 2267 989 2338 ecclesiis
1016 2290 1082 2361 per
1109 2269 1339 2343 beatissimos

284 2384 461 2477 apostolos
486 2392 523 2455 et
549 2383 783 2479 evangelistas
808 2382 852 2455 ab
878 2384 981 2455 initio
1006 2385 1184 2469 traditam,
1210 2387 1272 2478 qui
1295 2394 1338 2457 et

137 2527 208 2576 mer.
286 2501 396 2574 oculis
430 2504 670 2594 inspexerunt,
704 2509 742 2572 et
775 2501 926 2572 ministri
960 2501 1058 2572 verbi
1092 2502 1199 2572 fuisse
1232 2525 1340 2574 mon-

284 2625 449 2689 strantur.
501 2617 607 2701 Quod
629 2618 657 2688 si
680 2617 749 2688 hoc
771 2616 895 2711 religio
920 2625 985 2691 tua
1006 2617 1123 2689 facere
1144 2616 1337 2705 distulerit,
1349 2658 1393 2699 20

277 2735 386 2827 juxta
402 2733 607 2804 dilationem
624 2731 736 2804 literis
757 2733 969 2825 praefinitam
991 2734 1202 2804 sanctissimi
1218 2742 1258 2806 et
1273 2757 1338 2808 ve-

285 2849 526 2920 nerandissimi
552 2849 810 2920 consacerdotis
836 2848 946 2919 nostri
972 2847 1147 2920 Romanae
1172 2849 1336 2942 presulis

285 2964 444 3036 ecclesiae
469 2962 671 3036 Caelestini:
697 2965 786 3036 scias
811 2972 849 3034 te
873 2961 1009 3033 nullam
1039 2972 1172 3034 sortem
1201 2965 1336 3038 habere

283 3079 478 3164 nobiscum,
495 3102 562 3150 nec
578 3078 697 3150 locum
714 3086 778 3149 aut
790 3077 1017 3171 conloquium
1033 3102 1117 3150 cum
1133 3079 1205 3152 Dei
1221 3105 1338 3156 sacer-

285 3195 427 3267 dotibus
444 3203 482 3266 et
498 3194 670 3288 episcopis
692 3194 873 3266 obtinere:
901 3195 1086 3266 nonenim
1103 3195 1155 3266 fas
1178 3204 1234 3268 est
1250 3220 1337 3272 con·
1346 3237 1364 3277 2
1366 3235 1386 3297 5

285 3320 445 3382 temnere
470 3332 534 3381 nos
559 3309 724 3381 ecclesias
750 3311 802 3381 ita
822 3310 991 3391 turbatas,
1015 3317 1054 3379 et
1079 3312 1337 3386 scandalizatos

283 3428 443 3521 populos,
469 3427 646 3518 iidemque
672 3425 903 3496 rectissimam
924 3423 1102 3508 violatam,
1123 3425 1338 3519 dissipatum

285 3543 481 3636 quinetiam
489 3563 634 3636 gregem
644 3564 751 3633 quem
761 3540 939 3611 custodiro
951 3539 1123 3612 debueras
1136 3562 1145 3610 :
1158 3542 1337 3633 siquidem

279 3661 388 3754 juxta
411 3680 476 3730 nos
500 3666 637 3729 amator
659 3658 747 3728 recti
768 3657 944 3750 dogmatis
966 3657 1156 3740 extitisses,
1173 3665 1213 3728 et
1234 3681 1338 3730 sano-

285 3785 404 3848 torum
420 3782 563 3869 patrum
575 3771 724 3866 vestigia
739 3773 799 3866 pia
810 3781 1026 3847 consectans.
1062 3769 1199 3845 Omnes
1210 3775 1336 3868 itaque
1345 3800 1387 3858 30

285 3915 384 3986 quos,
409 3899 553 3986 propter
580 3889 697 3972 fidem,
725 3897 789 3960 tua
812 3888 936 3983 religio
962 3912 985 3959 a
1008 3890 1259 3962 communione
1279 3915 1337 3964 re-

285 4009 408 4091 movit,
425 4015 488 4078 aut
513 4031 535 4078 a
560 4028 624 4077 suo
646 4004 768 4076 ordine
791 4005 964 4100 deposuit,
979 4006 1088 4076 laicos
1113 4013 1151 4077 et
1177 4005 1336 4091 clericos,

285 4127 323 4198 in
348 4131 468 4198 nostra
497 4122 745 4195 communione
770 4121 987 4215 recepimus3
1013 4143 1085 4192 non
1108 4122 1251 4214 justum
1278 4130 1338 4194 est
