2867 4817
217 344 269 408 IN
286 345 318 408 S.
336 344 473 408 CYPR.
493 344 555 408 DE
574 344 1047 409 1DOL0n.VAN1TATE.
1092 344 1156 408 335

107 515 336 600 principissae
359 514 407 579 se
429 520 462 579 tu
484 515 635 580 revocari.
683 517 723 580 ln
747 516 845 580 MSto
868 538 993 601 quoque
1015 514 1156 580 'I'ewate

106 623 187 665 rano
203 622 299 686 super
312 623 421 665 vocem
434 602 487 666 boc
501 602 612 666 eadem
627 623 725 666 manu
738 602 787 667 tic
801 609 838 667 nt
852 603 947 667 lectio
962 601 1088 666 varians
1102 623 1157 686 po-

106 687 171 751 sita
185 694 246 751 est.

152 773 239 837 Ibid.
265 773 286 837 l.
310 792 359 857 29.
397 795 491 836 scnsu
520 774 624 858 major
649 774 712 858 est]
745 774 954 839 Scribendum
982 794 1069 837 remu
1098 794 1157 857 pro

106 880 194 923 unca
220 860 400 943 conjecerat
422 858 536 944 aliquis
561 860 648 945 apud
675 859 843 925 Marshnlli
869 860 1157 944 Interpretutiocem

110 946 168 1031 Op.
192 947 226 1009 S.
252 946 404 1031 Cypriani
423 945 596 1031 duplicem.
650 945 726 1009 Dixi
748 946 833 1024 olim,
859 968 951 1010 voces
972 946 1052 1010 istas
1073 945 1158 1009 inter

108 1053 143 1095 se
165 1053 250 1116 saepe
272 1030 440 1105 confunde
465 1038 499 1095 et
513 1052 631 1095 mosam
645 1054 754 1096 vocem
769 1032 990 1117 cyprianicam
1012 1053 1081 1096 esse
1102 1053 1156 1117 ag-

108 1118 193 1181 novi.
247 1116 468 1181 Veruntamen
490 1116 534 1180 nil
556 1119 744 1182 mutandum
773 1140 843 1183 esse
873 1118 1033 1183 Laetantii
1060 1118 1157 1181 rerba

109 1203 285 1267 ostendunt
308 1202 341 1267 in
363 1203 505 1289 Epitcme
533 1204 609 1267 Dic.
639 1204 743 1268 Iaatit.
767 1226 835 1289 cap.
859 1223 887 1268 2.
948 1204 1034 1267 Uace
1060 1204 1157 1288 icitur

109 1289 196 1353 Deus
220 1298 391 1374 affluam
412 1310 464 1353 aec
485 1289 644 1353 aestimare
666 1312 760 1354 sensu
782 1290 883 1354 cubet
903 1290 1037 1353 bumana
1064 1311 1154 1361 umas.

107 1396 161 1438 uer
169 1374 267 1460 eloqui
281 1375 387 1459 licque
401 1375 546 1439 monebis
570 1374 737 1441 Sublimior
750 1378 829 1441 caim
839 1398 877 1440 cc
890 1377 989 1459 maycr
1002 1385 1052 1449 est,
1084 1398 1156 1437 uum

108 1461 1155 1632 ”ltull}ututttltlbfflllnt..ln

108 1633 221 1697 nucius
235 1655 304 1717 cap.
321 1632 418 1697 xxxii.
436 1634 466 1715 t.
485 1654 511 1696 1.
532 1655 624 1719 qaum
638 1633 721 1697 bouso
736 1634 838 1698 lecim
852 1656 999 1698 mosum.
1045 1633 1097 1697 Sic
1111 1632 1155 1697 ibi

108 1741 181 1783 cum
198 1718 310 1782 Fulvio
327 1718 447 1783 Ursino
461 1720 681 1806 expressimus,
699 1720 774 1805 quia
787 1720 907 1798 Cicero,
923 1741 1017 1805 quem
1037 1717 1154 1783 imitari

108 1804 191 1869 solet
215 1804 384 1879 Minucius,
399 1804 536 1869 habitare
557 1806 624 1870 lass
646 1827 704 1891 pro
727 1807 822 1870 domo
843 1829 902 1871 sua
915 1828 984 1891 cap.
994 1824 1047 1886 44.
1063 1804 1154 1869 dixit.

109 1890 243 1955 (lodices
263 1912 338 1955 vero
353 1912 462 1955 omnes
476 1891 635 1975 Cypriani,
652 1892 679 1956 si
700 1892 903 1979 transcripsit
926 1892 1073 1968 Felicem,
1089 1913 1155 1976 prae

108 1998 143 2041 se
158 1976 252 2042 latim
272 1976 389 2055 fenmt,
406 1984 443 2041 ut
462 1976 609 2041 dubitare
626 1978 774 2064 incipiam
791 2001 834 2043 an
853 2001 911 2042 nec
932 1978 1019 2063 prior
1033 1977 1094 2053 ille,
1111 1977 1155 2041 lo-

107 2064 179 2139 tias,
195 2070 233 2127 ut
249 2062 380 2127 Sabaeus
400 2072 433 2127 et
449 2063 503 2128 Fr.
516 2063 691 2129 Balduinus
710 2065 829 2150 legunt,
845 2064 1015 2150 scripserit.
1040 2063 1156 2128 Causs-

108 2171 186 2224 mus,
214 2148 365 2213 afferente
390 2149 559 2214 Lindnero.
603 2149 744 2236 Utrique
766 2151 890 2215 auctori
912 2150 1155 2215 adscribendum

108 2234 212 2299 Ιαωίαω
229 2235 385 2311 existim0‚
402 2237 486 2320 quod
508 2236 540 2299 in
558 2236 651 2301 trtius
667 2238 716 2301 vel
733 2237 837 2315 brius,
853 2237 913 2301 hoc
933 2236 1018 2301 enim
1034 2236 1156 2300 hebent

109 2320 210 2397 MSti‚
227 2321 318 2385 facile
333 2322 503 2386 transibat.
529 2322 746 2405 Jumflum'eec,
762 2330 893 2408 questus
907 2329 957 2387 est
971 2322 1057 2407 apud
1073 2322 1154 2406 Imp.

108 2406 344 2471 Diocletianum
360 2406 514 2484 Galerius,
529 2407 1159 2494 amwsqoindecbn,ia1llyricemcclad

106 2493 213 2578 ripam
227 2491 369 2557 Danubii
386 2514 416 2557 so
437 2493 600 2578 relocatum
613 2516 681 2559 erac
700 2494 835 2579 pertibus
853 2493 993 2559 barbares
1011 2494 1156 2557 lunatum

106 2601 175 2658 esse,
191 2600 283 2664 quma
297 2579 357 2643 alit
371 2579 455 2644 intro
469 2578 606 2644 laxiores
623 2590 651 2645 et
687 2582 825 2645 uictimas
843 2591 942 2645 terres
960 2580 1085 2645 delicate
1099 2582 1155 2644 tue

99 2673 260 2750 perureret.
299 2664 486 2730 Lactantius
500 2667 550 2729 De
564 2603 717 2730 Mortidas
731 2668 959 2731 Persecutorum
973 2689 1041 2751 cap.
1056 2668 1103 2730 18.

152 2751 192 2815 P.
206 2767 282 2835 374.
296 2752 317 2815 l.
334 2754 365 2814 6.
388 2750 450 2815 Dei
471 2752 659 2816 vccebulum
680 2760 785 2817 totum
807 2753 872 2841 est]
897 2753 1070 2816 Obscurius
1091 2752 1155 2815 dic-

106 2845 190 2902 tum.
235 2837 388 2902 Fortasse
408 2860 467 2923 pro
490 2835 582 2902 totum
601 2838 837 2903 rescribendum
857 2838 952 2902 solem
972 2844 1031 2901 est.
1075 2839 1155 2901 Pro

99 2924 178 3008 prio
193 2922 332 2987 vocabalo
351 2944 410 2987 uon
429 2923 563 3009 indique
578 2926 687 3001 Deam,
704 2925 751 2989 ait
772 2946 896 3010 quoque
915 2923 1103 2988 Lactantius
1122 2924 1156 2986 in

105 3010 250 3094 Epitome
264 3009 314 3072 his
331 3009 435 3073 verbis
453 3032 538 3087 usus,
554 3032 676 3095 euntque
695 3032 753 3074 csse
768 3012 833 3074 acc
846 3011 973 3089 oomirw,
988 3009 1068 3095 quod
1081 3032 1155 3095 pre

99 3096 179 3180 prio
201 3093 341 3159 asabim
370 3117 428 3159 noa
457 3096 594 3173 iadicem
641 3097 696 3160 uic
723 3096 804 3161 solas
830 3097 879 3173 sit,
903 3118 973 3181 cap.
991 3114 1023 3176 4.
1068 3096 1155 3159 Omi-

107 3188 222 3246 serunt
241 3202 349 3245 vocem
371 3182 495 3246 codices
515 3166 596 3245 Novi
614 3119 745 3268 dollegti
761 3201 790 3247 2.
803 3188 836 3247 et
847 3202 878 3266 3.
924 3182 1057 3246 Habent
1071 3185 1156 3246 Deus

107 3289 173 3331 non
185 3267 250 3331 Dei
259 3266 414 3332 editiones
425 3274 499 3352 post
522 3267 698 3332 Pamelium
709 3276 743 3333 et
755 3274 831 3332 ante
842 3268 1017 3345 Baluzium,
1028 3268 1082 3353 qui
1093 3268 1156 3333 Dei

107 3353 280 3418 revocavit.
310 3353 395 3417 Deua
409 3354 480 3418 MS.
497 3354 606 3439 Drury
617 3354 784 3432 recentior,
794 3356 857 3418 Dei
867 3361 975 3419 autem
989 3355 1154 3419 vetustior.

107 3440 223 3518 Porro,
240 3460 311 3503 cnm
333 3439 366 3502 in
387 3461 479 3503 versu
501 3440 645 3525 sequenti
667 3447 743 3505 ante
763 3463 870 3505 vocem
889 3441 1018 3524 dffmu
1038 3442 1155 3505 scriba-

107 3540 162 3589 tur
176 3526 242 3611 ipse
261 3547 319 3610 pro
337 3535 413 3589 totus
434 3526 466 3589 in
481 3526 702 3590 vetustissimis
716 3526 916 3605 editionibus,
933 3534 967 3591 et
988 3526 1021 3591 in
1043 3526 1156 3591 codicia

107 3612 169 3675 bns
184 3611 323 3711 quinque
333 3611 366 3674 in
381 3611 458 3676 edit.
471 3612 574 3676 Onon.
590 3613 853 3690 commemoratis,
864 3613 996 3699 aliisque
1010 3612 1156 3676 omnibus

110 3696 227 3776 Msus,
244 3697 358 3783 quibus
376 3697 409 3761 in
430 3697 491 3763 hoo
508 3698 612 3762 libello
627 3699 750 3762 edendo
771 3721 847 3762 usus
864 3721 943 3776 sum,
959 3720 1067 3764 vocem
1080 3700 1155 3783 abac,

109 3790 275 3870 praeeunte
290 3784 459 3863 Gronovio‚
475 3785 654 3869 ponendam
667 3784 786 3849 curavi.

153 3868 238 3935 Ibid.
265 3870 286 3933 l.
303 3888 332 3951 7.
355 3870 440 3933 Nam
465 3876 499 3935 et
520 3870 571 3935 vul
615 3870 686 3934 sin
707 3870 815 3935 multis
839 3871 944 3936 Deum
966 3868 1158 3935 naturaliter

109 3956 294 4041 confitetur]
323 3955 404 4020 Haec
420 3978 472 4019 res
491 3978 548 4041 pec
582 3956 640 4021 ieri
661 3956 886 4021 commentario
901 3955 1089 4022 Tertulliani
1105 3976 1155 4019 ar-

110 4048 298 4127 gumentum
311 4041 397 4119 fecit,
413 4042 570 4121 nimirum,
586 4044 626 4108 de
641 4041 837 4107 Testimonio
848 4043 973 4109 animae.
999 4043 1094 4107 Fam.

154 4126 240 4191 Ibid.
255 4128 277 4192 l.
293 4148 340 4208 14
364 4128 454 4209 Quor
468 4150 543 4193 vero
557 4136 591 4193 et
606 4128 752 4194 Ohristus
766 4129 818 4207 sit,
836 4130 908 4229 aa]
935 4130 974 4193 In
987 4128 1101 4207 verbis,
1112 4130 1157 4193 rio

110 4222 151 4279 eu
164 4212 248 4292 crdo,
262 4214 307 4278 sic
320 4214 410 4293 ratio,
425 4215 556 4279 verbum
570 4224 612 4279 est
625 4222 701 4280 ante
714 4215 795 4281 ratio
809 4216 918 4294 delevi,
933 4217 1018 4303 quod
1032 4215 1157 4280 addidit

111 4299 357 4367 reclamantibus
371 4300 495 4366 aoeteris
510 4300 665 4367 Balurius.
