2867 4817
281 303 346 366 318
538 298 770 364 FIRMIANI
795 297 1065 362 LACTANTII

366 473 416 537 Ut
430 471 518 558 pueri
533 470 669 536 inientes
685 471 827 547 credunt,
844 469 936 556 signa
949 469 1055 534 omnia
1068 469 1183 533 ebena

366 575 484 640 Vivere
497 583 531 640 et
544 597 613 640 esse
628 573 789 647 homines;
813 573 858 636 sio
871 571 927 638 isti
941 573 1047 636 omnia
1059 572 1137 636 ficta

366 681 451 744 Vera
464 685 590 765 putant,
605 677 739 742 crodunt
753 675 851 762 signis
864 698 920 740 eor
932 676 1035 740 inesse
1048 677 1082 739 in
1095 675 1228 748 ahenis;

368 782 505 870 Porgula
518 781 685 867 pictorum,
701 779 767 844 veri
781 779 867 856 nihil,
882 777 989 842 omnio
1002 777 1087 842 ficta.
1136 807 1144 818 ·

283 923 424 996 Tullius
441 945 579 1015 quoque
597 923 641 992 de
666 920 807 990 Natura
830 918 987 988 Deorum
1011 917 1262 990 cornmentitios
1288 940 1325 986 oc

273 1037 377 1134 fictos
393 1039 472 1111 deos
492 1040 652 1131 queritur
672 1037 847 1116 inductos,
865 1044 903 1105 et
923 1034 1006 1105 bine
1029 1036 1191 1104 extitisse
1205 1030 1325 1128 salsus

283 1157 470 1253 opiniones,
504 1176 702 1248 moresque
742 1149 956 1234 lurbrdentos
996 1159 1029 1221 ct
1066 1151 1326 1245 superstitiones

280 1295 366 1368 pene
383 1269 500 1342 aniles.
554 1271 642 1354 Quoe
667 1271 844 1340 sententia
868 1293 912 1339 eo
936 1269 1045 1340 debet
1065 1268 1207 1362 gravior
1228 1289 1324 1336 com-

283 1391 406 1484 parari,
429 1387 520 1484 (sor.
544 1389 751 1481 computari,
775 1384 923 1477 Duum),
944 1386 1038 1477 quod
1060 1385 1137 1455 lraec
1159 1385 1327 1456 disseruit

285 1514 322 1576 et
338 1505 567 1598 philosophus
582 1512 620 1573 et
634 1503 807 1574 sacerdos.

662 1732 773 1805 CAP.
799 1733 950 1806 XXIII.

336 1869 501 1942 Diximus
524 1869 568 1939 de
591 1870 667 1951 diis,
684 1891 779 1937 nuno
802 1866 846 1937 de
868 1869 994 1939 ritibus
1010 1891 1191 1939 sacrorum
1213 1869 1332 1939 cultu-

285 1986 401 2078 risque
426 1986 593 2056 dicemus
644 1984 727 2054 Jori
756 1983 895 2076 Cyprio,
921 1983 1012 2053 deut
1041 1982 1198 2054 Teucms
1231 1984 1332 2052 insti-

286 2110 413 2184 tuerat,
430 2100 584 2171 humane
602 2101 716 2170 hostia
732 2101 879 2170 mactari
896 2098 1042 2170 solebat.
1090 2099 1152 2170 Sic
1168 2109 1209 2170 et
1224 2100 1332 2170 Tauri

287 2215 411 2287 Dianoe
427 2218 583 2309 hospites
600 2215 841 2299 Immolabant,
859 2217 1009 2287 latiaris
1029 2240 1171 2309 quoque
1188 2217 1332 2309 Jupiter

286 2334 441 2404 humano
464 2335 634 2427 sanguine
658 2335 867 2427 propitiatus
892 2343 958 2404 est.
1008 2334 1127 2404 Etiam
1151 2344 1238 2404 aute
1268 2333 1333 2403 Sa-

288 2459 393 2521 turno
411 2451 628 2544 sexagenarii
644 2451 805 2519 homines
821 2473 866 2521 ex
887 2473 1035 2542 persona
1051 2448 1145 2545 (sor.
1162 2473 1333 2544 responso

287 2565 409 2637 Ducis.
422 2589 467 2636 ec
477 2563 636 2636 Lactaot.
648 2564 733 2637 Dio.
746 2563 835 2635 lust.
847 2564 871 2635 l.
883 2569 957 2658 21.)
965 2565 1146 2659 Apollinis
1159 2568 1206 2639 de
1222 2578 1335 2660 ponte

287 2685 324 2754 in
341 2683 496 2753 Tiberim
514 2682 778 2776 dejiciebantur.
813 2683 863 2753 Et
878 2685 994 2755 eidem
1012 2685 1166 2756 Saturno
1184 2686 1335 2756 cartha

287 2802 462 2894 ginienses
479 2823 549 2870 non
567 2801 674 2870 modo
691 2801 842 2871 infantes
857 2801 1114 2893 prosecrabant,
1132 2803 1196 2872 sed
1209 2804 1294 2872 victi
1309 2825 1335 2870 a

290 2916 428 2999 Siculis,
458 2927 500 2986 ut
529 2915 708 3009 piaculum
742 2916 930 3001 solverent,
958 2919 1129 2990 ducentos
1158 2919 1333 2989 nobilium

289 3033 380 3104 filios
397 3032 635 3104 immolarunt.
680 3033 761 3104 Neo
777 3034 839 3104 illa
855 3036 909 3106 his
925 3036 1132 3106 humaniora
1148 3044 1242 3116 sunt,
1255 3059 1335 3128 quas

291 3149 381 3219 fiunt
406 3149 514 3220 etiam
539 3173 633 3220 nunc
660 3149 772 3220 Matri
798 3150 942 3244 Magnos
967 3158 1074 3242 etque
1103 3149 1273 3234 Bellonae,
1294 3150 1334 3220 in
1431 3168 1432 3171 ’

292 3266 419 3358 quibus
436 3266 612 3335 antistites
629 3289 700 3335 non
721 3266 836 3337 alieno
856 3268 1035 3361 sanguine,
1051 3267 1113 3338 sed
1134 3291 1200 3338 suo
1217 3268 1334 3349 litant,

292 3407 374 3454 cum
399 3384 591 3474 amputatis
615 3382 828 3476 genitalibus
853 3407 877 3454 a
900 3385 982 3454 viris
1007 3386 1171 3478 migrant,
1196 3409 1263 3455 nec
1286 3386 1333 3454 ad

293 3500 453 3570 foeminas
477 3507 669 3580 transeunt,
699 3508 762 3570 aut
791 3500 897 3570 sectis
921 3500 1078 3570 humeris
1106 3501 1335 3572 detestabiles

294 3639 370 3688 aras
395 3617 534 3708 proprio
559 3639 682 3686 cruore
707 3625 924 3710 respergunt.
969 3616 1041 3686 Sed
1066 3615 1142 3686 haec
1168 3617 1333 3689 cmdelia.

296 3734 492 3805 Veniamus
514 3731 558 3802 ad
581 3732 691 3804 mitia.
739 3733 842 3803 Isidis
861 3755 958 3804 sacra
983 3733 1071 3803 nibil
1093 3733 1191 3804 aliud
1217 3744 1336 3805 osten-

296 3850 394 3932 dunt,
412 3850 478 3919 nisi
502 3849 801 3956 quemadmodum
821 3847 933 3919 filium
953 3873 1110 3942 parvum,
1127 3853 1188 3943 qui
1205 3852 1337 3922 dicitur
1431 3930 1432 3955 ,

296 3965 416 4048 Osiris,
429 3965 620 4057 perdiderit
633 3965 867 4036 etinvenerit.
897 3965 995 4036 Nam
1011 3969 1124 4059 primo
1136 3969 1337 4038 sacerdotes

295 4105 336 4151 ao
373 4083 534 4164 ministri,
570 4081 700 4152 derasis
740 4085 904 4154 omnibus
936 4085 1113 4166 membris,
1153 4087 1333 4176 tunsisque

293 4196 503 4285 pectoribus,
527 4197 709 4290 plangunt
734 4199 865 4284 dolent,
883 4209 1052 4294 quaerunt,
1073 4201 1240 4272 affectum
1258 4224 1333 4271 ma·
