2867 4817
302 300 347 364 82
637 294 1018 359 ANNOTATIONES

307 469 537 556 Hippolytcum
561 468 622 533 hoc
653 490 734 553 opus
762 488 835 532 cum
866 464 1005 531 Fabricii
1033 462 1118 528 notis
1147 462 1367 547 repetendum

306 557 437 633 curant,
459 555 542 619 alifis
566 560 724 640 praeterea
744 553 860 617 codicis
881 550 995 627 Graeci,
1012 572 1105 635 quem
1127 547 1285 613 detexisse
1307 547 1367 613 ait

308 643 499 709 Gulielmum
518 639 710 706 cardinalem
730 640 881 705 Sirletum
901 639 935 702 in
960 638 991 702 S.
1014 636 1124 701 Basilii
1149 634 1363 711 monasterio,

307 730 437 815 ejusque
462 726 641 793 meminisse
663 726 696 790 in
723 726 869 812 Epistola
891 725 1049 809 Liturpioe
1071 725 1104 787 S.
1128 721 1237 785 Marci
1261 742 1365 785 evan-

305 816 428 903 gelistae
457 813 628 900 praemissa.
667 813 742 876 Vid.
770 813 915 899 Prolegg.
948 808 1106 875 Gallandii
1135 808 1178 873 ad
1202 814 1280 873 com.
1309 806 1364 871 II.

306 924 465 1053 linum
511 900 678 965 Mortuum
702 899 838 984 denique
862 920 930 963 esse
956 898 993 962 cl.
1017 896 1157 973 Gavium,
1181 900 1365 978 anteqfflm

358 1011 375 1051 c
395 985 563 1072 Hippolyti
582 1008 603 1049 a
624 985 772 1050 Fabricio
794 986 904 1051 Graece
926 984 1014 1049 edito
1037 1004 1055 1047 e
1079 980 1205 1080 scriptis
1226 980 1364 1056 luerim,

306 1066 1366 1245 subtilitis&llfflltltlbtbdffl

306 1246 448 1311 tissimus
461 1246 566 1309 miuus
579 1252 666 1308 reete
680 1244 806 1310 statuit.

351 1332 387 1394 P.
404 1354 457 1409 49.
472 1331 491 1394 l.
511 1351 559 1396 10.
574 1330 608 1395 τὸ
622 1332 679 1407 μὲν
695 1330 784 1413 γένος
797 1332 844 1411 ἦν,
861 1331 1039 1415 Σμυρναῖος]
1058 1326 1257 1415 Smyrnaeum
1272 1325 1366 1393 Noli·

306 1426 376 1481 tum
399 1418 494 1481 fuisse
520 1418 567 1483 ait
588 1418 686 1481 etiam
712 1418 932 1483 Theodoretus
953 1414 1007 1477 lib.
1024 1415 1087 1479 ΙΙΙ.
1129 1414 1254 1479 Haeret.
1272 1414 1365 1479 Fab.

306 1526 373 1589 cap.
384 1524 416 1589 3.
432 1511 466 1568 et
481 1504 697 1568 Damascenus
710 1512 788 1569 sect.
799 1520 850 1588 57.
867 1503 920 1587 qui
935 1500 1016 1566 solet
1026 1502 1241 1587 Epiphanium
1255 1503 1364 1585 sequi,

306 1597 463 1655 ettamen
476 1591 563 1676 apud
577 1590 791 1675 Epiphaniam
806 1588 918 1653 haeresi
929 1604 983 1672 57.
999 1588 1086 1674 legas
1102 1587 1131 1650 N
1133 1595 1241 1652 clitum
1258 1587 1366 1652 fuisse

305 1676 451 1741 Ἀσιανὸν
464 1681 515 1755 τῆς
528 1674 663 1757 Ἐφέσου
677 1679 804 1744 πόλεως.
829 1676 928 1739 Fusa.
975 1674 1058 1739 Olim
1081 1674 1188 1739 notavi
1210 1672 1251 1737 ad
1267 1674 1363 1738 Μ·

304 1763 407 1911 paior.
424 1764 512 1826 Scor.
530 1761 590 1826 vol.
608 1761 653 1827 ΙΙ.
669 1764 724 1827 ubi
738 1763 874 1848 primum
888 1761 948 1825 hoc
963 1772 1060 1861 caput
1075 1759 1215 1845 opusculi
1231 1758 1365 1845 Hippo

316 1849 383 1933 ytei
404 1849 566 1932 usquead
589 1871 696 1913 vocem
714 1852 863 1927 συστῆσαι
885 1869 956 1912 oum
981 1847 1077 1912 titulo
1098 1845 1229 1911 donati
1249 1856 1365 1911 eontra

305 1936 439 1999 Noe'tom
461 1934 618 2012 collocavi,
638 1958 731 2020 posse
753 1958 835 2013 eum,
862 1934 916 2020 qui
943 1940 1016 1998 ortu
1044 1933 1226 2019 Smyrnaeus
1246 1932 1363 2011 fuerit,

307 2021 427 2106 Ephesi
442 2022 550 2085 sedem
563 2030 676 2107 postea
690 2022 795 2085 lixisse
810 2044 910 2085 suam.

350 2106 434 2171 Ibid.
450 2108 470 2171 l.
488 2128 537 2171 10.
554 2109 589 2171 οὐ
610 2108 667 2189 πρὸ
689 2114 806 2172 πολλοῦ
828 2110 938 2191 χρόνον
952 2104 1127 2189 γενομένας]
1147 2104 1362 2190 Praepositio-

305 2216 379 2259 nem
403 2194 461 2275 πρὸ
487 2194 576 2258 uncis
599 2193 726 2258 inclusit
749 2193 923 2269 Fabricius,
941 2192 1078 2278 'perinde
1103 2212 1141 2255 ac
1167 2191 1191 2255 si
1215 2191 1257 2255 ab
1278 2213 1364 2277 apo-

304 2281 428 2381 grapho
445 2280 727 2345 Moutsauconiano
745 2281 830 2343 idem
849 2280 983 2355 abesset,
1000 2276 1085 2363 quod
1100 2275 1227 2361 quidem
1240 2288 1364 2343 eontra

306 2367 425 2431 invenit
440 2367 473 2429 in
488 2366 595 2431 codice
609 2389 666 2430 suo
682 2366 856 2431 Turrianus
872 2365 1006 2430 Latinus
1020 2364 1186 2449 interpres.

351 2453 434 2517 Ibid.
457 2455 492 2517 οὐ
514 2453 572 2535 πρὸ
596 2458 714 2517 πολλοῦ
737 2454 846 2535 χρόνου
868 2449 1045 2535 γενόμενος]
1072 2449 1271 2536 Epiphanius
1297 2450 1362 2528 ais,

307 2539 449 2623 (Haeresi
464 2539 527 2603 lvii.
543 2560 629 2602 num.
645 2560 668 2603 ι.
684 2539 739 2603 ubi
761 2538 911 2603 nonnulla
932 2537 1054 2615 horum,
1071 2544 1108 2602 ut
1128 2536 1202 2613 dixi,
1218 2536 1363 2603 afferun-

305 2626 374 2707 tur)
391 2626 530 2689 No'dtum
550 2625 727 2711 prodidisse
749 2624 883 2690 haeresin
905 2644 995 2689 suam
1016 2630 1092 2688 ante
1113 2644 1213 2687 annos
1228 2622 1364 2689 circiter

304 2735 397 2775 cxxx.
414 2712 449 2775 οὐ
469 2712 527 2793 πρὸ
550 2714 624 2775 ἐτῶν
637 2712 796 2787 πλειόνων,
813 2710 882 2775 ἀλλ’
899 2712 938 2777 ὡς
959 2708 1017 2791 πρὸ
1037 2712 1148 2793 χρόνον
1169 2716 1228 2774 τῶν
1242 2711 1364 2774 τούτων

305 2798 413 2863 ἑκατὸν
441 2798 608 2880 τριάκοντα,
637 2799 732 2861 πλείω
755 2795 773 2875 ἢ
800 2796 935 2861 ἐλάσσω.
995 2795 1128 2881 Scripsit
1154 2796 1363 2881 Epiphanius

305 2906 389 2949 onno
405 2884 524 2949 Christi
545 2907 688 2948 occnxxv.
735 2882 797 2947 His
819 2883 845 2947 si
868 2891 995 2947 cautum
1018 2904 1056 2947 ac
1074 2882 1208 2967 triginta
1233 2883 1361 2958 demas,

305 2978 414 3035 manet
428 2992 530 3033 annus
544 2993 650 3033 ccxcv.
696 2971 777 3034 Mox
797 2970 880 3033 idem
902 2976 1042 3034 testatur
1057 2968 1207 3046 Noetum,
1224 2969 1363 3081 drappos

298 3056 666 3226 {hisilltinlipl‘l
688 3056 797 3207 Stil
816 3055 1231 3227 bulllfttitll
1259 3054 1362 3207 filil

305 3228 427 3292 dictum
441 3227 576 3304 ostendi,
592 3250 663 3311 quoe
679 3236 770 3293 extat
785 3229 871 3313 apud
891 3228 1115 3313 Epiphanium‚
1132 3227 1252 3293 iudicat
1266 3227 1361 3294 illum

304 3313 575 3377 narratiunculam
601 3336 691 3379 suam
717 3337 756 3379 οκ
779 3314 953 3380 vetustiore
983 3313 1089 3399 aliquo
1122 3322 1254 3380 auctum
1281 3320 1362 3381 κατὰ

305 3397 391 3477 λέξιν
406 3421 494 3463 more
508 3421 565 3463 suo
580 3401 801 3485 desumpsisse.

350 3484 431 3549 Ibid.
456 3485 475 3548 l.
504 3504 550 3551 η.
580 3488 739 3569 ἐπαχθείς]
764 3485 933 3568 Ἐπαρθεὶς,
958 3495 994 3552 ut
1019 3486 1094 3550 olim
1123 3486 1239 3563 monui,
1265 3508 1362 3573 repo-

305 3572 443 3636 nendum
465 3581 515 3637 est
530 3595 570 3637 ex
584 3572 732 3637 Turriani
752 3572 1112 3658 interpretationem
1134 3572 1242 3651 habet,
1258 3573 1363 3640 aliem

302 3658 432 3744 spiritus
444 3659 662 3723 sublimatione
675 3660 789 3723 elatus.

349 3744 432 3808 Ibid.
449 3745 470 3807 l.
492 3762 540 3827 17.
556 3747 574 3808 d
589 3746 717 3829 ἔλεγχος
731 3744 842 3831 αὐτῶν]
857 3744 1091 3831 Discipulorum
1106 3744 1212 3809 No'e'ti.

349 3830 389 3895 P.
404 3848 456 3915 50.
472 3831 492 3894 l.
512 3852 538 3893 1.
555 3832 702 3912 έκβλγςος
723 3830 882 3913 γεγένηται
904 3832 1013 3913 κλήρου
1035 3830 1362 3915 eylov]AOh1istia·

305 3938 419 3981 norum
438 3925 534 3995 coetu,
550 3939 614 3981 non
631 3918 743 3982 ordine
761 3938 862 3996 sacro,
878 3918 1019 4003 ejectus;
1044 3939 1119 3982 nam
1140 3917 1223 3981 inira
1245 3917 1359 3995 habes,

304 4006 373 4067 τότε
400 4008 507 4067 τοῦτον
536 4003 714 4086 ἐλέγξοντες
738 4002 871 4083 ἐξέωσαν
896 4008 947 4083 τῆς
975 4004 1141 4085 ἐκκλησίας.
1199 4003 1361 4069 Mendoso

307 4095 400 4153 extat
413 4090 498 4174 apud
515 4089 697 4153 Fabricium
711 4116 733 4172 γ
749 4116 833 4171 νηται
848 4112 906 4177 pro
921 4089 1090 4173 γεγένηται.

352 4174 433 4238 Ibid.
448 4174 470 4237 l.
486 4194 519 4259 3.
534 4173 666 4260 Ἀαρών]
694 4176 748 4241 Ita
774 4182 807 4241 et
833 4177 862 4241 Ε
885 4176 1040 4262 iphanius,
1068 4182 1102 4240 et
1125 4176 1359 4243 Damascenus.

307 4260 371 4325 Sed
393 4260 583 4325 Philastrius
606 4261 720 4327 haeresi
741 4282 794 4348 53.
819 4270 838 4299 “
881 4262 999 4328 o'ctiaui
1024 4261 1176 4327 insensati
1203 4264 1359 4349 (ἀνόητοι)
