2867 4817
466 316 613 383 LIBER
635 317 830 385 PRIMUS.
1101 322 1163 387 sol

121 490 315 583 quidsuis
341 492 474 564 animas
500 494 749 587 expiraverunt
773 495 897 567 rentii
927 498 1165 591 emortuisque

122 606 324 681 flaminibus
350 632 465 701 neque
492 610 620 681 οωΙιιῑη
649 619 847 682 emretatnr
878 610 916 681 in
944 613 1075 699 nubila,
1097 636 1164 687 neo

65 810 68 815 Ι
122 725 297 796 madidari
324 722 417 821 (sor.
442 726 635 822 madidata)
662 748 709 799 ex
732 728 904 800 imbribus
924 752 1008 801 arva
1027 752 1165 804 sueees-

122 849 213 913 ount
230 840 321 938 (for.
338 851 571 927 sueoresermt,
589 843 742 940 Anonli
759 844 1015 919 commendata
1030 851 1164 921 semina

122 957 232 1029 tellus
252 966 389 1029 mosset
410 959 592 1051 aeeiperel
616 968 680 1031 eut
700 961 922 1033 frondescere
941 962 1083 1037 arbores
1100 990 1164 1036 no-

122 1072 228 1147 lunt?
254 1072 366 1169 Sapor
390 1074 549 1169 frugibus
575 1076 774 1161 esculentis,
797 1084 836 1147 et
865 1078 946 1149 vitis
970 1079 1163 1173 liquoribus

122 1200 282 1263 mutatu
298 1193 376 1265 esti
402 1192 571 1265 Olaurum
587 1216 633 1265 ex
650 1194 806 1266 baoeulis
821 1218 925 1267 eruor
939 1205 1033 1268 teter
1047 1201 1163 1292 exp1i-

120 1310 254 1393 mitur3
290 1333 356 1383 neo
385 1310 511 1381 lumini
540 1310 825 1382 subministratur
852 1314 1035 1387 extincto?
1072 1314 1162 1387 Ani-

122 1426 231 1499 malia
262 1430 364 1499 terris
398 1436 507 1529 sueta,
541 1437 648 1522 atque
680 1431 720 1499 in
757 1430 855 1522 aquis
888 1430 1054 1523 degentia
1089 1454 1162 1503 non

121 1546 271 1629 suriunt,
288 1568 355 1616 nee
371 1546 597 1638 eoneipiuntl
622 1547 729 1617 foetus
743 1569 814 1618 non
831 1544 869 1616 in
879 1548 989 1619 uteris
1004 1557 1162 1643 sumptos

121 1663 196 1732 siris
217 1660 384 1746 moribus,
402 1669 440 1732 et
465 1684 529 1733 sua
550 1662 629 1756 lege
652 1662 880 1734 custodiunt?
906 1662 979 1756 Ipsi
1002 1664 1162 1736 homines

121 1778 275 1871 denique
304 1800 391 1870 quos
423 1800 487 1872 per
519 1778 766 1850 inhabitabiles
794 1802 873 1850 oras
903 1788 1005 1850 teme
1036 1782 1163 1873 sparsit

121 1895 236 1986 primu
269 1896 508 1988 incipiensque
537 1896 712 1979 nativitas,
745 1904 817 1966 non
848 1896 1073 1967 matrimonia
1103 1918 1162 1967 eo-

121 2009 247 2103 pulnnt
263 2012 464 2105 nuptiarum
481 2010 681 2083 solennibus
699 2012 830 2105 justis?
858 2034 929 2083 non
945 2012 1161 2084 dulcissimas

122 2138 308 2217 procreant
335 2127 525 2199 liberorum
541 2112 705 2222 'stirpest
737 2152 808 2199 non
837 2129 983 2223 negoma
1009 2128 1160 2222 publiea,

121 2264 195 2314 non
218 2247 363 2338 privata,
389 2254 426 2316 et
450 2245 638 2317 familiares
664 2266 720 2317 res
748 2246 883 2340 sgimtl
915 2266 997 2329 non,
1022 2254 1065 2317 ut
1088 2247 1162 2317 oui-

121 2384 192 2453 qne
217 2361 358 2433 libitum
381 2371 445 2447 est,
462 2386 525 2456 per
551 2364 704 2433 diversas
724 2362 863 2446 artium
886 2360 1162 2455 disciplinarum-

93 2494 98 2501 ·
121 2500 192 2569 que
207 2481 360 2550 rationes
376 2488 414 2551 et
433 2481 574 2574 ingenis
590 2479 756 2573 dirigtmt,
773 2487 812 2549 et
827 2479 983 2549 studiose
1004 2477 1161 2549 referunt

121 2596 319 2667 nativitatis
338 2580 484 2669 usurusl
509 2594 569 2687 (ul.
586 2620 631 2667 ee
649 2594 849 2689 sospitatem,
869 2592 998 2667 Orallio
1013 2618 1088 2667 eom
1109 2620 1161 2667 ae-

121 2720 251 2805 ptoeute,
279 2712 455 2783 Studiosae
487 2713 646 2785 referunt
662 2713 852 2808 gnautatis
872 2734 1015 2798 usuras3
1043 2734 1091 2783 on
1115 2710 1163 2785 lo-

117 2826 267 2925 peudum
285 2838 342 2913 est,
360 2829 507 2901 studiosi
523 2830 681 2901 referunt
697 2829 875 2901 nativitati
890 2829 1051 2924 usnresl)
1076 2828 1162 2899 Non

120 2945 287 3038 regnanti
304 2968 375 3015 non
387 2946 563 3039 imperant
575 2946 702 3038 quibus
712 2968 786 3017 sors
798 2968 915 3016 rerum
924 2946 1095 3017 attributa
1106 2954 1162 3017 est

120 3060 252 3132 talibus
271 3060 329 3152 (nl.
347 3062 483 3133 talium.
496 3061 574 3160 for.
596 3062 686 3147 talis,
705 3062 980 3160 &amputarat
1004 3084 1076 3135 non
1098 3086 1159 3133 au-

122 3179 251 3248 ctiores
274 3179 432 3269 quotidie
458 3180 698 3274 dignitatibus,
723 3187 762 3249 et
786 3178 1021 3271 potestatibus
1043 3179 1170 3279 fiunti.

120 3294 329 3375 iudiciorum
346 3294 658 3389 disceptationibus
679 3276 860 3388 presunt?
877 3293 973 3388 leges
988 3294 1159 3387 interpre-

121 3418 251 3494 tantur,
279 3419 317 3480 et
337 3412 442 3503 jura?
470 3410 600 3482 Nonne
630 3414 749 3483 omnia
776 3419 910 3494 catera
936 3411 1062 3503 quibus
1086 3411 1160 3481 uita

119 3532 336 3625 succingitur
367 3542 406 3602 et
434 3532 634 3602 continetur
666 3532 829 3613 humana,
863 3532 935 3600 suis
967 3550 1089 3601 omnes
1120 3531 1158 3600 in

118 3648 284 3742 gentibus
299 3648 492 3740 patriorum
509 3647 688 3719 eelebrent
700 3645 980 3719 institutionibus
994 3646 1157 3717 morum?

170 3763 242 3834 ΙΙΙ.
268 3762 360 3834 Cum
376 3764 485 3858 igitur
499 3764 578 3835 haeo
593 3765 646 3835 its
666 3764 749 3847 sint,
764 3784 880 3855 neque
899 3761 974 3833 ulla
994 3763 1158 3856 irruperit

118 3882 266 3964 novitus,
295 3902 372 3973 quoe
400 3888 561 3953 tenorem
589 3889 800 3975 perpetuum
827 3900 944 3951 rerum
974 3878 1158 3951 dissoeiata

118 3998 383 4069 eontinuatione
411 3998 612 4069 diduxerit:
653 3996 738 4090 quid
766 4005 823 4067 est
850 3996 956 4079 istud,
982 3997 1077 4089 qnod
1105 3997 1158 4068 di·

117 4113 235 4185 eitur?
261 4115 437 4187 investem
460 4138 536 4187 esse
560 4114 677 4187 labem
697 4115 810 4198 terris,
826 4119 1012 4215 postquam
1034 4112 1157 4207 religio

118 4234 317 4309 Christiana
339 4238 461 4311 intulit
485 4262 523 4311 se
547 4238 690 4321 mundo,
707 4246 746 4309 et
770 4237 927 4309 venatis
947 4236 1158 4309 abseonditae

600 4374 619 4413 κ
636 4352 692 4415 lta
835 4406 839 4417 .
