2867 4817
267 308 331 376 126
620 310 963 375 TERTULLlANI
1075 364 1076 367 ,

266 510 423 581 quosque
447 487 733 569 manifestandos,
758 484 892 557 scilicet
918 508 1006 577 quos
1031 508 1102 555 non
1133 486 1317 579 potuerint

266 604 468 695 depravare.
499 601 663 695 Denique
680 604 709 673 si
724 609 842 673 totum
859 600 1057 694 capitulum
1075 602 1119 671 ad
1137 602 1315 671 unitatem

266 719 526 803 continendam,
545 729 583 790 et
605 720 842 813 separationes
865 716 1077 789 coercendas
1100 716 1215 809 sapit3
1241 716 1317 787 hae-

265 857 360 905 reses
389 858 473 905 vero
501 857 574 905 non
602 836 720 905 minus
748 834 795 905 ab
823 836 961 905 unitate
991 832 1175 916 divellunt,
1206 856 1315 926 quam

266 951 456 1022 schismata
477 959 515 1022 et
538 952 789 1022 dissensiones:
816 952 891 1021 sine
914 950 1022 1020 dubio
1048 959 1085 1021 et
1107 950 1260 1021 haereses
1278 952 1347 1021 ins

266 1092 310 1141 ea
326 1069 528 1141 conditione
544 1068 825 1162 reprehensionis
843 1067 1048 1151 constituit3
1065 1068 1101 1136 in
1120 1090 1190 1159 qua
1206 1068 1319 1139 schis-

265 1195 364 1258 mata
385 1197 424 1259 et
449 1188 691 1258 dissensiones.
743 1184 800 1255 Ac
825 1209 889 1278 per
912 1184 981 1255 hoc
1006 1207 1078 1255 non
1104 1206 1164 1257 eos
1188 1182 1319 1279 proba-

266 1303 349 1376 biles
374 1304 469 1388 facit,
490 1305 551 1396 qui
573 1304 611 1374 in
633 1303 787 1375 haereses
812 1304 1029 1386 diverterint,
1053 1326 1135 1373 cum
1158 1304 1318 1373 maxime

106 1428 215 1505 1⁰0¹·ig
268 1422 395 1493 diverti
412 1423 458 1493 ad
481 1420 653 1514 ejusmodi
677 1420 875 1513 objurgans,
893 1428 931 1489 et
954 1420 1084 1490 docens
1106 1441 1218 1489 unum
1238 1444 1318 1490 orn-

104 1494 222 1542 Rm
266 1561 330 1610 nes
355 1537 464 1631 loqui,
489 1546 527 1608 et
552 1537 705 1630 idipsum
733 1560 878 1630 sapere;
907 1536 1002 1627 quod
1028 1537 1137 1606 etiarn
1162 1535 1317 1609 haereses
1334 1560 1371 1599 ιο

266 1678 338 1726 non
355 1656 486 1726 sinunt.

111 1793 252 1842 canui.
321 1771 401 1843 Nec
426 1772 560 1843 diutius
585 1772 630 1842 de
655 1773 734 1855 isto,
760 1773 789 1843 si
815 1771 910 1842 idern
936 1779 991 1842 est
1022 1770 1162 1856 Paulus,
1188 1774 1248 1865 qui
1277 1784 1316 1845 et

103 1857 158 1908 (Μ
171 1876 194 1907 ⁷⁶
268 1887 353 1960 alibi
378 1889 530 1961 haereses
553 1890 648 1960 inter
677 1888 830 1961 carnalia
859 1890 1005 1960 crimine
1031 1898 1205 1973 numerat,
1232 1894 1317 1961 scri-

105 2012 199 2063 Titffi·
213 2027 250 2063 ¹0·
267 2007 356 2078 bens
383 2006 429 2077 ad
460 2006 627 2090 Galatas,
666 2016 704 2077 et
734 2008 794 2099 qui
823 2006 905 2077 Tito
936 2006 1102 2101 suggerit,
1133 2006 1315 2078 hominem

267 2125 476 2195 haereticum
501 2132 582 2218 post
608 2124 759 2217 primam
786 2125 1044 2217 correptionem
1069 2127 1313 2211 recusandum,
1329 2150 1365 2207 15

266 2243 361 2335 quod
378 2264 561 2335 perversus
578 2243 625 2313 sit
641 2242 814 2335 ejusmodi
833 2249 870 2313 et
887 2242 1080 2335 delinquat,
1093 2250 1134 2311 ut
1151 2252 1316 2314 asemet-

265 2359 342 2451 ipso
367 2359 565 2429 damnatus.
615 2358 687 2429 Sed
712 2360 813 2428 etin
838 2360 936 2429 omni
960 2380 1064 2451 poene
1089 2357 1240 2451 epistola
1269 2360 1315 2429 de

266 2475 472 2547 adulterinis
511 2476 679 2548 doctrinis
718 2476 894 2570 fugiendis
934 2476 1123 2558 inculcans,
1162 2474 1315 2547 haereses

266 2599 377 2676 taxat,
404 2616 552 2685 quarum
578 2616 684 2686 opera
709 2600 792 2663 sunt
815 2592 987 2663 adulterae
1011 2593 1188 2665 doctrinae.
1226 2590 1315 2663 Hcs-

266 2732 356 2780 retea
382 2710 489 2781 dictae
514 2710 643 2781 Graeca
671 2733 759 2781 voce
789 2732 834 2780 ex
865 2710 1157 2803 interpretatione
1184 2708 1364 2783 electio-20

267 2824 333 2908 nis,
360 2849 429 2918 qua
454 2825 532 2918 quis
556 2827 631 2896 sive
655 2827 700 2897 ad
726 2826 970 2909 instituendae,
997 2826 1071 2896 sive
1096 2826 1140 2896 ad
1170 2826 1316 2920 suscipi-

201 2934 212 2947 '
268 2944 377 3013 endas
393 2964 462 3024 eas,
475 2942 599 3011 utitur.
635 2941 723 3013 Ideo
739 2950 776 3013 et
794 2942 859 3011 sibi
874 2944 1081 3012 damnatum
1095 2942 1186 3014 dixit
1203 2942 1316 3013 haere-

268 3059 390 3141 ticum,
407 3058 490 3150 qnia
506 3066 544 3128 et
566 3059 605 3128 in
628 3082 698 3150 quo
719 3060 916 3141 damnatur,
935 3060 1000 3129 sibi
1025 3059 1146 3155 elegit.
1199 3058 1315 3131 Nobis

268 3197 351 3244 vero
368 3172 456 3243 nihil
480 3196 526 3243 ex
550 3182 670 3245 nostro
693 3174 839 3245 arbitrio
862 3175 1029 3246 inducere
1050 3175 1145 3260 licet,
1162 3176 1223 3247 sed
1247 3200 1315 3247 nec

267 3287 399 3383 eligere
416 3290 511 3382 quod
527 3290 653 3383 aliquis
670 3293 715 3362 de
732 3292 875 3363 arbitrio
893 3314 956 3362 suo
974 3294 1163 3364 induxerit.
1215 3292 1316 3388 Apo-
1328 3322 1342 3360 2
1345 3318 1362 3380 5

268 3404 378 3477 stolos
398 3404 544 3477 Domini
567 3407 739 3479 habemus
761 3418 932 3492 auctores,
956 3410 1017 3501 qui
1040 3432 1106 3479 nec
1128 3411 1194 3504 ipsi
1218 3412 1317 3503 quic-

268 3545 376 3614 quam
400 3545 447 3593 ex
472 3546 536 3595 suo
560 3524 715 3609 arbitrio,
742 3528 836 3618 quod
863 3526 1081 3609 inducerent,
1109 3526 1315 3621 elegerunt:

269 3640 331 3711 sed
355 3650 539 3734 acceptam
564 3665 586 3712 a
611 3641 753 3713 Christo
779 3642 998 3735 disciplinam
1024 3642 1178 3714 fideliter
1202 3648 1317 3717 natio-

105 3778 189 3831 ont.
269 3755 374 3827 nibus
389 3758 672 3851 adsignaverunt.
706 3756 833 3851 Itaque
856 3760 993 3829 etiamsi
1017 3760 1162 3854 angelus
1180 3762 1225 3831 de
1246 3784 1318 3830 coe-

270 3873 313 3943 lis
330 3874 434 3945 aliter
455 3874 724 3969 evangelizaret,
748 3875 937 3946 anathema
960 3878 1135 3947 diceretur
1158 3900 1180 3947 a
1202 3878 1361 3960 nobis.3o

270 3988 477 4062 Providerat
500 3992 577 4084 jam
604 4000 691 4063 tuno
722 3991 875 4085 Spiritus
906 3992 1058 4064 Sanctus
1088 3993 1247 4063 futurum
1277 3994 1315 4064 in

107 4126 234 4183 accan.
269 4106 406 4199 virgine
442 4109 593 4200 quadam
634 4107 845 4180 Philumene
884 4108 1050 4204 angelum
1090 4109 1314 4195 seductionis

271 4222 578 4317 transfigurantem
604 4248 642 4295 se
671 4226 708 4295 in
738 4224 904 4320 angelum
934 4224 1043 4297 lucis:
1078 4226 1177 4317 cujus
1207 4227 1319 4318 siguis
