2867 4817
138 512 223 561 CAP.

138 578 227 627 XXII.

268 322 333 385 114
621 321 962 387 TERTULLIANI

320 496 391 581 Qui
416 499 468 569 ita
496 499 696 569 concedunt
724 496 818 595 (for.
847 497 1093 590 contendunt),
1121 497 1319 589 recogitare

269 614 402 685 debent
428 614 472 685 de
501 623 597 685 statu
620 615 783 686 vocabuli
811 616 929 708 ipsius,
958 614 1043 706 quid
1073 621 1127 684 est
1148 610 1275 682 mulier
1297 634 1320 683 a

268 732 391 823 primis
419 732 563 824 quidem
592 732 704 804 literis
730 742 931 803 sanctorum
960 732 1318 812 commentariorum

269 871 351 919 nam
377 851 562 919 inveniunt
588 848 681 945 (sor.
707 851 904 943 invenient)
936 871 1042 919 sexus
1072 870 1148 918 esse
1175 870 1318 929 nomen,

269 988 340 1036 non
356 965 506 1059 gradum
523 988 639 1037 sexus.
692 966 876 1057 Siquidem
895 966 1009 1037 Evam
1026 966 1183 1035 nondum
1201 966 1347 1042 virums

268 1090 452 1175 expertam
472 1082 571 1153 Deus
596 1080 773 1153 mulierem
799 1092 837 1153 et
855 1080 1031 1179 seminam
1054 1083 1319 1176 cognominavit

268 1197 374 1288 (Gen.
388 1201 423 1270 ii.
438 1204 527 1295 23.):
549 1200 746 1295 [feminam
764 1223 834 1293 qua
851 1222 957 1272 sexus
973 1198 1194 1295 generaliter,
1210 1198 1319 1269 muli-

266 1338 372 1399 erem,
390 1340 461 1409 qua
476 1318 605 1411 gradus
630 1340 737 1387 sexus
759 1317 967 1410 specialiter.
986 1313 1134 1407 delend]
1188 1315 1318 1407 Itaque

267 1429 360 1527 (for.
379 1433 437 1504 Ita
454 1435 550 1527 quia)
562 1434 638 1526 jam
657 1443 744 1504 tunc
765 1436 914 1526 innupta
931 1432 1047 1504 adhuc
1065 1432 1142 1503 Eva
1158 1432 1318 1504 mulieris

265 1550 437 1620 vocabulo
456 1549 549 1645 (for.
567 1551 634 1621 sub
651 1548 838 1641 vocabulo)
855 1550 934 1633 fuit,
953 1572 1142 1620 commune
1158 1550 1193 1619 id
1212 1572 1370 1620 roca-10

264 1666 389 1736 bulum
407 1677 445 1737 et
457 1669 582 1761 virgini
600 1667 736 1737 factum
755 1676 820 1737 est.
848 1666 928 1736 Nec
942 1668 1082 1749 mirum,
1093 1667 1122 1737 si
1136 1664 1317 1760 apostolus

266 1785 392 1855 eodem
410 1784 535 1877 utique
551 1786 676 1877 spiritu
693 1793 804 1867 actus,
822 1807 892 1876 quo
913 1808 995 1855 oum
1013 1785 1128 1854 omnis
1145 1783 1319 1875 scriptura

265 1901 503 1984 divinitatum,
521 1910 559 1970 et
576 1900 638 1971 illa
659 1899 752 1996 (for.
772 1901 899 1985 divina,
917 1910 996 1972 tum
1017 1911 1054 1972 et
1070 1900 1145 1993 illa)
1165 1900 1317 1971 Genesis

264 2018 402 2111 digesta
418 2026 482 2101 est,
501 2019 625 2088 eadem
644 2041 731 2088 voce
749 2041 833 2089 usus
851 2028 915 2101 est,
929 2018 1115 2088 mulierem
1132 2017 1314 2110 ponendo;

264 2155 345 2224 quae
380 2132 546 2227 exemplo
579 2133 675 2217 Evae,
702 2136 863 2226 innuptae
897 2142 935 2203 et
962 2134 1087 2227 virgini
1122 2140 1314 2225 competat.
1330 2156 1367 2215 ¹5

263 2248 393 2321 Cetera
410 2252 561 2343 denique
578 2274 650 2321 non
667 2259 795 2321 sonant
812 2248 907 2347 (sor.
925 2250 1147 2339 consonant),
1165 2272 1247 2321 nam
1274 2260 1314 2320 et

262 2366 331 2437 hoc
354 2369 440 2460 ipso,
459 2368 554 2459 quod
571 2369 723 2461 virgines
749 2390 821 2438 non
846 2368 1052 2450 nominavit,
1070 2368 1162 2438 sicut
1179 2366 1248 2438 alio
1274 2370 1313 2438 in

261 2482 349 2566 loeo,
367 2485 429 2555 ubi
452 2486 497 2555 de
522 2486 690 2556 nubendo
717 2485 832 2567 docet,
850 2486 934 2555 satis
957 2486 1128 2578 praedicat
1151 2485 1196 2555 de
1213 2487 1312 2555 omni

260 2600 418 2685 muliere,
436 2610 474 2672 et
492 2604 536 2673 de
554 2611 631 2672 toto
649 2624 738 2672 sexu
760 2602 906 2685 dictum,
924 2624 990 2672 nec
1009 2602 1215 2673 distinctum
1234 2624 1312 2672 esse

261 2718 354 2787 inter
370 2720 552 2813 virginem,
578 2719 722 2790 omnino
748 2741 819 2788 non
845 2718 1005 2789 nominat
1033 2715 1125 2813 (for.
1152 2720 1367 2790 nomina-20

259 2838 360 2929 tam).
387 2836 458 2921 Qui
476 2838 570 2907 enim
584 2835 668 2906 alibi
683 2836 899 2929 distinguere
912 2835 1085 2918 meminit,
1099 2835 1160 2904 ubi
1175 2834 1312 2907 seilicet

260 2950 458 3023 differentia
478 2953 644 3047 postulat,
663 2953 857 3045 distinguet
881 2960 1002 3022 autem
1026 2960 1214 3043 utramque
1232 2976 1313 3045 spe-

259 3069 350 3137 ciem
375 3070 447 3138 suis
471 3066 650 3139 vocabulis
675 3068 883 3160 designans3
920 3068 980 3137 ubi
1009 3091 1080 3138 non
1111 3068 1310 3163 distinguit,

259 3182 345 3253 dnm
370 3193 557 3276 utramque
583 3206 655 3253 non
685 3185 855 3267 nominat,
882 3182 1017 3253 nullam
1046 3182 1122 3253 vult
1145 3182 1311 3254 differen-

258 3299 345 3368 tiam
373 3299 534 3393 intelligi.
596 3299 716 3384 Quid?
753 3301 846 3391 quod
875 3300 1003 3371 Graeco
1034 3322 1204 3382 sermone,
1235 3324 1309 3392 quo
1323 3330 1360 3389 25

257 3412 378 3485 literas
403 3414 582 3509 apostolus
608 3417 702 3499 fecit,
722 3418 800 3487 usui
827 3428 881 3487 est
904 3416 1069 3487 mulieres
1088 3440 1213 3489 uocare
1230 3428 1308 3489 tam

256 3528 415 3611 feminas,
433 3530 471 3599 id
487 3539 543 3600 est
559 3538 722 3622 γυναῖκας,
740 3554 846 3623 quam
872 3531 1010 3613 θηλείας.
1063 3531 1179 3625 Igitur
1195 3533 1224 3602 si
1241 3556 1308 3625 pro

256 3668 363 3717 sexus
393 3649 537 3718 nomine
561 3647 773 3718 vocabulum
803 3648 898 3718 istud
926 3648 1179 3739 frequentatur,
1209 3651 1308 3741 quod

255 3771 311 3834 est
333 3764 625 3857 interpretatione
649 3788 713 3857 pro
741 3788 794 3848 eo,
817 3764 912 3858 quod
938 3773 993 3835 est
1018 3766 1159 3849 femina,
1177 3788 1306 3839 sexum

256 3882 461 3965 nominavit,
479 3882 600 3951 dicens
617 3890 764 3972 γυναῖκα.
818 3881 862 3952 In
887 3904 976 3953 sexu
1002 3890 1122 3953 autem
1149 3891 1186 3953 et
1203 3886 1305 3979 virgo
1316 3915 1361 3972 30

256 3998 475 4090 contingitur
491 3996 584 4093 (sor.
602 3999 829 4091 continetur).
878 3998 950 4069 Sed
967 4008 1004 4069 et
1021 3999 1208 4071 manifesta
1224 4025 1307 4094 pro-

255 4114 436 4190 nunciatio
465 4122 540 4185 est:
569 4113 701 4198 Omnia,
727 4116 852 4208 inquit,
875 4118 911 4203 (1
932 4116 1012 4187 Cor.
1034 4117 1082 4187 xi.
1101 4117 1151 4209 5.)
1179 4116 1306 4190 mulier

252 4228 417 4314 Moram,
434 4240 466 4303 et
489 4228 701 4326 prophetans
729 4233 852 4303 intecto
873 4232 983 4326 cupite
1007 4232 1185 4305 dedecorat
1202 4249 1308 4331 caput
