2867 4817
272 346 338 416 376
689 348 908 412 CANONES

271 522 388 619 μένοις
427 524 608 624 Καθαροῖς
641 521 849 616 ε’τίσκοτος,
885 519 951 620 τὴν
981 529 1045 600 τοῦ
1079 520 1329 625 πρεσβυτέρου

272 646 379 749 τιμὴν
396 648 477 755 ἕξει.
507 648 607 749 πλὴν
630 654 659 727 εἰ
684 648 735 748 μὴ
759 650 830 752 ἄρα
848 650 967 740 δοκοίη
985 655 1037 755 τῷ
1057 647 1244 757 έπισκόιιῳ
1262 654 1329 748 τῆς

271 780 376 876 τιμῆς
394 784 457 855 τοῦ
477 772 651 876 ὀνόματος
668 774 776 856 αὐτὸν
794 776 965 882 μετέχειν.
993 781 1023 855 εἰ
1042 776 1081 856 δὲ
1104 784 1211 856 τοῦτο
1228 778 1329 883 αὐτῷ

271 902 322 1004 μὴ
341 903 499 1005 ἀρέσκοι,
517 903 697 1004 ἐπινοήσει
714 901 826 984 τόσον
844 902 867 1004 ἢ
882 900 1158 1009 χωρετςισκέπου
1173 902 1196 1004 ἢ
1210 938 1328 1006 πρεσ-

271 1031 424 1135 βυτέρου
442 1029 529 1133 ὑπὲρ
547 1039 610 1111 τοῦ
628 1033 666 1110 ἐν
682 1036 734 1138 τῷ
752 1029 876 1139 κλήρῳ
894 1030 990 1115 ὅλως
1016 1034 1132 1111 δοκεῖν
1150 1028 1248 1129 εἶναι,
1267 1032 1354 1111 bas

271 1156 322 1260 μὴ
340 1162 377 1239 ἐν
395 1164 441 1266 τῇ
458 1155 562 1238 πόλει
581 1157 644 1237 δύο
662 1159 853 1239 ἐπισκοποι
870 1156 971 1239 ὦσιν.

653 1386 857 1461 ΚΑΝΩΝ
891 1387 939 1462 Θ.

329 1543 378 1623 Εἴ
392 1576 482 1627 τινες
500 1540 747 1649 ἀνεξετάστως
768 1539 1008 1645 προήχθησαν
1032 1541 1326 1646 πρεσβύτεροαῆ

272 1667 538 1775 ἀνακρινόμενοι
573 1666 818 1770 ὡμολόγησαν
849 1666 897 1747 roi
927 1668 1158 1771 ἡμαρτήμενα
1191 1672 1323 1769 αὐτοῖς,

272 1802 331 1879 καὶ
361 1798 668 1901 ὁμολογησάντων
693 1796 810 1875 αὐτῶν
839 1794 940 1900 παρὰ
966 1794 1098 1876 κανόνα
1123 1799 1326 1898 κινούμενοι
1340 1817 1375 1857 ¹0

270 1931 303 2005 oi
322 1924 515 2030 ἅνθρωποι,
532 1933 606 2009 τοῖς
629 1921 801 2007 τοιούτοις
824 1932 927 2028 χεῖρα
948 1926 1196 2005 ε’τιτεθεὺιασι.
1224 1925 1318 2012 τού·

270 2087 354 2138 τους
372 2056 392 2132 ὁ
411 2052 528 2133 κανὼν
549 2053 592 2131 οὐ
616 2052 813 2153 προσίεται.
836 2050 879 2133 τὸ
904 2050 975 2155 γὰρ
997 2053 1241 2152 ἀνετίλτμττον
1258 2056 1322 2134 ε’κ-

271 2181 397 2279 δικεῖὴ
416 2178 591 2279 καθολικὴ
609 2179 794 2279 ἐκκλησία

661 2407 863 2482 ΚΑΝΩΝ
897 2406 927 2481 Ι.

319 2558 435 2643 Ὅσοι
451 2564 779 2668 προεχειρίσθησαν
793 2568 867 2642 τῶν
878 2559 1215 2664 ταραταιτωκότων
1227 2561 1323 2643 κατὰ
1336 2597 1347 2636 1
1352 2599 1370 2655 5

270 2692 428 2794 ἄγνοιαν,
464 2687 488 2791 ἢ
526 2694 584 2771 καὶ
619 2672 836 2793 προειδότων
871 2696 943 2769 τῶν
978 2690 1322 2794 προχειρισαμένων,

268 2829 375 2901 τοῦτο
405 2820 447 2899 οὐ
478 2819 656 2922 προκρίνει
687 2822 740 2925 τῷ
772 2815 893 2898 κανόνι
924 2822 975 2924 τῷ
1012 2820 1316 2924 ἐκκλησιαστικῷ.

267 2947 489 3050 γνωσθέντες
505 2944 579 3049 γὰρ
593 2945 854 3048 καθαιροῦνται.

268 3173 319 3254 qui
331 3173 497 3233 nominatur
509 3171 587 3250 apud
598 3192 648 3230 eos
659 3172 770 3251 episco-
812 3172 1038 3245 discuterentur,
1053 3185 1169 3253 peccm
1179 3194 1231 3234 sue
1243 3195 1317 3233 oon·

218 3274 221 3284 ·
268 3274 334 3335 pus,
355 3254 492 3311 honorem
515 3252 687 3331 presbyterii
705 3272 771 3331 pos·
812 3253 880 3312 fessi
900 3264 979 3325 sunt,
1000 3265 1030 3313 et
1050 3255 1191 3320 homines,
1214 3266 1319 3315 contre

269 3333 385 3400 sidebit,
401 3333 456 3391 nisi
470 3333 547 3391 forte
558 3332 700 3411 placuerit
711 3333 773 3412 epi·
812 3354 936 3393 canones
954 3336 1100 3403 commoti,
1122 3356 1226 3394 manus
1244 3356 1315 3394 con-

268 3434 356 3493 scopo
367 3412 492 3472 nominis
503 3432 569 3471 eum
584 3413 693 3471 honore
702 3433 770 3471 cen·
812 3414 896 3474 fessis
931 3416 1080 3494 imponere
1113 3426 1316 3485 tentaverunt,

268 3495 334 3555 seri.
377 3493 410 3551 Si
431 3512 500 3552 vero
520 3493 575 3551 hoc
600 3494 627 3551 ci
651 3494 771 3553 minime
811 3494 885 3553 tales
899 3496 999 3573 regula
1012 3516 1072 3553 non
1089 3496 1230 3563 admittit,
1245 3497 1317 3574 quio

268 3576 419 3655 placuerit,
431 3573 593 3653 providebit
604 3574 630 3631 ei
645 3584 696 3631 aut
707 3594 770 3632 cor·
812 3575 890 3652 quod
912 3576 1168 3655 inreprehensibile
1189 3587 1243 3645 est,
1267 3598 1316 3637 ce·

236 3725 238 3731 ,
268 3656 452 3736 episcopatus
470 3664 521 3712 aut
540 3654 712 3733 presbyterii
727 3654 771 3713 lo.
812 3654 920 3714 tholico
934 3655 1067 3715 defendit
1080 3656 1209 3716 ecclesio.

268 3756 344 3804 cum,
363 3745 398 3794 ut
418 3736 449 3793 in
470 3734 547 3793 clero
568 3755 686 3814 prorsus
708 3755 771 3794 esse

267 3817 419 3875 videatur:
449 3835 487 3874 ne
510 3815 541 3872 in
565 3835 624 3873 uno
652 3815 770 3874 civitate
947 3785 1100 3845 CANON
1122 3786 1161 3844 X·

268 3897 327 3956 duo
354 3895 482 3977 episcopi
509 3896 668 3974 probentur
695 3895 770 3955 exis·
851 3890 1028 3969 Quicunque
1044 3891 1081 3949 de
1101 3889 1190 3969 lapsis
1210 3891 1247 3950 ad
1268 3913 1316 3952 or-

267 3989 339 4037 tere.
810 3971 907 4030 dinem
917 3970 986 4029 cleri
995 3972 1120 4050 promoti
1130 3984 1199 4031 sunt
1207 3993 1260 4052 per
1269 3994 1314 4052 1g

400 4106 552 4165 cliro
810 4051 1314 4194 ιιιιιιιιςὲκίςεαι

309 4212 343 4271 Si
363 4212 414 4290 qui
435 4211 596 4293 presbyteri
618 4212 680 4271 siue
701 4232 771 4271 exe·
811 4213 907 4271 csticae
926 4233 985 4270 non
1007 4213 1175 4291 prejudicat
1193 4216 1314 4293 regule,

267 4294 346 4353 minc
367 4303 436 4351 sunt
457 4292 597 4371 provecti,
619 4292 677 4363 vel,
703 4312 769 4351 curn
811 4293 919 4371 cogniti
934 4294 1261 4371 nomquedeponnntur.
