2867 4817
266 300 330 371 276
446 302 648 368 ARNOBII
672 304 921 369 ADVERSUS
944 304 1133 371 GENTES

265 488 379 549 morte
396 478 557 549 iunctum
579 479 811 573 ignominiosa
829 479 972 551 ridetis:
1002 504 1121 553 nonne
1139 482 1313 555 Liberum

265 605 303 665 et
333 618 395 665 vos
426 589 569 665 Patrem
603 595 828 665 membratim
861 597 907 667 ab
936 597 1071 669 Titanis
1094 596 1313 691 'dissipatum

266 712 424 783 fanornm
466 714 727 783 consecratione
762 714 949 785 mactatis?
985 713 1117 786 Nonne
1152 714 1316 785 ll'scula-

266 832 363 923 pium
380 831 653 900 medicaminum
677 839 902 923 repertorem,
920 840 1001 923 post
1020 830 1151 925 poenas,
1170 843 1208 903 et
1231 855 1318 925 snp-

265 947 370 1040 plicia
392 946 558 1029 fulminis,
575 947 760 1017 custodem
782 950 1046 1040 nuncupavistis
1066 960 1105 1019 et
1127 950 1316 1041 praesidem

266 1065 434 1145 sanitatis,
458 1062 679 1144 valetudinis,
697 1071 735 1133 et
758 1062 904 1135 salutis?
931 1064 1063 1135 Nonne
1082 1066 1200 1157 ipsum
1219 1064 1318 1135 Her-

265 1180 381 1251 culem
407 1202 575 1273 magnum
600 1178 786 1263 sacrifieiis,
809 1180 941 1263 hostiis,
960 1190 997 1251 et
1022 1181 1128 1251 thure
1152 1182 1317 1251 invitatis

266 1294 432 1365 incenso?
466 1318 572 1387 quem
605 1296 670 1387 ipsi
701 1319 764 1367 vos
797 1298 896 1368 fertis
925 1300 1046 1367 vivum
1076 1301 1202 1369 arsisse
1233 1308 1315 1391 post

265 1434 395 1504 poenas
437 1423 475 1481 et
519 1421 782 1483 concrematum
823 1415 861 1483 in
903 1415 1053 1485 funestis
1094 1414 1316 1485 busticetis?

267 1527 398 1597 Nonne
416 1525 516 1595 illum
530 1525 643 1619 Atym
657 1526 832 1622 Phrygem
851 1530 1052 1613 abscissum,
1066 1539 1104 1601 et
1120 1529 1315 1623 spoliatum

267 1646 341 1714 viro
383 1643 526 1737 Magnae
562 1642 692 1713 Matris
732 1645 769 1713 in
808 1646 921 1739 adytis
961 1647 1068 1716 deum
1108 1648 1316 1739 propitium,

267 1761 373 1830 deum
399 1770 559 1831 sanctum
586 1759 770 1831 Gallorum
796 1762 1076 1834 conclamatione
1105 1765 1315 1833 testamini?

269 1876 400 1947 Nonne
423 1872 538 1968 ipsum
564 1875 759 1946 Romulum
787 1876 942 1961 Patrem,
969 1890 1172 1951 senatorum
1201 1881 1317 1949 mani-

267 1994 334 2063 bus
351 1991 579 2063 dilaceratum
598 2002 752 2075 eentum,
771 2002 808 2063 et
829 1992 1016 2076 Quirinum
1041 2016 1118 2065 esse
1136 1992 1316 2064 Martium

269 2108 394 2193 dicitis,
416 2118 453 2179 et
479 2109 718 2179 sacerdotibus
742 2118 780 2177 et
802 2107 1041 2201 pulvinaribus
1062 2110 1255 2193 honoratis,
1276 2120 1317 2181 et

268 2230 305 2298 in
335 2224 467 2297 aedibus
496 2226 648 2297 adoratis
671 2225 903 2317 amplissimis,
927 2237 964 2297 et
989 2236 1069 2319 post
1093 2227 1169 2297 haec
1194 2230 1317 2298 omnia

268 2342 397 2415 eoelum
420 2340 616 2414 ascendisse
632 2342 785 2435 juratis?
810 2341 888 2412 Aut
911 2344 1019 2436 igitur
1042 2344 1177 2414 ridendi
1195 2353 1234 2413 et
1252 2366 1316 2413 vos

266 2462 359 2543 estis,
373 2462 432 2553 qui
450 2460 610 2531 homines
622 2460 834 2553 gravissimis
851 2460 1064 2529 cruciatibus
1080 2461 1316 2553 interemptos

267 2577 351 2646 deos
377 2574 520 2669 putatis,
546 2586 583 2646 et
607 2575 742 2645 colitis:
768 2584 840 2657 aut,
867 2575 895 2645 si
921 2584 1018 2645 certa
1042 2587 1098 2645 est
1122 2575 1224 2657 ratio,
1249 2598 1318 2645 cur

267 2694 302 2762 id
337 2692 435 2765 vobis
469 2692 668 2763 faciendum
704 2692 860 2785 putetis:
907 2702 945 2761 et
979 2692 1080 2762 nobis
1114 2693 1316 2783 permittite

267 2813 365 2894 scire,
383 2812 510 2904 quibus
527 2811 622 2881 istud
641 2811 764 2891 causis,
782 2809 1045 2901 rationibusque
1062 2810 1244 2879 faciamus

317 2926 440 2998 XLII.
465 2926 604 2997 Natum
632 2926 813 2997 hominem
837 2926 962 2997 colitis.
1015 2926 1189 2997 Etiamsi
1219 2938 1317 2999 esset

267 3045 302 3114 id
321 3067 442 3113 verum
460 3044 560 3135 (locis
578 3045 671 3113 utin
694 3044 930 3136 superioribus
948 3043 1082 3113 dictum
1104 3046 1174 3136 est)
1192 3052 1315 3115 tamen

266 3183 329 3253 pro
353 3160 484 3242 multis,
503 3168 631 3229 ettam
657 3159 861 3230 liberalibus
878 3160 987 3241 donis,
1005 3182 1083 3251 quse
1103 3161 1210 3231 abeo
1233 3186 1315 3254 pro·

266 3278 361 3347 fecta
384 3279 422 3346 in
446 3277 547 3347 nobis
573 3285 665 3359 sunt,
684 3276 783 3347 Deus
800 3277 871 3346 dici
894 3275 1132 3369 appellarique
1154 3279 1315 3349 deberet.

267 3394 358 3465 Cum
384 3417 468 3465 vero
495 3393 593 3464 Deus
619 3396 665 3465 sit
691 3417 730 3464 re
755 3403 861 3474 certa,
887 3402 925 3463 et
949 3394 1025 3464 sine
1051 3393 1158 3464 ullius
1174 3396 1319 3466 dubita

268 3510 373 3579 tionis
411 3511 588 3603 ambiguo,
628 3510 843 3580 inficiaturos
876 3509 1093 3580 arbitramini
1128 3534 1193 3581 nos
1226 3535 1315 3595 esse,

268 3648 373 3717 quam
408 3628 564 3697 maxime
601 3624 703 3695 illum
743 3650 765 3696 a
803 3626 905 3696 nobis
942 3625 1023 3706 coli,
1058 3636 1096 3696 et
1129 3630 1314 3719 praesidem

268 3744 377 3821 nostri
403 3745 557 3836 corporis
586 3743 806 3835 nuncupari?
841 3742 991 3837 Ergone,
1022 3745 1159 3835 inquiet
1187 3744 1314 3838 aliquis

268 3860 397 3942 furens,
423 3860 541 3942 iratus,
568 3868 605 3929 et
630 3861 794 3952 percitus,
821 3858 921 3929 Deus
949 3858 1011 3929 ille
1041 3868 1095 3929 est
1125 3860 1315 3931 Christus?

270 3974 370 4045 Deus
398 3977 698 4068 respondebimus,
734 3986 772 4047 et
804 3977 1010 4046 interiorum
1045 3974 1141 4071 (sor.
1174 3978 1315 4048 inferio-

269 4094 362 4185 rum)
396 4094 635 4184 potentiarum
673 4091 789 4163 Deus:
832 4100 880 4174 et,
916 4092 1009 4184 quod
1045 4094 1157 4187 magis
1187 4094 1314 4165 infidos

269 4208 498 4279 acerbissimis
523 4208 702 4279 doloribus
731 4217 904 4300 torqueat,
933 4209 984 4279 rei
1014 4210 1178 4279 maxime
1208 4234 1313 4282 causa
