2867 4817
481 311 547 374 DE
571 312 832 377 ORATIONE.
1122 312 1182 374 lar

134 484 239 566 novit,
252 485 320 555 uisi
338 484 592 555 destructorum
608 487 744 556 animas
762 486 806 556 de
824 486 899 578 ipso
918 486 1041 555 mortis
1057 487 1185 557 itinere

134 624 265 683 vocare,
292 601 429 673 debiles
452 603 653 684 reformare,
679 624 794 696 aegros
823 602 1027 685 remediare,
1053 602 1185 675 daemo-

131 718 248 789 uiaoos
263 720 421 812 expiare,
439 719 594 790 claustra
610 720 758 807 carceris
774 721 920 811 aperire,
932 718 1072 790 vincula
1085 721 1185 790 inuo-

129 836 287 905 oeutium
313 836 463 906 solvere.
516 835 653 906 Eadem
676 835 782 908 diluit
808 836 947 921 delicta,
967 837 1183 909 tentationes

104 951 279 1044 5repellit,
296 953 592 1045 persequutiones
617 953 806 1047 extinguit,
833 951 1074 1051 pusillanimos
1100 977 1184 1024 con-

127 1068 271 1153 solatur,
288 1070 537 1163 magnanimos
554 1070 721 1153 oblectat,
739 1070 1002 1163 peregrinantes
1028 1071 1181 1153 deducit,

127 1184 257 1257 duetus
282 1186 437 1280 mitigat,
462 1185 617 1257 latrones
642 1188 889 1281 obstupefacit,
911 1186 975 1257 alit
1000 1210 1180 1281 pauperes,

127 1306 216 1397 regit
252 1302 351 1399 (sor.
386 1304 521 1396 dirigit)
550 1304 686 1387 divites,
722 1303 837 1397 lapsos
871 1305 984 1399 erigit,
1015 1304 1181 1375 cadentes

125 1422 324 1515 suspendit,
341 1430 478 1491 stantes
503 1421 673 1491 continet.
726 1420 851 1491 Oratio
878 1444 1000 1491 murus
1017 1430 1072 1492 est
1088 1422 1181 1506 fidei,

85 1560 221 1608 roarma
238 1547 281 1608 et
298 1538 374 1608 tela
389 1546 511 1608 nostra
530 1536 696 1607 adversus
721 1536 902 1608 hominem
921 1534 1013 1632 (sor.
1031 1538 1181 1621 hostem,

126 1652 330 1747 Mur),
348 1657 409 1747 qui
433 1676 499 1725 nos
523 1656 681 1747 undique
706 1654 879 1725 observat.
933 1653 1060 1747 Itaque
1081 1678 1183 1725 num-

123 1794 232 1863 quam
249 1774 408 1842 inermes
425 1772 640 1843 incedamus.
667 1770 737 1842 Die
750 1772 920 1857 stationis,
931 1781 1038 1844 nocte
1051 1772 1181 1868 vigiliae

122 1890 408 1961 meminerimus.
460 1888 537 1959 Sub
565 1889 672 1959 armis
698 1890 867 1960 orationis
896 1890 1037 1984 signum
1071 1890 1181 1961 nostri

121 2008 355 2100 imperatoris
378 2007 627 2089 custodiamus,
653 2007 777 2077 tubam
805 2006 922 2101 angeli
950 2015 1181 2099 expectemus

84 2133 283 2206 asstantes
335 2122 450 2194 Orant
478 2124 587 2194 etiam
617 2123 735 2219 angeli
762 2146 895 2195 omues.
947 2124 1038 2195 Orat
1067 2127 1181 2197 omnis

121 2249 305 2313 creatura
333 2239 448 2311 Orant
463 2242 618 2334 pecudes
634 2250 672 2311 et
689 2241 785 2325 ferae,
803 2250 841 2312 et
857 2264 974 2335 genua
990 2240 1180 2326 declinant,

121 2368 160 2429 et
189 2356 420 2451 egredientes
449 2358 495 2427 de
523 2356 672 2428 stabulis
696 2381 739 2428 ac
769 2354 955 2451 speluncis,
979 2356 1024 2428 ad
1050 2357 1180 2429 coelum

121 2498 197 2547 nou
230 2476 338 2545 otiosi
365 2472 458 2570 (sor.
489 2476 614 2545 otiosae
643 2472 851 2569 Marmora)
887 2497 947 2544 ore
974 2475 1180 2566 suspiciunt,

121 2593 311 2664 vibrantes
353 2590 446 2687 (for.
485 2591 681 2683 suspiciunt
720 2592 906 2681 vibrante)
949 2592 1073 2683 spiritu
1117 2614 1180 2661 suo

79 2730 276 2779 aomovere
302 2705 394 2803 (sor.
424 2712 616 2802 movente).
669 2706 808 2779 Sedet
837 2730 920 2778 aves
953 2732 1047 2779 nuno
1077 2732 1182 2779 exur-

120 2835 256 2922 gentes
286 2826 470 2919 eriguntur
493 2826 537 2895 ad
563 2824 704 2909 coslum,
726 2834 764 2895 et
789 2824 924 2895 alarum
951 2848 1091 2896 crucem
1117 2848 1181 2918 pro

121 2944 295 3015 manibus
322 2945 533 3026 extendunt,
558 2950 596 3013 et
625 2943 750 3014 dicunt
777 2942 920 3035 aliquid,
948 2942 1043 3033 quod
1068 2942 1180 3012 oratio

124 3061 303 3133 videatur.
354 3060 451 3144 Quid
481 3080 566 3154 ergo
592 3059 745 3153 amplius
773 3062 817 3131 de
845 3058 960 3130 officio
987 3059 1180 3131 orationis?

127 3178 250 3253 Etiam
268 3178 346 3270 ipse
362 3177 540 3248 Dominus
555 3178 678 3262 orarit,
696 3180 754 3251 cui
772 3179 818 3250 sit
835 3177 948 3251 honor
964 3184 1002 3247 et
1015 3176 1126 3249 virtus
1142 3178 1180 3251 iu

80 3296 246 3385 25secula
262 3294 476 3369 seculorum.
