2867 4817
230 327 413 391 NICAENI
438 328 655 395 CONCILII
681 330 1014 397 UNIVERSALIS.
1081 335 1146 400 375

482 622 685 697 ΚΑΝΩΝ
715 624 764 700 Η.

150 782 244 882 Περὶ
262 785 334 859 τῶν
348 776 592 881 όνομαῷντων
605 777 670 878 μὲν
684 780 829 866 ἑαυτοὺς
844 781 1036 886 Καθαροιίς
1048 816 1146 880 ποτε,

91 906 395 1011 προσερχομείιων
421 906 458 989 δὲ
483 916 528 1015 τῇ
554 913 728 1011 καθολικῇ
753 912 813 988 καὶ
839 912 1067 1015 ἀποστολικῇ
1090 911 1148 989 ε’κ-

91 1034 243 1141 κλησίᾳ,
274 1034 375 1141 ἔδοξε
405 1041 450 1142 τῇ
483 1037 570 1144 ἁγία
603 1036 661 1115 καὶ
692 1034 836 1141 μεγάλη
867 1033 1023 1144 συνόδῳ,
1050 1034 1146 1118 ὥστε

66 1162 422 1267 5χειροθετουμένους
446 1164 573 1247 αι’ποὺς
591 1160 707 1261 μένειν
732 1164 842 1247 οὕτως
868 1166 982 1272 ἐντῷ
1008 1164 1143 1274 κλήριρ.

90 1290 166 1393 πρὸ
192 1289 338 1371 πάντων
362 1289 399 1371 δὲ
423 1300 529 1371 τοῦτο
552 1291 780 1391 ὁμολογῆσαι
804 1289 930 1375 αὐτοὺς
955 1290 1146 1399 ἐγγράφως

90 1416 280 1520 προσήκει,
312 1417 365 1497 ὅτι
393 1416 638 1520 συνθήσονται
665 1418 725 1495 καὶ
754 1417 1046 1519 ἀκολουθήσουσι
1072 1428 1146 1504 τοῖς

90 1550 157 1645 τῆς
186 1550 378 1645 καθολικῆς
406 1548 465 1627 καὶ
488 1547 735 1643 ἀποστολικῆς
758 1546 951 1646 ἐκκλησίας
975 1546 1146 1649 δόγμασι,

91 1676 189 1755 τοῦτ’
226 1673 316 1763 ἔστι,
346 1678 405 1754 καὶ
432 1674 595 1777 διγείμοις
622 1680 811 1770 κοινωνεῖν,
838 1676 898 1753 καὶ
930 1680 1004 1759 τοῖς
1030 1677 1070 1754 ἐν
1094 1682 1148 1784 τῷ

48 1805 243 1909 ΙΟδιωγμῷ
264 1800 604 1904 παραπεπτωκόσιν·
632 1800 687 1905 ἐφ’
707 1794 759 1877 ὧν
779 1802 838 1877 καὶ
863 1797 992 1903 χρόνος
1017 1801 1142 1882 τέτακ·

92 1964 164 2028 ται,
188 1932 248 2009 καὶ
270 1927 391 2033 καιρὸς
409 1925 570 2032 ὥρισται·
598 1923 694 2007 ὥστε
719 1923 848 2009 αὐτοὺς
871 1930 1090 2026 ἀκολουθεῖν,
1108 1931 1146 2008 ἐν

92 2064 201 2154 πᾶσι,
223 2064 296 2141 τοῖς
322 2053 482 2159 δόγμασι
505 2059 569 2155 τῆς
601 2057 795 2151 καθολικῆς
823 2054 1030 2153 ἐκκλησίας.
1061 2054 1148 2135 ἔνθα

92 2185 161 2285 μὲν
189 2186 252 2265 οὖν
277 2183 408 2270 πάντες
438 2184 509 2283 (for.
528 2181 662 2289 πάντη)
686 2180 754 2261 εἴτε
781 2183 819 2261 ἐν
846 2181 991 2281 κόμαις,
1017 2182 1084 2264 ε’ίτε
1108 2186 1147 2263 ἐν

91 2311 251 2393 πόλεσιν
277 2313 377 2392 αὐτοὶ
401 2309 504 2412 μόνοι
531 2312 751 2413 εὑρίσκοιντο
778 2310 1089 2413 χειροτονηθέντες,
1113 2316 1146 2390 οἱ

51 2467 82 2528 15
93 2438 349 2545 εὑρισκόμενοι,
367 2442 405 2520 ἐν
422 2446 474 2548 τῷ
491 2438 615 2547 κλήριρ
638 2438 783 2517 ἔσονται
799 2438 837 2515 ἐν
862 2444 914 2541 τῷ
931 2437 1028 2544 αὐτῷ
1046 2436 1142 2541 σχή-

92 2603 194 2669 ματι.
224 2566 316 2648 εἰδὲ
341 2576 405 2649 τοῦ
428 2572 491 2667 τῆς
516 2569 710 2663 καθολικῆς
727 2564 922 2665 ἐκκλησίας
947 2564 1146 2645 ἐπισκόπου

92 2694 117 2797 ἦ
140 2696 390 2801 πρεσβυτερου
412 2693 515 2781 ὅισος
538 2692 806 2799 προσέρχονταί
824 2725 926 2789 τινες,
951 2689 1146 2793 πρόδηλον,

93 2828 146 2909 ὡς
173 2827 193 2904 ὁ
216 2822 282 2924 μὲν
306 2826 501 2907 ἐπίσκοπος
528 2826 591 2923 τῆς
615 2822 809 2917 όεκλησίας
836 2819 908 2926 ἕξει
934 2817 977 2899 τὸ
1004 2818 1147 2925 ἀξίωμα

93 2960 162 3033 τοῦ
188 2952 398 3034 ἐπισκόπου·
430 2954 450 3032 ὁ
474 2949 513 3031 δὲ
536 2946 793 3052 ὀνομαζόμενος
817 2945 918 3050 παρὰ
942 2953 1016 3031 τοῖς
1039 2956 1148 3048 λεγο-

206 3211 358 3273 οΑΝοΝ
379 3212 471 3272 vm⁴
641 3158 1146 3317 affiffissssssssizfflssffsilssffi

139 3320 188 3378 De
207 3318 261 3384 his.
276 3318 326 3397 qui
346 3338 376 3376 se
396 3316 601 3396 cognominant
642 3320 781 3380 definita:
804 3330 839 3377 ut
850 3320 892 3378 ita
905 3318 1032 3377 ecelesia
1046 3318 1146 3377 catho-

96 3400 251 3469 Catharos,
266 3398 297 3457 id
311 3408 355 3457 eat
366 3398 499 3466 mundos,
513 3397 536 3455 si
548 3396 599 3455 ali·
642 3400 705 3460 licoe
727 3411 757 3460 et
779 3398 945 3479 apostolicae
969 3399 1076 3478 placita
1099 3420 1145 3459 ae-

96 3480 217 3559 quando
241 3480 371 3538 venerint
395 3478 432 3537 ad
452 3478 600 3539 ecclesiam
642 3492 770 3559 quantur
782 3480 813 3537 in
827 3480 970 3538 omnibus.
1013 3480 1145 3538 Ubicun-

96 3560 281 3629 catholicam,
309 3560 420 3697 {lacuit
447 3570 547 3618 sancto
571 3569 602 3618 et
642 3560 1145 3642 quevero,a1va1nc1v1tat1buasive

97 3660 205 3719 magno
232 3640 313 3699 conci
325 3640 354 3699 io
382 3650 416 3699 ut
439 3638 601 3719 impositio·
643 3640 768 3702 castellis
778 3642 833 3719 ipsi
845 3640 899 3699 soli
913 3640 1022 3718 reperti
1032 3640 1144 3699 fuerint

97 3742 167 3781 nem
188 3740 291 3780 manus
311 3720 485 3800 aocipiantes
509 3718 602 3779 sicin
642 3723 785 3782 ordinati:
818 3722 868 3799 qai
896 3719 1087 3795 inveniuntur
1113 3720 1146 3779 in

97 3802 179 3861 clero
192 3812 390 3881 permaneant.
419 3800 494 3860 Hanc
503 3812 601 3859 autem
643 3802 730 3871 clero,
740 3802 771 3860 in
782 3800 883 3861 eodem
897 3801 999 3860 habitu
1010 3820 1145 3879 perseve-

97 3902 160 3961 prae
181 3882 316 3941 omnibus
336 3902 386 3941 eos
404 3882 519 3961 scriptis
533 3902 602 3940 oon-
643 3894 709 3943 rent
718 3905 728 3953 ;
747 3883 798 3942 ubi
823 3892 922 3940 autem
936 3879 1085 3941 catholica
1098 3901 1146 3941 ec·

98 3963 183 4021 venit
201 3963 340 4041 profiteri,
355 3962 433 4041 quod
454 3961 602 4022 catholica
643 3964 737 4023 cleaiae
751 3964 897 4042 episcopo,
915 3959 963 4019 vel
975 3962 1145 4041 presbytero

99 4056 131 4103 at
144 4042 309 4123 apostolieae
323 4043 449 4103 ecelesia
469 4044 603 4123 dogmata
643 4044 804 4104 constituto
814 4043 931 4121 quidam
941 4060 978 4100 ex
988 4041 1144 4101 illinadve-

98 4124 260 4204 suscipiant
295 4135 325 4183 et
355 4135 523 4202 sequantur.
565 4122 603 4183 Id
643 4125 748 4183 niunt:
777 4135 889 4183 certum
911 4132 965 4192 eat,
985 4122 1064 4199 qnod
1082 4124 1145 4203 epi.

97 4215 153 4275 eat,
178 4215 209 4263 et
237 4205 358 4284 bigamia
384 4225 414 4265 se
439 4207 600 4265 communi·
643 4225 747 4282 scopus
776 4204 905 4265 eocloaioe
937 4202 1055 4263 habebit
1082 4204 1145 4284 epi.

97 4306 173 4355 aare,
184 4295 216 4345 et
229 4284 284 4355 his,
296 4286 347 4364 qui
358 4287 388 4345 in
399 4286 602 4362 peraecutione
643 4286 722 4366 scopi
750 4285 932 4365 dignitatem.
975 4284 1006 4344 Ia
1035 4295 1145 4352 autam,
