2867 4817
279 356 342 423 146
629 355 974 427 TERTULLIANI

146 571 193 605 m.
204 557 253 606 xa.
280 533 474 604 Dominum
492 536 583 606 tradi
601 535 808 626 oportebat3
834 536 896 606 sed
914 560 964 607 ver
981 536 1164 607 traditori:
1186 560 1233 607 ne
1249 538 1329 629 quis

279 652 388 720 etiam
404 649 488 720 hinc
505 650 657 721 haereses
675 650 853 722 defendat.
908 650 947 722 Si
965 660 1002 723 et
1021 650 1159 746 Apellis
1176 661 1330 723 stemma

278 768 540 837 retractandum
566 775 631 850 est,
649 775 724 837 tam
749 790 821 837 non
844 765 936 864 (for.
954 792 1026 839 non
1047 772 1137 863 tam)
1159 777 1262 839 vetus
1290 778 1329 839 et

277 886 361 978 ipse,
379 907 485 977 quam
513 884 676 955 Marcion
701 886 886 956 institutor
911 894 949 955 et
965 886 1211 978 praeformator
1230 887 1327 978 ejus:

277 1002 338 1071 sed
362 1001 481 1094 lapsus
498 1002 534 1071 in
557 1000 727 1071 feminam
746 1000 904 1072 desertor
924 1002 1154 1071 continentie
1172 1001 1356 1090 Marcio-5

276 1119 402 1201 nensis,
428 1118 473 1189 ab
502 1116 614 1188 oculis
642 1118 852 1188 sanctissimi
883 1118 1042 1212 magistri
1069 1115 1326 1191 Alexandriam

276 1236 429 1306 secessit.
481 1234 571 1304 Inde
587 1242 670 1327 post
686 1256 796 1305 annos
822 1256 1000 1328 regressus
1017 1257 1088 1304 non
1105 1234 1240 1319 melior,
1258 1238 1325 1309 nisi

274 1359 417 1423 tantum
441 1350 606 1444 quiajam
628 1373 700 1421 non
728 1350 969 1433 Marcionites,
988 1351 1023 1419 in
1050 1350 1198 1423 alteram
1224 1352 1328 1423 femi·

274 1492 357 1539 narn
391 1470 550 1563 impegit,
588 1468 687 1539 iilam
723 1469 894 1563 virginem
931 1468 1168 1539 Philumenen
1202 1470 1326 1561 (quam

274 1610 379 1679 supra
395 1586 585 1681 edidimus)
602 1594 727 1679 postea
751 1609 834 1657 vero
852 1588 1007 1657 immane
1024 1585 1268 1679 prostibulum,
1286 1594 1325 1657 et
1341 1612 1379 1652 ιο

272 1705 384 1797 ipsam
415 1704 514 1796 cnjus
543 1711 771 1797 energemate
802 1704 1074 1786 circumventus,
1099 1726 1186 1795 quas
1210 1703 1256 1774 ab
1281 1726 1327 1775 ea

272 1821 406 1903 didicit,
445 1820 677 1890 Phaneroseis
718 1820 867 1913 scripsit.
949 1818 1080 1890 Adhuc
1123 1822 1160 1890 in
1202 1820 1324 1893 seculo

271 1945 460 2029 supersunt
493 1938 554 2029 qui
595 1936 825 2008 meminerint
865 1960 1000 2020 comm,
1040 1938 1148 2009 etiam
1191 1937 1322 2031 proprii

271 2054 446 2124 discentes
472 2061 510 2123 et
530 2076 748 2125 successores
774 2054 940 2146 ipsorum,
968 2076 1014 2124 ne
1042 2075 1080 2124 se
1110 2054 1322 2146 posteriores

111 2181 235 2229 aser.
272 2192 402 2263 negare
425 2171 571 2264 possint.
623 2170 848 2263 Quamquam
870 2171 969 2241 etde
993 2171 1157 2264 operibus
1180 2170 1260 2253 suis,
1279 2180 1374 2263 ut15

275 2286 368 2357 dixit
411 2285 595 2369 Dominus,
629 2288 867 2358 revincuntur.
935 2285 975 2357 Si
1018 2288 1113 2357 enim
1158 2288 1321 2359 Marcion

268 2427 401 2474 novum
430 2404 698 2474 Testamentum
729 2426 751 2473 a
779 2412 900 2475 vetere
935 2406 1119 2497 separavit,
1148 2406 1323 2499 posterior

267 2531 323 2593 est
351 2546 405 2606 eo,
436 2523 530 2614 quod
558 2522 756 2616 separavit;
791 2523 875 2614 quia
901 2544 1063 2616 separare
1090 2545 1162 2594 non
1190 2534 1321 2617 posset,

267 2641 333 2711 nisi
360 2640 456 2732 qnod
485 2640 627 2709 unitum
656 2638 736 2708 fuit.
797 2637 951 2710 Unitum
980 2662 1064 2733 ergo
1095 2648 1179 2710 ante
1212 2662 1320 2733 quam

266 2766 496 2850 separaretur,
517 2765 642 2849 postea
666 2764 877 2849 separatum,
904 2758 1134 2849 posteriorem
1162 2759 1321 2829 ostendit
1334 2788 1376 2830 ιο

265 2884 514 2969 separatorem.
566 2874 661 2944 Item
687 2871 914 2957 Valentinus,
942 2872 1047 2944 aliter
1069 2896 1251 2967 exponens
1281 2885 1321 2947 et

266 2991 341 3061 sine
358 2990 467 3060 dubio
484 2987 686 3070 emendans,
703 2984 772 3057 hoc
797 2986 941 3057 nomine
964 2987 1133 3080 quicquid
1150 2990 1321 3062 emendat

265 3116 309 3177 ut
324 3108 535 3177 mendosum
551 3113 656 3187 retro,
673 3105 830 3175 anterius
847 3104 956 3174 fuisse
972 3105 1202 3175 demonstrat.
1239 3104 1320 3177 Hos

264 3228 307 3289 ut
340 3220 548 3313 insigniores
581 3227 620 3289 et
653 3217 909 3309 frequentiores
942 3215 1121 3287 adulteros
1153 3218 1319 3291 veritatis

265 3337 498 3405 nominamus.
550 3332 720 3403 Ceterum
750 3343 788 3403 et
815 3332 983 3427 Nigidius
1013 3333 1132 3403 nescio
1162 3333 1251 3426 quis,
1280 3344 1319 3406 et
1332 3378 1348 3417 2
1352 3378 1372 3437 5

266 3454 522 3548 Hermogenes,
539 3460 578 3523 et
602 3451 707 3522 multi
736 3450 806 3534 alii,
828 3450 944 3521 adhuc
969 3450 1154 3523 ambulant
1177 3474 1320 3545 perver-

264 3580 382 3643 tentes
399 3572 473 3641 vias
491 3568 584 3654 Dei3
607 3569 713 3662 cupio
731 3567 920 3638 ostendant
936 3566 1025 3637 mihi
1042 3590 1089 3637 ex
1107 3592 1177 3660 qua
1193 3578 1319 3641 aucto-

264 3691 369 3761 ritate
394 3687 610 3782 prodierunt.
662 3685 701 3756 Si
728 3685 837 3755 alium
860 3683 979 3755 Deum
1005 3686 1211 3778 praedicant,
1229 3710 1319 3781 quo-

262 3809 370 3878 modo
387 3808 463 3899 ejus
476 3804 546 3875 Dei
563 3803 678 3885 rebus,
691 3810 730 3873 et
743 3802 881 3885 litteris,
893 3811 931 3873 et
944 3803 1146 3875 nominibus
1164 3812 1319 3876 utuntur

262 3925 429 3996 adversus
461 3944 570 4014 quem
603 3920 823 4014 praedicant?
859 3920 888 3990 si
923 3919 1100 4003 eumdem,
1136 3925 1374 4019 quomodo30

262 4040 396 4111 aliteri
435 4037 593 4109 Probent
626 4059 664 4107 se
699 4058 808 4107 novos
842 4036 1021 4130 apostolos
1055 4060 1157 4109 csse:
1195 4040 1318 4112 dicant
1430 4076 1433 4131 j

263 4158 444 4228 Christum
461 4158 592 4227 iterum
608 4156 842 4237 descendisse,
860 4156 990 4224 iterum
1008 4156 1125 4247 ipsum
1143 4156 1316 4241 docuisse,

262 4276 392 4344 iterum
409 4272 627 4355 crucifixum,
645 4273 776 4342 iterum
803 4280 994 4355 mortuum,
1012 4272 1142 4344 iterum
1168 4276 1318 4347 resusd-
