2867 4817
324 727 653 811 SYMBOLUM
687 725 1239 812 CONSTANTINOPOL.

384 967 438 1024 AD
453 966 681 1032 EXEMPLAR.
697 967 813 1038 QUOD
833 967 970 1025 EXTAT
990 968 1037 1025 IN
1058 968 1176 1026 Acrls

438 1160 871 1226 CHALCEDONENSIS
895 1161 1126 1226 CONCILII.

642 1374 921 1422 ...Q-.—

261 1531 775 1680 ΠΙΣΤΕΥΟΜΕΝ
689 1560 737 1611 εις
770 1526 832 1604 ἕνα
863 1523 961 1606 Θεον
991 1527 1139 1631 Πατέρα
1170 1563 1310 1610 παντο-

364 1690 537 1816 κρατορα,
558 1689 708 1755 ποιητην
737 1655 888 1756 οὐρανοῦ
915 1657 975 1734 καὶ
1001 1659 1079 1756 γῆς,
1104 1657 1247 1758 ὁρατῶν
1275 1692 1342 1754 res

256 1783 402 1866 πάντων
429 1787 488 1863 καὶ
517 1780 688 1886 ἀοράτων.
748 1783 866 1861 Καὶ’
839 1817 887 1866 εις
912 1781 974 1861 ἕνα
1003 1783 1139 1885 Κύριον
1165 1785 1316 1884 Ἰησοῦν

257 1911 434 2016 Χριστὸν,
452 1909 516 1991 τόν
533 1909 624 1991 Υὶὸν
641 1917 705 1989 τοῦ
724 1913 821 1988 Θεοῦ
838 1908 902 1990 τόν
918 1915 1104 2012 μονογενῆ,
1123 1910 1237 1992 τὸνέκ
1247 1921 1314 1993 τοῦ

259 2039 403 2143 Πατρὸς
431 2037 645 2138 γεννηθέντα
670 2035 742 2139 πρό
769 2035 915 2117 πάντων
944 2043 1017 2117 τῶν
1049 2037 1197 2118 αἰώνων·
1233 2047 1315 2145 φῶς

257 2171 297 2246 ἐκ
316 2172 445 2274 φῶτος,
470 2162 566 2245 Θεὸν
589 2163 763 2264 ἀληθινόν
782 2168 819 2245 ἐκ
842 2170 938 2245 Θεοῦ
962 2167 1147 2266 ἀληθινοῦ·
1178 2201 1311 2269 γεννη-

258 2295 374 2393 θέντα,
402 2295 444 2374 οῦ
476 2291 678 2392 ποιηθέντα
707 2291 901 2392 ὁμοοόσιον
933 2299 985 2400 τῷ
1019 2296 1152 2395 Πατρί·
1193 2297 1237 2374 δι’
1270 2297 1313 2375 οὗ
1329 2328 1364 2366 10

257 2421 304 2502 τά
320 2421 439 2504 πάντα
463 2420 611 2523 ἐγένετο,
629 2418 693 2500 τὸν
715 2422 758 2500 δι’
784 2420 877 2519 ἡμᾶς
900 2419 982 2505 τοῦς
1005 2419 1226 2525 ἀνθρώπους,
1252 2426 1314 2502 καὶ

258 2548 316 2629 διὰ
340 2547 406 2649 τὴν
430 2547 602 2652 ἡμέτερον
626 2547 821 2650 σωτηρίαν,
840 2547 1061 2628 κατελθόντα
1085 2550 1125 2627 ἐκ
1148 2555 1223 2629 τῶν
1245 2551 1310 2629 οῦ-

257 2684 386 2782 ρανῶν,
424 2681 481 2757 καὶ
518 2677 750 2779 σαρκωθέντα
783 2678 822 2755 ἐκ
863 2674 1071 2775 Πνεῦματος
1103 2677 1220 2779 ἁγίου,
1253 2681 1312 2757 καὶ

261 2806 406 2909 Μαρίας
430 2809 494 2904 τῆς
516 2802 704 2906 παρθένου,
727 2805 786 2881 καὶ
817 2801 1159 2907 ε’νανθρωιιήσαντα·
1191 2839 1308 2885 σταυ-

258 2931 410 3035 ροθέντα
440 2966 479 3012 τε
512 2929 599 3035 ὑπὲρ
632 2931 733 3031 ἡμῶν
765 2933 824 3010 ε’πὶ
857 2931 1013 3010 Ποντίου
1041 2928 1219 3030 Πιλάτου,
1253 2936 1314 3012 καὶ
1327 2965 1363 3025 ¹5

258 3059 432 3159 παθόντα,
450 3063 509 3141 καὶ
526 3058 695 3165 ταφέντα,
713 3062 772 3138 καὶ
789 3056 998 3139 ἀναστάντα
1014 3065 1060 3164 τῇ
1078 3061 1180 3166 τρίτη
1198 3061 1315 3168 ἡμέρᾳ

259 3186 351 3268 κατά
372 3188 435 3273 τὰς
458 3186 614 3294 γραφάς·
643 3190 701 3265 καὶ
724 3185 921 3267 ἀνελθόντα
949 3192 996 3269 είς
1018 3183 1101 3271 τοῦς
1129 3187 1313 3292 οῦρανοῦς,

259 3318 317 3395 καὶ
344 3313 576 3420 καθεζόμενον
604 3316 642 3394 ἐκ
671 3314 797 3423 δεξιῶν
823 3323 888 3395 τοῦ
916 3313 1074 3418 Πατρός·
1110 3319 1170 3395 καὶ
1197 3315 1315 3396 πόλιν

258 3440 449 3547 ἐρχόμενον
467 3439 557 3536 μετὰ
575 3441 682 3548 δόξης
700 3449 815 3545 κρῖναι
841 3440 972 3544 ζῶντας
999 3444 1058 3520 καὶ
1080 3440 1236 3545 νεκρούς·
1269 3442 1314 3521 οὗ

258 3578 321 3674 τῆς
346 3574 536 3670 βασιλείας
565 3572 628 3650 οὐκ
651 3569 754 3650 ἔσται
778 3569 890 3654 τέλος·
925 3574 998 3650 Καὶ
1020 3576 1069 3655 είς
1091 3568 1134 3651 τὸ
1160 3577 1313 3670 Πνεῦμα
1324 3600 1364 3638 20

257 3702 299 3782 τὸ
332 3698 444 3804 ἅγιον,
472 3699 515 3780 τὸ
549 3697 694 3802 Κύριον,
723 3702 782 3777 καὶ
816 3695 857 3778 τὸ
889 3696 1070 3802 ζωοποῶν,
1100 3697 1142 3779 τὸ
1174 3701 1214 3780 ἐκ
1246 3710 1312 3782 τοῦ

258 3829 403 3934 Πατρός
428 3823 712 3933 ἐκπορευόμενον,
730 3823 773 3906 τὸ
797 3824 868 3906 σῦν
893 3830 1011 3930 Πατρὶ
1029 3829 1088 3907 καὶ
1111 3832 1190 3934 mg>
1208 3862 1306 3929 συμ-

255 3955 579 4061 προσκυνοόμενου,
615 3957 673 4034 καὶ
709 3951 1026 4061 συνδοξαζόμενον,
1056 3952 1098 4034 τό
1135 3961 1312 4055 λαλῆσαν

255 4085 314 4165 διὰ
341 4093 414 4166 τῶν
439 4091 649 4192 προφητῶν·
685 4088 750 4166 Εἰς
777 4083 863 4182 μίαν
894 4082 1002 4185 ἀγίαν
1026 4082 1222 4183 καθολικὴν
1250 4090 1311 4166 καὶ

255 4210 503 4310 ἀποστολικὴν
529 4212 738 4311 ἐκκλησίαν·
774 4213 1022 4311 ὁμολογοῦμεν
1049 4210 1088 4290 έν
1115 4215 1359 4322 βαπτίσμα,5
