2867 4817
242 270 389 336 ALEX.
414 269 700 335 SYNODICAM
722 270 1015 339 EPISTOLAM.
1090 275 1154 347 199

147 440 338 516 Seoundum,
361 440 525 507 ffistum
548 462 613 505 non
637 463 706 507 esse
731 442 802 521 Dei,
824 444 882 509 sed
903 445 1009 510 Deum
1029 444 1132 531 ipsum
1143 471 1156 510 :-

102 526 251 627 obliquus
269 528 354 592 enim
374 528 426 592 ille
447 550 550 607 ossus,
569 535 608 594 ut
627 528 824 609 relationem,
847 530 893 596 sio
917 530 1157 597 distinctionem

102 612 271 699 signifieat.
286 629 319 699 5.
334 614 481 679 mulera.

149 699 304 776 Tertium,
319 700 464 764 Verbum
478 720 542 763 non
559 721 628 764 esse
645 698 790 779 hominis,
806 700 893 765 verbi
913 701 1029 788 grstia,
1044 702 1154 767 Domi·

103 804 191 863 num,
208 787 264 849 tro.
279 786 336 850 sed
350 785 521 871 ipsummet
535 785 706 849 homiuem.
722 789 752 850 6.
764 787 913 851 amttam.

150 870 316 951 Quartum,
342 871 553 937 reverentiam
577 892 642 935 non
667 871 774 936 deberi
801 872 938 948 Christo,
963 895 1001 938 eo
1025 879 1154 938 tuntum

103 957 241 1034 nomine,
257 957 341 1042 quod
355 957 391 1021 in
403 957 473 1042 ipso
489 956 633 1020 Verbum
647 965 807 1042 operetur,
819 958 941 1045 ipsique
954 959 1154 1045 dignitatem,

104 1049 144 1107 ut
157 1042 252 1107 alteri
270 1065 291 1108 a
304 1066 349 1119 se,
364 1042 583 1107 eommunicet.
598 1043 748 1109 modam.
766 1060 794 1127 7.

151 1128 313 1209 Quintum,
326 1128 489 1194 Christum
498 1151 563 1193 non
573 1128 637 1193 alia
649 1130 775 1195 ratione
789 1129 927 1206 adorari,
940 1152 1036 1216 quam
1051 1129 1156 1195 Deum

105 1213 221 1301 ipsum.
244 1216 393 1279 mum.
411 1216 441 1277 8.

103 1370 108 1375 ,
152 1300 297 1374 Sextum,
311 1323 375 1365 non
393 1300 458 1365 alia
476 1299 596 1365 virtute
612 1307 779 1385 operatum
799 1300 959 1380 miracula,
975 1324 1071 1388 quam
1092 1323 1157 1387 qua

106 1386 206 1451 Deus.
225 1387 374 1452 mollem.
386 1406 417 1471 9.

152 1472 338 1557 Septimum,
354 1472 536 1557 pontifioem
549 1471 753 1537 consessionis
767 1480 885 1537 nostrae
904 1494 977 1537 vere
991 1494 1060 1537 esse
1075 1471 1156 1537 Ver-

104 1557 268 1709 mneo
282 1581 341 1644 pro
355 1580 390 1623 so
404 1558 558 1623 obtulisse
567 1558 765 1636 sacrificium,
779 1558 835 1623 sod
848 1580 907 1645 pro
918 1559 1009 1623 nobis
1019 1564 1168 1624 tantum,

218 1666 325 1709 m.10.

152 1730 320 1807 Ceterum,
343 1752 471 1795 earnem
491 1752 551 1816 pro
572 1730 663 1794 nobis
684 1730 827 1795 oblatam
848 1752 886 1795 eo
903 1752 972 1795 esse
991 1728 1155 1809 vivifionnu

106 1818 196 1969 ἕλιξι
214 1823 265 1881 est
283 1838 359 1881 earo
377 1816 509 1902 proprie
524 1816 634 1896 Verbi,
649 1816 683 1879 id
705 1822 765 1891 est,
781 1816 855 1881 vitae
875 1815 1060 1881 essentialis.
1082 1836 1158 1880 noto

187 1922 258 1965 .11.

107 2058 111 2065 ,
153 1990 283 2052 Νοιιιιιιι
304 1988 449 2073 denique,
470 1988 614 2053 Verbum
638 2009 713 2052 vere
733 2009 862 2073 passum
884 2010 952 2053 esse
974 2009 1032 2052 sua
1053 2009 1169 2067 earne,

109 2073 335 2159 Christumque
349 2096 408 2139 sua
422 2074 541 2139 virtute
555 2074 729 2139 surrexisse
743 2096 764 2138 a
777 2074 922 2138 mortuis.
944 2074 1093 2138 dualem
1109 2093 1157 2139 12.

154 2160 384 2224 Animadverte
404 2182 510 2246 porro,
532 2167 605 2226 tota
629 2182 741 2224 novem
763 2159 959 2225 oonseotarie
978 2158 1013 2223 in
1036 2161 1159 2224 duobus

109 2246 293 2311 astruendis
321 2268 390 2310 esse
418 2246 534 2332 posita,
565 2246 690 2311 unitate
722 2245 850 2325 Christi,
880 2254 914 2311 et
942 2246 1159 2331 redemptione

105 2331 284 2396 hominum.
328 2332 409 2397 Cum
430 2332 514 2395 enim
535 2332 652 2418 triplex
674 2332 717 2396 sit
738 2332 855 2408 unitas,
871 2331 1036 2419 suppositi,
1059 2332 1159 2431 digni-

110 2418 200 2497 tatis,
219 2425 254 2483 et
273 2418 485 2503 operationis:
508 2418 612 2503 primo
630 2425 664 2482 et
682 2418 820 2481 seeundo
839 2418 1035 2483 oonseetario
1053 2424 1161 2482 unitas

110 2503 299 2589 suppositiz-
320 2503 419 2567 tertio
443 2511 477 2568 et
502 2511 627 2588 quarto,
653 2503 761 2568 unitas
785 2503 952 2589 dignitatis
976 2510 1010 2569 et
1034 2504 1157 2568 cultus:

134 2589 225 2654 ninto
247 2596 282 2653 et
307 2595 408 2666 sexto,
434 2590 542 2654 unitas
563 2588 756 2675 operationis
780 2596 814 2654 et
835 2589 962 2655 virtutis
985 2590 1159 2653 oonlieitur.

112 2612 255 2759 dumque
269 2682 337 2740 tms
351 2696 476 2761 quoque
495 2675 560 2740 sint
574 2681 683 2760 partes
699 2674 935 2761 redemptionis,
951 2675 1161 2741 sanctificatio

112 2760 238 2839 enimse,
267 2760 436 2827 ririfieetio
466 2762 616 2846 eorporis,
645 2768 680 2824 et
708 2761 884 2826 satisfautio
935 2783 972 2825 ro
1000 2761 1159 2847 peooatis:

113 2846 217 2932 prima
238 2847 373 2932 septimo
395 2848 600 2926 oonseotario,
614 2847 649 2910 in
670 2868 734 2931 quo
756 2848 796 2911 de
818 2784 995 2912 saeerdotio
1015 2846 1158 2922 Christi;

113 2932 218 2999 sdtera
229 2942 351 3012 eutero,
361 2933 417 2996 ubi
426 2933 467 2997 de
481 2955 576 2998 carne
586 2933 717 3011 vivifiea,
728 2940 762 2998 et
773 2932 984 2998 Eucharistiae
996 2932 1046 3007 νίς
1063 2932 1162 2998 tertio

113 3040 208 3094 nono,
230 3018 286 3083 ubi
310 3019 351 3083 de
375 3026 479 3083 morte
500 3019 562 3083 Dei
583 3017 668 3105 passi
693 3017 727 3083 in
750 3041 845 3083 earne
868 3018 984 3104 agitur,
1009 3018 1162 3083 adversus

113 3105 368 3169 oontradioentes
380 3104 543 3170 asseritur.

158 3190 267 3255 Aliam
284 3198 388 3255 artem
406 3190 553 3255 adhibuit
571 3190 715 3277 Cyrillus,
732 3211 795 3275 qua
816 3190 901 3266 feeit,
916 3197 954 3254 ut
972 3211 1036 3253 non
1056 3188 1163 3254 omnin

114 3282 243 3341 tantum
263 3276 372 3362 sepita
392 3276 454 3341 toti
476 3276 629 3341 doetrinae
644 3275 795 3353 Nestorii,
815 3276 869 3339 sed
890 3275 1013 3361 singula
1032 3274 1163 3361 singulis

114 3361 262 3447 pertibus
281 3370 479 3448 pugnarent:
503 3362 652 3448 opposuit
673 3361 758 3426 enim
779 3362 943 3426 theorema
960 3360 1161 3439 theoremati,

113 3447 303 3533 principium
324 3447 487 3533 principio,
509 3448 710 3513 lemmatibus
730 3447 889 3525 lemmata,
912 3454 946 3511 et
967 3446 1168 3516 consectaria

115 3534 329 3611 eonseetariis,
344 3554 445 3619 eaque
457 3534 519 3598 fuit
538 3534 691 3620 ingeniosi
705 3532 841 3597 hominis
857 3532 1024 3606 industria,
1039 3540 1163 3617 pertur-

115 3618 228 3684 batam
254 3620 427 3685 adversarii
455 3640 659 3705 sparsamque
687 3641 746 3705 per
773 3626 882 3704 partes
910 3618 1100 3683 sententiam
1129 3618 1165 3682 in

116 3705 260 3769 ordinem
281 3705 433 3792 redigere,
456 3714 493 3769 ut
515 3705 607 3769 simul
628 3705 787 3789 exquisita
811 3704 971 3781 methodo,
992 3711 1026 3769 ot
1046 3705 1164 3788 dogma

117 3791 308 3855 ontholioum
330 3792 520 3869 traderetur,
543 3800 577 3856 et
601 3791 718 3856 erroris
739 3790 870 3876 dngrrlae
893 3796 1003 3875 partes
1027 3790 1161 3876 expelle-

115 3884 238 3942 rentur.
283 3877 322 3941 Id
351 3885 462 3962 aperte
491 3877 620 3943 cuilibet
647 3876 816 3955 constabit,
847 3876 874 3940 si
903 3876 998 3940 ruodo
1023 3875 1164 3941 Nestorii

116 3984 207 4027 error
228 3962 338 4027 ordine
358 3970 606 4049 repraesentatus
628 3962 733 4040 suerit,
759 3969 857 4047 atque
880 3960 1011 4026 indieati
1032 3984 1164 4047 operum

115 4048 187 4126 looi,
211 4048 325 4134 quibus
344 4071 542 4135 unaquaeqne
563 4047 722 4114 sententia
746 4070 803 4112 seu
827 4069 902 4134 pars
924 4048 1039 4113 erroris
1065 4049 1164 4113 eonti-

115 4142 220 4200 netur.

162 4220 284 4285 Verum
299 4222 331 4286 id
346 4220 471 4307 egregie
485 4220 714 4286 demonstravit
725 4218 868 4305 cyrillus,
880 4226 950 4285 tum
964 4220 997 4286 in
1008 4220 1165 4306 synodieee
