2867 4817
364 1175 413 1276 S.
456 1174 964 1297 CYPRIANUS.

528 1456 796 1493 -αφ-

126 1643 166 1715 S.
183 1640 452 1725 Hmnourrms,
475 1638 553 1713 Lib.
576 1640 619 1713 de
650 1640 747 1713 Viris
763 1640 975 1727 matribus,
998 1666 1075 1737 cap.
1091 1644 1188 1714 lxvii.

220 1782 302 1853 pag.
321 1762 404 1829 150.
422 1760 478 1829 ed.
497 1756 674 1842 Flamen,
692 1781 749 1829 an.
771 1765 878 1837 1718.
896 1758 1097 1854 Hamburg.

205 1941 477 2015 YPRIANUS
523 1941 622 2027 Afer,
671 1945 827 2037 primum
868 1943 1020 2038 gloriose
1067 1942 1187 2013 rheto-

220 2061 352 2131 ricam·
375 2060 508 2143 docuit,
532 2061 661 2131 exinde
681 2060 854 2131 suadente
878 2060 1084 2153 presbytero
1105 2058 1187 2130 cae-

125 2176 224 2259 cilio,
235 2200 258 2249 a
269 2200 341 2269 quo
358 2184 396 2248 ct
413 2171 710 2271 cognomentuml‘
728 2178 873 2247 sortitus
885 2184 950 2260 est,
964 2175 1185 2247 Christianus

126 2294 257 2375 factus,
289 2314 432 2363 omnem
461 2290 696 2363 substantiam
725 2315 826 2363 suam
859 2293 1072 2386 pauperibus
1108 2315 1185 2362 ero-

124 2410 258 2504 gavit⁶‚
276 2431 318 2479 ac
335 2416 417 2501 post
432 2430 504 2477 non
521 2406 676 2478 multum
693 2411 864 2501 temporis
880 2409 1016 2480 electus
1031 2410 1069 2478 in
1089 2430 1185 2501 pres

124 2526 306 2619 byterum,
317 2527 426 2595 ctiam
440 2519 644 2617 episcopusd
656 2522 955 2618 Carthaginiensis
968 2524 1183 2595 constitutus

123 2652 192 2714 est.
246 2640 368 2735 Hujus
387 2642 520 2736 ingenii
538 2638 755 2735 superfluum
778 2649 833 2711 cst
849 2640 1024 2711 indicem⁶
1046 2648 1180 2724 texere,

122 2782 212 2830 crim
237 2758 313 2831 sole
339 2758 486 2829 clariora
510 2758 582 2829 sint
607 2758 684 2851 ejus
708 2778 825 2849 opera.
878 2755 1007 2827 Passus
1031 2765 1088 2827 est
1114 2756 1181 2826 sub

123 2874 324 2947 Valeriano
349 2882 388 2945 ct
410 2873 560 2945 Gabene
583 2867 826 2966 principibusf,
853 2874 1099 2966 persecutione
1124 2896 1183 2943 cc-

122 3002 219 3072 tava,
236 2991 366 3061 eodem
383 2992 441 3061 die
457 3014 528 3083 quo
546 2989 674 3061 Romae
687 2987 882 3071 Cornelius,
894 2990 958 3060 scd
970 3012 1043 3061 non
1054 2988 1181 3060 eodem

118 3119 250 3179 tunol.

421 3238 509 3299 lona.
524 3236 637 3297 Altera
651 3236 784 3296 Fabricii
799 3236 890 3296 Notoe.

162 3354 269 3412 ⁸Non
284 3354 457 3413 rhetoricam
476 3352 574 3411 adeo
565 3371 597 3409 m
615 3350 722 3410 scholis
735 3350 879 3421 docuisse,
894 3370 981 3429 quam
999 3350 1031 3408 in
1049 3352 1115 3410 loro
1128 3372 1178 3411 ex-

120 3449 253 3510 acuisse
267 3449 433 3529 Cyprianus
451 3448 576 3509 videtur.
618 3448 729 3507 Confer
746 3468 812 3526 quse
832 3447 896 3528 ipse
914 3446 952 3507 de
970 3468 1001 3507 sc
1015 3448 1181 3568 Cyprianus

121 3548 200 3607 libro
214 3548 253 3607 ad
268 3548 430 3617 Donatum,
444 3568 503 3607 non
517 3546 606 3625 longe
619 3546 678 3605 ab
670 3546 765 3604 mitio.

165 3644 460 3718 bQuemadmodum
487 3644 585 3704 liberti
614 3643 683 3703 olim
709 3663 726 3700 a
754 3643 880 3703 dominis
903 3644 1179 3702 manumittentibus

123 3744 259 3805 solebant
273 3754 498 3821 cognomentum
511 3740 720 3811 adsciscere,
697 3759 738 3799 arc
753 3740 918 3821 Cyprianus
936 3760 953 3799 a
967 3739 1086 3799 Cacilic
1098 3758 1178 3819 pres-

126 3843 229 3919 bytero
257 3840 490 3919 Carthaginiensi
515 3838 679 3897 vindicatus
703 3857 740 3896 ex
768 3838 941 3896 ethnicismc
968 3839 998 3895 in
1023 3837 1118 3896 lucem
1145 3858 1179 3895 ac

128 3937 291 3998 libertatem
320 3938 525 4007 Christianam,
553 3933 688 3994 Caecilius
712 3934 909 4012 cognominari
933 3932 1087 4013 gaudebat.
1131 3934 1178 3993 Dc

130 4034 246 4093 Caecilio
259 4034 311 4093 illc
320 4034 386 4094 vide
397 4034 473 4093 Acta
482 4034 614 4093 Sauctcr.
630 4050 659 4107 3.
671 4031 691 4089 J
694 4032 756 4089 unii
767 4042 840 4090 tom.
850 4032 877 4091 1.
893 4053 921 4111 p.
933 4047 1001 4105 270.
1017 4031 1064 4089 Ad
1075 4032 1177 4091 Chris·

131 4132 224 4191 tiancs
236 4134 386 4193 accessisse
400 4134 430 4190 S.
441 4133 607 4213 Cyprianus
617 4128 735 4188 videtur
746 4133 784 4186 A.
794 4128 828 4187 C.
841 4129 910 4203 246.
925 4139 960 4188 ut
970 4128 1000 4186 in
1012 4126 1178 4187 Annalibus

131 4228 308 4308 Cypriauicis
322 4230 433 4310 colligit
446 4228 467 4287 J
469 4250 577 4289 cannes
591 4224 775 4287 Psaraonius

619 4348 644 4388 rr
659 4348 692 4389 m
706 4327 728 4386 2
