2867 4817
256 289 321 357 278
411 283 613 350 ARNOBII
638 282 888 349 ADVERSUS
910 282 1101 350 GBNTES

254 469 317 535 aut
332 462 409 533 sine
430 459 588 533 oleribus
609 480 773 541 reserare,
789 480 869 551 qna
891 457 1010 531 daura
1030 464 1136 529 sunt:
1161 464 1228 527 sut
1246 477 1315 525 ors

256 579 397 654 silentio
423 578 564 659 viuoire,
593 584 657 649 aot
686 578 724 647 in
756 575 940 647 eurrioulis
968 598 1078 669 equos
1106 573 1314 654 debilitare,

256 698 413 779 inuitare,
447 694 606 767 tardare:
644 703 708 765 ant
740 693 921 775 uxoribus,
954 702 995 763 et
1027 691 1148 765 liberis
1181 690 1315 761 alienis

258 812 346 904 (sire
375 812 428 883 illi
455 832 571 883 mares
599 812 682 891 sint.
712 811 785 881 sire
814 809 973 881 foeminei
1001 808 1157 903 generis)
1185 808 1316 878 ineun—
1433 787 1434 840 ³

258 931 346 1003 oessi
373 931 502 1001 amoris
523 926 692 1010 dammas,
720 935 759 998 et
781 926 925 998 furiales
947 926 1142 997 immittere
1171 924 1316 1017 cupidi*

258 1048 375 1121 tates?
394 1046 472 1119 Aut
488 1048 517 1117 ei
530 1045 619 1117 utile
635 1044 769 1137 aliquid
782 1044 970 1115 videantur
984 1044 1125 1125 audere,
1138 1064 1213 1112 non
1228 1064 1315 1135 pro-

156 1144 159 1155 *
258 1167 335 1259 pria
352 1166 384 1235 vi
403 1186 514 1257 posse,
532 1163 594 1233 sed
611 1182 746 1244 eorum,
763 1182 851 1253 qnos
868 1162 1045 1241 invocant,
1061 1167 1253 1252 potestate.

310 1280 451 1353 XLIV.
469 1278 584 1372 Atqui
606 1279 767 1351 eonstitit
792 1277 974 1349 Christum
998 1279 1074 1348 sine
1095 1276 1180 1347 ullis
1197 1276 1314 1347 admi·

259 1397 386 1470 nionlis
404 1420 531 1480 rerum,
548 1398 624 1467 sine
646 1394 754 1467 ullius
770 1396 859 1467 ritus
875 1394 1130 1477 observatione,
1149 1392 1207 1465 vel
1229 1392 1315 1487 lege

261 1512 353 1609 (sor.
379 1515 492 1609 legis),
511 1515 629 1585 omnia
650 1512 723 1595 illa,
739 1534 817 1605 qua
839 1512 935 1595 fecit,
952 1511 1105 1583 nominis
1127 1512 1182 1581 sni
1200 1511 1314 1605 possi-

261 1630 400 1701 bilitate
427 1630 561 1701 fecisse.
615 1628 663 1699 Et
685 1629 781 1721 quod
804 1629 994 1721 proprium.
1017 1636 1312 1709 eonsentaneum

261 1748 410 1843 dignum
428 1746 507 1817 Deo
530 1747 646 1819 fueret
670 1769 765 1825 vero,
782 1745 871 1815 nihil
894 1768 1036 1831 nocens,
1060 1752 1124 1815 aut
1147 1744 1313 1826 noxium,

261 1866 323 1937 sed
346 1865 530 1959 opiferum,
551 1864 613 1933 sed
634 1862 800 1946 salutare,
823 1862 885 1933 sed
911 1861 1141 1933 auxiliaribus
1161 1860 1314 1955 plenum

262 1982 363 2053 bonis
379 1981 566 2075 potestatis
582 1980 757 2050 munifioae
775 1978 986 2051 liberalitate
1002 1978 1161 2049 donasse.

314 2096 436 2169 XLV.
454 2096 551 2180 Quid
573 2097 689 2167 diuitis
715 2093 739 2165 ὃ
762 2095 917 2167 itemmi
947 2115 1032 2189 ergo
1055 2093 1118 2165 ille
1140 2091 1314 2176 mortalia.

262 2222 326 2285 aut
348 2234 439 2284 unus
456 2214 526 2285 fuit
548 2237 569 2284 e
593 2213 704 2295 nobis,
722 2213 823 2305 eujus
844 2212 1042 2305 imperium,
1062 2212 1164 2303 eujus
1185 2232 1314 2281 vocem

262 2330 489 2424 popularibus
524 2338 562 2401 et
597 2329 811 2422 quotidianis
842 2328 958 2399 verbis
990 2328 1144 2410 missam,
1174 2326 1315 2398 valetis·

264 2448 373 2531 dines,
408 2448 533 2531 morbi,
566 2447 690 2531 febres,
725 2455 832 2539 etque
863 2444 934 2517 alin
962 2464 1149 2537 oorponnn
1177 2444 1316 2514 emnia·

263 2572 386 2635 menta
408 2563 616 2657 fugiebant?
648 2561 752 2635 Unus
774 2562 844 2633 ruit
866 2586 889 2632 e
910 2561 1022 2644 nobis,
1039 2560 1139 2653 nujus
1161 2582 1316 2652 preren*

264 2682 362 2763 tiam,
380 2681 480 2772 eujus
503 2681 617 2751 visum
634 2702 721 2773 gens
737 2678 800 2751 illa
816 2678 986 2772 nequibat
1000 2677 1092 2747 ferre
1114 2696 1315 2758 mersorum

265 2800 302 2869 in
319 2798 512 2869 visceribus
529 2797 739 2880 damonum,
756 2796 1017 2888 conterritaque
1034 2796 1069 2863 vi
1086 2816 1179 2865 nora
1198 2816 1318 2865 mem-

264 2916 407 2987 brorum
444 2916 662 3007 possessione
697 2913 870 2987 cedebati
910 2912 1013 2983 Unus
1046 2911 1114 2982 fuit
1142 2934 1165 2982 e
1197 2911 1317 2994 nobis,

265 3030 365 3123 eujus
388 3030 485 3101 faedoe
509 3030 700 3125 vitiligines
718 3030 868 3123 jussioni
891 3028 1185 3122 obtemperabant
1202 3026 1318 3120 pulsu

265 3149 399 3232 statim,
422 3156 462 3219 et
486 3148 707 3219 oonoordiam
733 3146 892 3219 colorum
914 3144 1181 3217 oommaeulatis
1202 3145 1318 3216 visae

266 3266 363 3337 'ribus
398 3264 667 3356 relinquebant?
702 3263 806 3336 Unus
840 3264 911 3333 fnit
939 3285 961 3333 e
989 3262 1102 3344 nobis,
1129 3261 1233 3354 eujus
1266 3280 1316 3331 ex

266 3380 337 3453 levi
355 3390 452 3453 teoto
471 3382 612 3453 stabant
634 3380 807 3475 profluvia
828 3379 1016 3475 sauguinis,
1033 3388 1072 3449 et
1088 3377 1315 3449 immoderati

266 3496 479 3569 cohibebant
501 3498 652 3571 fluores?
687 3496 792 3570 Unus
814 3497 885 3567 fuit
900 3520 921 3567 e
936 3495 1049 3579 nobis,
1065 3494 1166 3588 eujus
1186 3516 1316 3565 manus

266 3615 451 3686 intercutis
485 3624 678 3689 veternosa
711 3614 896 3710 fugiebant
937 3612 1051 3695 undae,
1084 3610 1315 3704 penetrabilis

266 3731 328 3803 ille
366 3732 501 3803 nitebat
538 3730 676 3825 liqn0r;
713 3740 753 3801 et
783 3730 965 3824 turgentia
1002 3729 1137 3799 uiscera
1167 3726 1314 3799 salutari

266 3849 430 3921 ariditate
448 3848 649 3921 deflabant?
675 3846 779 3919 Unus
803 3846 873 3916 fuit
898 3868 920 3915 e
945 3844 1059 3927 nobis,
1080 3843 1141 3936 qni
1168 3841 1315 3915 claudes

267 3988 406 4037 ornere
440 3966 676 4059 precipiebat,
704 3964 846 4058 etjam
873 3963 988 4056 operis
1017 3982 1073 4031 res
1101 3969 1199 4045 στοις
1235 3984 1314 4054 por-

267 4082 382 4176 rigere
407 4104 548 4155 mauras
572 4103 707 4165 munus,
725 4090 764 4153 et
786 4079 926 4153 articuli
950 4076 1218 4149 immobilitates
1236 4078 1314 4170 jam

267 4198 441 4291 ingenitas
459 4196 703 4289 explicabant:
735 4206 856 4290 eaptus
877 4195 1047 4269 membris
1068 4203 1316 4289 assurgeraet
