<?xml version="1.0" encoding="UTF-8"?>
<!DOCTYPE html PUBLIC "-//W3C//DTD XHTML 1.0 Transitional//EN"
    "http://www.w3.org/TR/xhtml1/DTD/xhtml1-transitional.dtd">
<html xmlns="http://www.w3.org/1999/xhtml" xml:lang="en" lang="en">
 <head>
  <title>
</title>
<meta http-equiv="Content-Type" content="text/html;charset=utf-8" />
  <meta name='ocr-system' content='tesseract 3.04.00' />
  <meta name='ocr-capabilities' content='ocr_page ocr_carea ocr_par ocr_line ocrx_word'/>
</head>
<body>
  <div class='ocr_page' id='page_1' title='image "./scriptorumeccle03routgoog_0425.png"; bbox 0 0 2867 4817; ppageno 0'>
   <div class='ocr_carea' id='block_1_1' title="bbox 247 324 1154 395">
    <p class='ocr_par' dir='ltr' id='par_1_1' title="bbox 247 324 1154 395">
     <span class='ocr_line' id='line_1_1' title="bbox 247 324 1154 395; baseline 0.006 -5"><span class='ocrx_word' id='word_1_1' title='bbox 247 325 301 390; x_wconf 87' lang='lat' dir='ltr'>IN</span> <span class='ocrx_word' id='word_1_2' title='bbox 324 324 542 390; x_wconf 86' lang='lat' dir='ltr'>CANONES</span> <span class='ocrx_word' id='word_1_3' title='bbox 565 325 748 390; x_wconf 82' lang='lat' dir='ltr'>NICAENI</span> <span class='ocrx_word' id='word_1_4' title='bbox 773 324 1002 391; x_wconf 88' lang='lat' dir='ltr'>CONCILII.</span> <span class='ocrx_word' id='word_1_5' title='bbox 1089 326 1154 395; x_wconf 79' lang='lat'>409</span> 
     </span>
    </p>
   </div>
   <div class='ocr_carea' id='block_1_2' title="bbox 98 495 1154 908">
    <p class='ocr_par' dir='ltr' id='par_1_2' title="bbox 98 495 1154 908">
     <span class='ocr_line' id='line_1_2' title="bbox 165 495 1153 583; baseline -0.001 -21"><span class='ocrx_word' id='word_1_6' title='bbox 165 495 252 562; x_wconf 84' lang='lat' dir='ltr'>tibus</span> <span class='ocrx_word' id='word_1_7' title='bbox 280 496 355 562; x_wconf 86' lang='lat' dir='ltr'>huie</span> <span class='ocrx_word' id='word_1_8' title='bbox 383 496 512 562; x_wconf 84' lang='lat' dir='ltr'>lentioni</span> <span class='ocrx_word' id='word_1_9' title='bbox 540 495 724 562; x_wconf 84' lang='lat' dir='ltr'>Bodleianis</span> <span class='ocrx_word' id='word_1_10' title='bbox 751 495 859 563; x_wconf 83' lang='lat' dir='ltr'>MStis</span> <span class='ocrx_word' id='word_1_11' title='bbox 886 497 958 583; x_wconf 86' lang='lat'>158.</span> <span class='ocrx_word' id='word_1_12' title='bbox 985 497 1055 581; x_wconf 87' lang='lat'><strong>196.</strong></span> <span class='ocrx_word' id='word_1_13' title='bbox 1079 515 1153 564; x_wconf 80' lang='lat'><em>202.</em></span> 
     </span>
     <span class='ocr_line' id='line_1_3' title="bbox 120 581 1154 668; baseline 0 -22"><span class='ocrx_word' id='word_1_14' title='bbox 120 583 196 647; x_wconf 79' lang='lat' dir='ltr'>stud</span> <span class='ocrx_word' id='word_1_15' title='bbox 211 586 241 648; x_wconf 83' lang='lat' dir='ltr'>ot</span> <span class='ocrx_word' id='word_1_16' title='bbox 254 585 356 649; x_wconf 77' lang='grc' dir='ltr'>πιστοὶ</span> <span class='ocrx_word' id='word_1_17' title='bbox 369 582 492 648; x_wconf 73' lang='lat' dir='ltr'>omittit</span> <span class='ocrx_word' id='word_1_18' title='bbox 508 583 653 648; x_wconf 83' lang='lat' dir='ltr'>Gelasius</span> <span class='ocrx_word' id='word_1_19' title='bbox 668 582 840 668; x_wconf 82' lang='lat' dir='ltr'>Oyzioenus</span> <span class='ocrx_word' id='word_1_20' title='bbox 853 605 927 647; x_wconf 87' lang='lat' dir='ltr'>oum</span> <span class='ocrx_word' id='word_1_21' title='bbox 937 581 1053 646; x_wconf 78' lang='lat' dir='ltr'>Tiliani</span> <span class='ocrx_word' id='word_1_22' title='bbox 1068 582 1154 647; x_wconf 85' lang='lat' dir='ltr'>eodi-</span> 
     </span>
     <span class='ocr_line' id='line_1_4' title="bbox 99 666 1153 755; baseline -0.001 -22"><span class='ocrx_word' id='word_1_23' title='bbox 99 667 149 733; x_wconf 83' lang='lat' dir='ltr'>eia</span> <span class='ocrx_word' id='word_1_24' title='bbox 166 668 431 754; x_wconf 69' lang='lat' dir='ltr'>interpretatione</span> <span class='ocrx_word' id='word_1_25' title='bbox 451 669 578 748; x_wconf 66' lang='lat' dir='ltr'>Latina,</span> <span class='ocrx_word' id='word_1_26' title='bbox 594 675 628 734; x_wconf 87' lang='lat' dir='ltr'>et</span> <span class='ocrx_word' id='word_1_27' title='bbox 641 669 747 755; x_wconf 84' lang='lat' dir='ltr'>prisea</span> <span class='ocrx_word' id='word_1_28' title='bbox 761 669 918 735; x_wconf 84' lang='lat' dir='ltr'>Versione</span> <span class='ocrx_word' id='word_1_29' title='bbox 930 668 1018 754; x_wconf 87' lang='lat' dir='ltr'>apud</span> <span class='ocrx_word' id='word_1_30' title='bbox 1031 666 1153 733; x_wconf 85' lang='lat' dir='ltr'>Justel-</span> 
     </span>
     <span class='ocr_line' id='line_1_5' title="bbox 98 753 1154 834; baseline 0.003 -17"><span class='ocrx_word' id='word_1_31' title='bbox 98 753 176 834; x_wconf 89' lang='lat' dir='ltr'>lum,</span> <span class='ocrx_word' id='word_1_32' title='bbox 199 762 234 820; x_wconf 89' lang='lat' dir='ltr'>ot</span> <span class='ocrx_word' id='word_1_33' title='bbox 260 756 403 821; x_wconf 78' lang='lat' dir='ltr'>versione</span> <span class='ocrx_word' id='word_1_34' title='bbox 424 777 446 820; x_wconf 93' lang='lat' dir='ltr'>a</span> <span class='ocrx_word' id='word_1_35' title='bbox 466 753 634 820; x_wconf 86' lang='lat' dir='ltr'>Ballerinis</span> <span class='ocrx_word' id='word_1_36' title='bbox 658 756 756 834; x_wconf 84' lang='lat' dir='ltr'>edita,</span> <span class='ocrx_word' id='word_1_37' title='bbox 778 756 857 820; x_wconf 86' lang='lat' dir='ltr'>silea</span> <span class='ocrx_word' id='word_1_38' title='bbox 894 777 935 820; x_wconf 86' lang='lat' dir='ltr'>aa</span> <span class='ocrx_word' id='word_1_39' title='bbox 958 755 999 819; x_wconf 89' lang='lat' dir='ltr'>de</span> <span class='ocrx_word' id='word_1_40' title='bbox 1024 776 1064 818; x_wconf 90' lang='lat' dir='ltr'>oo</span> <span class='ocrx_word' id='word_1_41' title='bbox 1088 755 1154 820; x_wconf 88' lang='lat' dir='ltr'>duo</span> 
     </span>
     <span class='ocr_line' id='line_1_6' title="bbox 99 839 1152 908; baseline 0 -4"><span class='ocrx_word' id='word_1_42' title='bbox 99 847 369 908; x_wconf 83' lang='lat' dir='ltr'>eommentatores</span> <span class='ocrx_word' id='word_1_43' title='bbox 381 841 486 908; x_wconf 79' lang='lat' dir='ltr'>Groeoi</span> <span class='ocrx_word' id='word_1_44' title='bbox 496 842 641 906; x_wconf 85' lang='lat' dir='ltr'>Zonaras</span> <span class='ocrx_word' id='word_1_45' title='bbox 652 849 685 907; x_wconf 93' lang='lat' dir='ltr'>et</span> <span class='ocrx_word' id='word_1_46' title='bbox 697 841 856 908; x_wconf 82' lang='lat' dir='ltr'>Balsama.</span> <span class='ocrx_word' id='word_1_47' title='bbox 935 863 956 906; x_wconf 96' lang='lat' dir='ltr'>o</span> <span class='ocrx_word' id='word_1_48' title='bbox 965 861 1050 905; x_wconf 89' lang='lat' dir='ltr'>nune</span> <span class='ocrx_word' id='word_1_49' title='bbox 1059 839 1152 905; x_wconf 88' lang='lat' dir='ltr'>video</span> 
     </span>
    </p>
   </div>
   <div class='ocr_carea' id='block_1_3' title="bbox 98 926 1153 1078">
    <p class='ocr_par' dir='ltr' id='par_1_3' title="bbox 98 926 1153 1078">
     <span class='ocr_line' id='line_1_7' title="bbox 98 926 1153 1078; baseline -0.001 -86"><span class='ocrx_word' id='word_1_50' title='bbox 98 927 351 1078; x_wconf 52' lang='lat' dir='ltr'>pzaetemssum</span> <span class='ocrx_word' id='word_1_51' title='bbox 373 928 459 994; x_wconf 87' lang='lat' dir='ltr'>idem</span> <span class='ocrx_word' id='word_1_52' title='bbox 481 927 515 990; x_wconf 89' lang='lat' dir='ltr'>in</span> <span class='ocrx_word' id='word_1_53' title='bbox 540 927 697 994; x_wconf 78' lang='grc' dir='ltr'>θαασυοτο</span> <span class='ocrx_word' id='word_1_54' title='bbox 710 929 851 1014; x_wconf 66' lang='lat' dir='ltr'>apem</span> <span class='ocrx_word' id='word_1_55' title='bbox 870 926 1037 992; x_wconf 82' lang='lat' dir='ltr'>Lsnnolar.</span> <span class='ocrx_word' id='word_1_56' title='bbox 1057 949 1090 1012; x_wconf 93' lang='lat' dir='ltr'>p.</span> <span class='ocrx_word' id='word_1_57' title='bbox 1099 928 1153 991; x_wconf 89' lang='lat'>60.</span> 
     </span>
    </p>
   </div>
   <div class='ocr_carea' id='block_1_4' title="bbox 97 1013 1161 2739">
    <p class='ocr_par' dir='ltr' id='par_1_4' title="bbox 97 1013 1161 2307">
     <span class='ocr_line' id='line_1_8' title="bbox 148 1013 1153 1100; baseline 0 -22"><span class='ocrx_word' id='word_1_58' title='bbox 148 1035 224 1100; x_wconf 87' lang='lat' dir='ltr'>gero</span> <span class='ocrx_word' id='word_1_59' title='bbox 246 1021 356 1080; x_wconf 87' lang='lat' dir='ltr'>antem</span> <span class='ocrx_word' id='word_1_60' title='bbox 379 1014 447 1080; x_wconf 83' lang='lat' dir='ltr'>vult</span> <span class='ocrx_word' id='word_1_61' title='bbox 473 1013 659 1080; x_wconf 82' lang='lat' dir='ltr'>Johnsonus</span> <span class='ocrx_word' id='word_1_62' title='bbox 685 1014 852 1080; x_wconf 84' lang='lat' dir='ltr'>Oanonnm</span> <span class='ocrx_word' id='word_1_63' title='bbox 877 1013 1032 1099; x_wconf 79' lang='lat' dir='ltr'>Angiious</span> <span class='ocrx_word' id='word_1_64' title='bbox 1056 1013 1153 1078; x_wconf 86' lang='lat' dir='ltr'>inter-</span> 
     </span>
     <span class='ocr_line' id='line_1_9' title="bbox 98 1100 1153 1184; baseline 0 -20"><span class='ocrx_word' id='word_1_65' title='bbox 98 1119 185 1184; x_wconf 86' lang='lat' dir='ltr'>pres,</span> <span class='ocrx_word' id='word_1_66' title='bbox 210 1101 237 1164; x_wconf 84' lang='grc' dir='ltr'>εί</span> <span class='ocrx_word' id='word_1_67' title='bbox 259 1102 371 1180; x_wconf 83' lang='grc' dir='ltr'>πισταὶ,</span> <span class='ocrx_word' id='word_1_68' title='bbox 396 1101 458 1166; x_wconf 87' lang='lat' dir='ltr'>hoo</span> <span class='ocrx_word' id='word_1_69' title='bbox 480 1122 584 1175; x_wconf 82' lang='lat' dir='ltr'>sensu,</span> <span class='ocrx_word' id='word_1_70' title='bbox 608 1100 636 1164; x_wconf 92' lang='lat' dir='ltr'>si</span> <span class='ocrx_word' id='word_1_71' title='bbox 657 1100 733 1166; x_wconf 91' lang='lat' dir='ltr'>olim</span> <span class='ocrx_word' id='word_1_72' title='bbox 754 1122 854 1166; x_wconf 82' lang='lat' dir='ltr'>eoenae</span> <span class='ocrx_word' id='word_1_73' title='bbox 881 1100 1056 1164; x_wconf 80' lang='lat' dir='ltr'>Dominioae</span> <span class='ocrx_word' id='word_1_74' title='bbox 1102 1121 1153 1164; x_wconf 87' lang='lat' dir='ltr'>ar-</span> 
     </span>
     <span class='ocr_line' id='line_1_10' title="bbox 97 1185 1155 1272; baseline -0.001 -21"><span class='ocrx_word' id='word_1_75' title='bbox 97 1185 216 1272; x_wconf 84' lang='lat' dir='ltr'>tieipes</span> <span class='ocrx_word' id='word_1_76' title='bbox 243 1186 389 1252; x_wconf 80' lang='lat' dir='ltr'>firissent.</span> <span class='ocrx_word' id='word_1_77' title='bbox 444 1185 545 1252; x_wconf 87' lang='lat' dir='ltr'>Haud</span> <span class='ocrx_word' id='word_1_78' title='bbox 572 1186 665 1252; x_wconf 84' lang='lat' dir='ltr'>made.</span> <span class='ocrx_word' id='word_1_79' title='bbox 716 1185 929 1252; x_wconf 87' lang='lat' dir='ltr'>Nihilominus</span> <span class='ocrx_word' id='word_1_80' title='bbox 954 1185 1056 1252; x_wconf 86' lang='lat' dir='ltr'>retine</span> <span class='ocrx_word' id='word_1_81' title='bbox 1100 1207 1155 1250; x_wconf 88' lang='lat' dir='ltr'>am</span> 
     </span>
     <span class='ocr_line' id='line_1_11' title="bbox 98 1271 1156 1358; baseline -0.001 -21"><span class='ocrx_word' id='word_1_82' title='bbox 98 1272 229 1338; x_wconf 85' lang='lat' dir='ltr'>videtur</span> <span class='ocrx_word' id='word_1_83' title='bbox 258 1273 336 1337; x_wconf 86' lang='lat' dir='ltr'>mihi</span> <span class='ocrx_word' id='word_1_84' title='bbox 362 1276 391 1338; x_wconf 81' lang='lat' dir='ltr'>ot</span> <span class='ocrx_word' id='word_1_85' title='bbox 419 1275 521 1338; x_wconf 78' lang='grc' dir='ltr'>πισταὶ</span> <span class='ocrx_word' id='word_1_86' title='bbox 549 1272 693 1358; x_wconf 79' lang='lat' dir='ltr'>plurimis</span> <span class='ocrx_word' id='word_1_87' title='bbox 722 1272 890 1338; x_wconf 81' lang='lat' dir='ltr'>Oanonum</span> <span class='ocrx_word' id='word_1_88' title='bbox 918 1271 1156 1337; x_wconf 82' lang='lat' dir='ltr'>eolloetionibas</span> 
     </span>
     <span class='ocr_line' id='line_1_12' title="bbox 98 1358 1157 1446; baseline -0.002 -22"><span class='ocrx_word' id='word_1_89' title='bbox 98 1381 141 1424; x_wconf 89' lang='lat' dir='ltr'>an</span> <span class='ocrx_word' id='word_1_90' title='bbox 166 1358 256 1424; x_wconf 86' lang='lat' dir='ltr'>libris</span> <span class='ocrx_word' id='word_1_91' title='bbox 281 1359 410 1446; x_wconf 81' lang='lat' dir='ltr'>seriptis</span> <span class='ocrx_word' id='word_1_92' title='bbox 433 1359 605 1436; x_wconf 85' lang='lat' dir='ltr'>firmatum,</span> <span class='ocrx_word' id='word_1_93' title='bbox 631 1365 670 1424; x_wconf 87' lang='lat' dir='ltr'>ut</span> <span class='ocrx_word' id='word_1_94' title='bbox 694 1358 871 1444; x_wconf 86' lang='lat' dir='ltr'>jubeantur</span> <span class='ocrx_word' id='word_1_95' title='bbox 894 1358 1157 1445; x_wconf 70' lang='lat' dir='ltr'>pravaricatoras</span> 
     </span>
     <span class='ocr_line' id='line_1_13' title="bbox 100 1444 1158 1532; baseline -0.003 -21"><span class='ocrx_word' id='word_1_96' title='bbox 100 1445 158 1532; x_wconf 92' lang='lat' dir='ltr'>qui</span> <span class='ocrx_word' id='word_1_97' title='bbox 172 1445 316 1524; x_wconf 81' lang='lat' dir='ltr'>erodunt,</span> <span class='ocrx_word' id='word_1_98' title='bbox 323 1445 433 1530; x_wconf 68' lang='lat' dir='ltr'>fidelos</span> <span class='ocrx_word' id='word_1_99' title='bbox 447 1444 576 1520; x_wconf 82' lang='lat' dir='ltr'>soilioot,</span> <span class='ocrx_word' id='word_1_100' title='bbox 592 1445 678 1510; x_wconf 88' lang='lat' dir='ltr'>inter</span> <span class='ocrx_word' id='word_1_101' title='bbox 691 1445 858 1512; x_wconf 83' lang='lat' dir='ltr'>audientes</span> <span class='ocrx_word' id='word_1_102' title='bbox 872 1444 1040 1521; x_wconf 80' lang='lat' dir='ltr'>oollooa1i3</span> <span class='ocrx_word' id='word_1_103' title='bbox 1061 1445 1158 1529; x_wconf 80' lang='lat' dir='ltr'>juxta</span> 
     </span>
     <span class='ocr_line' id='line_1_14' title="bbox 99 1530 1158 1632; baseline -0.003 -34"><span class='ocrx_word' id='word_1_104' title='bbox 99 1554 141 1598; x_wconf 90' lang='lat' dir='ltr'>ao</span> <span class='ocrx_word' id='word_1_105' title='bbox 166 1553 286 1597; x_wconf 82' lang='lat' dir='ltr'>canone</span> <span class='ocrx_word' id='word_1_106' title='bbox 306 1531 429 1597; x_wconf 90' lang='lat' dir='ltr'>deoimo</span> <span class='ocrx_word' id='word_1_107' title='bbox 452 1538 544 1596; x_wconf 83' lang='lat' dir='ltr'>sexto</span> <span class='ocrx_word' id='word_1_108' title='bbox 567 1538 726 1632; x_wconf 71' lang='lat' dir='ltr'>cogantur</span> <span class='ocrx_word' id='word_1_109' title='bbox 748 1532 840 1618; x_wconf 81' lang='lat' dir='ltr'>lapsi,</span> <span class='ocrx_word' id='word_1_110' title='bbox 862 1532 917 1616; x_wconf 91' lang='lat' dir='ltr'>qni</span> <span class='ocrx_word' id='word_1_111' title='bbox 939 1530 1058 1596; x_wconf 80' lang='lat' dir='ltr'>suerint</span> <span class='ocrx_word' id='word_1_112' title='bbox 1086 1538 1158 1596; x_wconf 90' lang='lat' dir='ltr'>tan·</span> 
     </span>
     <span class='ocr_line' id='line_1_15' title="bbox 100 1617 1158 1703; baseline -0.003 -19"><span class='ocrx_word' id='word_1_113' title='bbox 100 1625 174 1684; x_wconf 86' lang='lat' dir='ltr'>tum</span> <span class='ocrx_word' id='word_1_114' title='bbox 192 1617 421 1698; x_wconf 76' lang='lat' dir='ltr'>eateehrnneni,</span> <span class='ocrx_word' id='word_1_115' title='bbox 439 1617 525 1682; x_wconf 90' lang='lat' dir='ltr'>inter</span> <span class='ocrx_word' id='word_1_116' title='bbox 538 1618 704 1682; x_wconf 72' lang='lat' dir='ltr'>audientes</span> <span class='ocrx_word' id='word_1_117' title='bbox 726 1617 797 1684; x_wconf 86' lang='lat' dir='ltr'>illos</span> <span class='ocrx_word' id='word_1_118' title='bbox 814 1619 900 1684; x_wconf 88' lang='lat' dir='ltr'>idem</span> <span class='ocrx_word' id='word_1_119' title='bbox 919 1625 986 1683; x_wconf 86' lang='lat' dir='ltr'>tem</span> <span class='ocrx_word' id='word_1_120' title='bbox 1028 1617 1073 1682; x_wconf 89' lang='lat' dir='ltr'>ris</span> <span class='ocrx_word' id='word_1_121' title='bbox 1086 1639 1158 1703; x_wconf 91' lang='lat' dir='ltr'>spa·</span> 
     </span>
     <span class='ocr_line' id='line_1_16' title="bbox 102 1702 1161 1792; baseline -0.003 -22"><span class='ocrx_word' id='word_1_122' title='bbox 102 1703 186 1770; x_wconf 82' lang='lat' dir='ltr'>tium</span> <span class='ocrx_word' id='word_1_123' title='bbox 210 1704 397 1792; x_wconf 59' lang='lat' dir='ltr'>&amp;armigero</span> <span class='ocrx_word' id='word_1_124' title='bbox 449 1703 512 1781; x_wconf 79' lang='lat' dir='ltr'>Ita,</span> <span class='ocrx_word' id='word_1_125' title='bbox 533 1710 571 1769; x_wconf 90' lang='lat' dir='ltr'>ut</span> <span class='ocrx_word' id='word_1_126' title='bbox 595 1711 669 1790; x_wconf 86' lang='lat' dir='ltr'>post</span> <span class='ocrx_word' id='word_1_127' title='bbox 693 1702 768 1783; x_wconf 72' lang='lat' dir='ltr'>vidi,</span> <span class='ocrx_word' id='word_1_128' title='bbox 795 1705 829 1769; x_wconf 91' lang='lat' dir='ltr'>in</span> <span class='ocrx_word' id='word_1_129' title='bbox 853 1704 954 1769; x_wconf 83' lang='lat' dir='ltr'>veteri</span> <span class='ocrx_word' id='word_1_130' title='bbox 980 1705 988 1718; x_wconf 78' lang='lat'><em>⁰</em></span> <span class='ocrx_word' id='word_1_131' title='bbox 1060 1703 1161 1768; x_wconf 86' lang='lat' dir='ltr'>intor-</span> 
     </span>
     <span class='ocr_line' id='line_1_17' title="bbox 103 1788 1161 1878; baseline -0.002 -22"><span class='ocrx_word' id='word_1_132' title='bbox 103 1790 296 1878; x_wconf 81' lang='lat' dir='ltr'>pretatione‚</span> <span class='ocrx_word' id='word_1_133' title='bbox 317 1811 414 1876; x_wconf 89' lang='lat' dir='ltr'>quam</span> <span class='ocrx_word' id='word_1_134' title='bbox 435 1791 478 1855; x_wconf 86' lang='lat' dir='ltr'>ad</span> <span class='ocrx_word' id='word_1_135' title='bbox 501 1788 662 1855; x_wconf 81' lang='lat' dir='ltr'>Oanonem</span> <span class='ocrx_word' id='word_1_136' title='bbox 677 1789 776 1856; x_wconf 88' lang='lat' dir='ltr'>VIII.</span> <span class='ocrx_word' id='word_1_137' title='bbox 799 1789 981 1869; x_wconf 79' lang='lat' dir='ltr'>memoravi,</span> <span class='ocrx_word' id='word_1_138' title='bbox 1004 1790 1093 1854; x_wconf 83' lang='lat' dir='ltr'>loona</span> <span class='ocrx_word' id='word_1_139' title='bbox 1113 1790 1161 1854; x_wconf 87' lang='lat' dir='ltr'>sio</span> 
     </span>
     <span class='ocr_line' id='line_1_18' title="bbox 102 1875 1161 1978; baseline -0.003 -35"><span class='ocrx_word' id='word_1_140' title='bbox 102 1877 250 1955; x_wconf 86' lang='lat' dir='ltr'>vertitur,</span> <span class='ocrx_word' id='word_1_141' title='bbox 266 1877 399 1942; x_wconf 68' lang='lat' dir='ltr'>triennio</span> <span class='ocrx_word' id='word_1_142' title='bbox 410 1877 491 1942; x_wconf 78' lang='lat' dir='ltr'>inter</span> <span class='ocrx_word' id='word_1_143' title='bbox 504 1875 659 1942; x_wconf 66' lang='lat' dir='ltr'>audientes</span> <span class='ocrx_word' id='word_1_144' title='bbox 676 1876 747 1955; x_wconf 75' lang='grc' dir='ltr'>τίαν,</span> <span class='ocrx_word' id='word_1_145' title='bbox 762 1876 817 1978; x_wconf 74' lang='lat' dir='ltr'>pai</span> <span class='ocrx_word' id='word_1_146' title='bbox 830 1877 911 1962; x_wconf 80' lang='lat' dir='ltr'>lapsi</span> <span class='ocrx_word' id='word_1_147' title='bbox 919 1877 1044 1962; x_wconf 67' lang='lat' dir='ltr'>saeviat</span> <span class='ocrx_word' id='word_1_148' title='bbox 1055 1875 1161 1962; x_wconf 90' lang='lat' dir='ltr'>bapti-</span> 
     </span>
     <span class='ocr_line' id='line_1_19' title="bbox 104 1961 1159 2049; baseline -0.002 -19"><span class='ocrx_word' id='word_1_149' title='bbox 104 1963 178 2030; x_wconf 84' lang='lat' dir='ltr'>zati.</span> <span class='ocrx_word' id='word_1_150' title='bbox 223 1963 281 2028; x_wconf 80' lang='lat' dir='ltr'>Ad</span> <span class='ocrx_word' id='word_1_151' title='bbox 293 1961 425 2049; x_wconf 75' lang='lat' dir='ltr'>phrasin</span> <span class='ocrx_word' id='word_1_152' title='bbox 439 1983 514 2030; x_wconf 86' lang='lat' dir='ltr'>vero</span> <span class='ocrx_word' id='word_1_153' title='bbox 529 1963 614 2048; x_wconf 89' lang='lat' dir='ltr'>quod</span> <span class='ocrx_word' id='word_1_154' title='bbox 628 1963 748 2027; x_wconf 88' lang='lat' dir='ltr'>attinet</span> <span class='ocrx_word' id='word_1_155' title='bbox 765 1963 1012 2037; x_wconf 71' lang='lat' dir='ltr'>insolentiam,</span> <span class='ocrx_word' id='word_1_156' title='bbox 1027 1965 1094 2044; x_wconf 87' lang='grc' dir='ltr'>τρία</span> <span class='ocrx_word' id='word_1_157' title='bbox 1108 1963 1159 2042; x_wconf 84' lang='grc' dir='ltr'>ἔτη</span> 
     </span>
     <span class='ocr_line' id='line_1_20' title="bbox 103 2047 1160 2136; baseline -0.003 -21"><span class='ocrx_word' id='word_1_158' title='bbox 103 2048 293 2130; x_wconf 81' lang='grc' dir='ltr'>ποιήσουσιν,</span> <span class='ocrx_word' id='word_1_159' title='bbox 312 2048 457 2114; x_wconf 80' lang='lat' dir='ltr'>similiter</span> <span class='ocrx_word' id='word_1_160' title='bbox 476 2047 587 2114; x_wconf 75' lang='lat' dir='ltr'>scribit</span> <span class='ocrx_word' id='word_1_161' title='bbox 607 2049 639 2114; x_wconf 86' lang='lat' dir='ltr'>S.</span> <span class='ocrx_word' id='word_1_162' title='bbox 654 2049 759 2114; x_wconf 83' lang='lat' dir='ltr'>Lueas</span> <span class='ocrx_word' id='word_1_163' title='bbox 771 2053 843 2116; x_wconf 66' lang='lat' dir='ltr'>Aa.</span> <span class='ocrx_word' id='word_1_164' title='bbox 857 2052 964 2136; x_wconf 77' lang='grc' dir='ltr'>Δροσί.</span> <span class='ocrx_word' id='word_1_165' title='bbox 978 2071 1033 2113; x_wconf 84' lang='lat' dir='ltr'>xx.</span> <span class='ocrx_word' id='word_1_166' title='bbox 1044 2069 1076 2136; x_wconf 84' lang='lat'>3.</span> <span class='ocrx_word' id='word_1_167' title='bbox 1096 2073 1160 2113; x_wconf 85' lang='grc' dir='ltr'>ποι-</span> 
     </span>
     <span class='ocr_line' id='line_1_21' title="bbox 103 2133 1160 2222; baseline 0 -22"><span class='ocrx_word' id='word_1_168' title='bbox 103 2135 183 2216; x_wconf 82' lang='grc' dir='ltr'>ήσας</span> <span class='ocrx_word' id='word_1_169' title='bbox 196 2161 230 2200; x_wconf 90' lang='grc' dir='ltr'>τε</span> <span class='ocrx_word' id='word_1_170' title='bbox 244 2140 339 2216; x_wconf 83' lang='grc' dir='ltr'>μῆνας</span> <span class='ocrx_word' id='word_1_171' title='bbox 353 2142 441 2217; x_wconf 84' lang='grc' dir='ltr'>τρεῖς,</span> <span class='ocrx_word' id='word_1_172' title='bbox 457 2134 657 2220; x_wconf 75' lang='lat' dir='ltr'>Sanettrsque</span> <span class='ocrx_word' id='word_1_173' title='bbox 672 2135 794 2202; x_wconf 85' lang='lat' dir='ltr'>Paulus</span> <span class='ocrx_word' id='word_1_174' title='bbox 814 2156 834 2205; x_wconf 74' lang='grc' dir='ltr'>ν</span> <span class='ocrx_word' id='word_1_175' title='bbox 849 2137 918 2201; x_wconf 78' lang='lat'><strong><em>0⁰¹¹.</em></strong></span> <span class='ocrx_word' id='word_1_176' title='bbox 930 2136 973 2201; x_wconf 87' lang='lat' dir='ltr'>xi.</span> <span class='ocrx_word' id='word_1_177' title='bbox 986 2149 1038 2222; x_wconf 86' lang='lat'>25.</span> <span class='ocrx_word' id='word_1_178' title='bbox 1054 2133 1160 2214; x_wconf 79' lang='grc' dir='ltr'>ννκθή·</span> 
     </span>
     <span class='ocr_line' id='line_1_22' title="bbox 104 2221 573 2307; baseline 0 -21"><span class='ocrx_word' id='word_1_179' title='bbox 104 2247 199 2305; x_wconf 88' lang='grc' dir='ltr'>μερον</span> <span class='ocrx_word' id='word_1_180' title='bbox 215 2224 250 2286; x_wconf 79' lang='grc' dir='ltr'>ἐν</span> <span class='ocrx_word' id='word_1_181' title='bbox 263 2225 304 2286; x_wconf 63' lang='lat' dir='ltr'>r*</span> <span class='ocrx_word' id='word_1_182' title='bbox 318 2223 403 2307; x_wconf 80' lang='grc' dir='ltr'>βθθῳ</span> <span class='ocrx_word' id='word_1_183' title='bbox 418 2221 573 2301; x_wconf 84' lang='grc' dir='ltr'>πεποίηκα.</span> 
     </span>
    </p>

    <p class='ocr_par' dir='ltr' id='par_1_5' title="bbox 105 2249 1161 2739">
     <span class='ocr_line' id='line_1_23' title="bbox 148 2249 1159 2396; baseline -0.001 -25"><span class='ocrx_word' id='word_1_184' title='bbox 148 2308 190 2371; x_wconf 92' lang='grc' dir='ltr'>Ρ.</span> <span class='ocrx_word' id='word_1_185' title='bbox 199 2249 313 2393; x_wconf 68' lang='lat' dir='ltr'>mi,</span> <span class='ocrx_word' id='word_1_186' title='bbox 326 2307 356 2372; x_wconf 90' lang='lat'>8.</span> <span class='ocrx_word' id='word_1_187' title='bbox 372 2307 420 2372; x_wconf 77' lang='grc' dir='ltr'>καὶ</span> <span class='ocrx_word' id='word_1_188' title='bbox 436 2308 511 2372; x_wconf 71' lang='grc' dir='ltr'>ἑπτὰ</span> <span class='ocrx_word' id='word_1_189' title='bbox 526 2307 576 2388; x_wconf 72' lang='grc' dir='ltr'>ἔτη</span> <span class='ocrx_word' id='word_1_190' title='bbox 591 2309 826 2396; x_wconf 55' lang='lat' dir='ltr'>aaronem]</span> <span class='ocrx_word' id='word_1_191' title='bbox 844 2308 1040 2394; x_wconf 74' lang='lat' dir='ltr'>Dionysiana</span> <span class='ocrx_word' id='word_1_192' title='bbox 1054 2308 1159 2372; x_wconf 87' lang='lat' dir='ltr'>Inter·</span> 
     </span>
     <span class='ocr_line' id='line_1_24' title="bbox 105 2392 1160 2480; baseline -0.003 -20"><span class='ocrx_word' id='word_1_193' title='bbox 105 2393 248 2480; x_wconf 80' lang='lat' dir='ltr'>pretatio</span> <span class='ocrx_word' id='word_1_194' title='bbox 269 2392 320 2458; x_wconf 88' lang='lat' dir='ltr'>his</span> <span class='ocrx_word' id='word_1_195' title='bbox 343 2392 488 2478; x_wconf 75' lang='lat' dir='ltr'>subjecta</span> <span class='ocrx_word' id='word_1_196' title='bbox 513 2393 686 2458; x_wconf 76' lang='lat' dir='ltr'>canonibus</span> <span class='ocrx_word' id='word_1_197' title='bbox 711 2393 811 2460; x_wconf 86' lang='lat' dir='ltr'>habet</span> <span class='ocrx_word' id='word_1_198' title='bbox 835 2415 885 2459; x_wconf 80' lang='grc' dir='ltr'>τοο</span> <span class='ocrx_word' id='word_1_199' title='bbox 906 2415 1009 2459; x_wconf 71' lang='lat' dir='ltr'>amos.</span> <span class='ocrx_word' id='word_1_200' title='bbox 1052 2393 1160 2458; x_wconf 84' lang='lat' dir='ltr'>Aliter</span> 
     </span>
     <span class='ocr_line' id='line_1_25' title="bbox 105 2478 1160 2565; baseline -0.002 -20"><span class='ocrx_word' id='word_1_201' title='bbox 105 2501 182 2546; x_wconf 85' lang='lat' dir='ltr'>voro</span> <span class='ocrx_word' id='word_1_202' title='bbox 196 2487 266 2546; x_wconf 83' lang='lat' dir='ltr'>tam</span> <span class='ocrx_word' id='word_1_203' title='bbox 280 2485 405 2546; x_wconf 63' lang='grc' dir='ltr'>σείοντα</span> <span class='ocrx_word' id='word_1_204' title='bbox 416 2478 591 2546; x_wconf 84' lang='lat' dir='ltr'>Versiones</span> <span class='ocrx_word' id='word_1_205' title='bbox 602 2479 737 2559; x_wconf 72' lang='lat' dir='ltr'>Latinae,</span> <span class='ocrx_word' id='word_1_206' title='bbox 754 2502 851 2565; x_wconf 88' lang='lat' dir='ltr'>quam</span> <span class='ocrx_word' id='word_1_207' title='bbox 864 2481 969 2546; x_wconf 79' lang='lat' dir='ltr'>Graeei</span> <span class='ocrx_word' id='word_1_208' title='bbox 978 2481 1051 2546; x_wconf 90' lang='lat' dir='ltr'>libri</span> <span class='ocrx_word' id='word_1_209' title='bbox 1062 2487 1097 2546; x_wconf 90' lang='lat' dir='ltr'>et</span> <span class='ocrx_word' id='word_1_210' title='bbox 1106 2501 1160 2544; x_wconf 85' lang='lat' dir='ltr'>ex·</span> 
     </span>
     <span class='ocr_line' id='line_1_26' title="bbox 106 2565 1161 2654; baseline -0.001 -22"><span class='ocrx_word' id='word_1_211' title='bbox 106 2566 175 2632; x_wconf 82' lang='lat' dir='ltr'>ausi</span> <span class='ocrx_word' id='word_1_212' title='bbox 197 2573 232 2632; x_wconf 89' lang='lat' dir='ltr'>ot</span> <span class='ocrx_word' id='word_1_213' title='bbox 252 2565 371 2653; x_wconf 85' lang='lat' dir='ltr'>seripti.</span> <span class='ocrx_word' id='word_1_214' title='bbox 415 2565 479 2632; x_wconf 87' lang='lat' dir='ltr'>Sed</span> <span class='ocrx_word' id='word_1_215' title='bbox 499 2565 542 2630; x_wconf 86' lang='lat' dir='ltr'>ab</span> <span class='ocrx_word' id='word_1_216' title='bbox 558 2566 706 2632; x_wconf 87' lang='lat' dir='ltr'>omnibus</span> <span class='ocrx_word' id='word_1_217' title='bbox 725 2573 815 2632; x_wconf 86' lang='lat' dir='ltr'>totas</span> <span class='ocrx_word' id='word_1_218' title='bbox 832 2567 993 2654; x_wconf 72' lang='lat' dir='ltr'>discrepat</span> <span class='ocrx_word' id='word_1_219' title='bbox 1006 2587 1161 2634; x_wconf 90' lang='lat' dir='ltr'>oanonem</span> 
     </span>
     <span class='ocr_line' id='line_1_27' title="bbox 105 2651 790 2739; baseline 0 -21"><span class='ocrx_word' id='word_1_220' title='bbox 105 2653 192 2720; x_wconf 87' lang='lat' dir='ltr'>huna</span> <span class='ocrx_word' id='word_1_221' title='bbox 206 2651 347 2718; x_wconf 84' lang='lat' dir='ltr'>referens</span> <span class='ocrx_word' id='word_1_222' title='bbox 361 2651 497 2718; x_wconf 81' lang='lat' dir='ltr'>Rufinus</span> <span class='ocrx_word' id='word_1_223' title='bbox 510 2651 594 2718; x_wconf 79' lang='lat' dir='ltr'>Hist.</span> <span class='ocrx_word' id='word_1_224' title='bbox 610 2651 694 2718; x_wconf 82' lang='grc' dir='ltr'>Εοοί.</span> <span class='ocrx_word' id='word_1_225' title='bbox 709 2675 741 2717; x_wconf 80' lang='lat' dir='ltr'>x.</span> <span class='ocrx_word' id='word_1_226' title='bbox 756 2669 790 2739; x_wconf 81' lang='lat'>5.</span> 
     </span>
    </p>
   </div>
   <div class='ocr_carea' id='block_1_5' title="bbox 506 2799 766 2867">
    <p class='ocr_par' dir='ltr' id='par_1_6' title="bbox 506 2799 766 2867">
     <span class='ocr_line' id='line_1_28' title="bbox 506 2799 766 2867; baseline -0.004 0"><span class='ocrx_word' id='word_1_227' title='bbox 506 2799 659 2867; x_wconf 83' lang='lat' dir='ltr'><strong>OANON</strong></span> <span class='ocrx_word' id='word_1_228' title='bbox 681 2799 766 2866; x_wconf 89' lang='lat' dir='ltr'>XII.</span> 
     </span>
    </p>
   </div>
   <div class='ocr_carea' id='block_1_6' title="bbox 106 2903 1168 4370">
    <p class='ocr_par' dir='ltr' id='par_1_7' title="bbox 106 2903 1168 4370">
     <span class='ocr_line' id='line_1_29' title="bbox 153 2903 1163 2992; baseline 0.001 -23"><span class='ocrx_word' id='word_1_229' title='bbox 153 2903 236 2970; x_wconf 87' lang='lat' dir='ltr'>Ibid.</span> <span class='ocrx_word' id='word_1_230' title='bbox 255 2904 278 2970; x_wconf 90' lang='lat' dir='ltr'>l.</span> <span class='ocrx_word' id='word_1_231' title='bbox 297 2923 347 2990; x_wconf 78' lang='lat'>13.</span> <span class='ocrx_word' id='word_1_232' title='bbox 370 2904 419 2969; x_wconf 80' lang='grc' dir='ltr'>καὶ</span> <span class='ocrx_word' id='word_1_233' title='bbox 438 2903 619 2986; x_wconf 72' lang='grc' dir='ltr'>ἀποθέμενοι</span> <span class='ocrx_word' id='word_1_234' title='bbox 637 2907 690 2973; x_wconf 82' lang='grc' dir='ltr'>τδς</span> <span class='ocrx_word' id='word_1_235' title='bbox 708 2905 816 2990; x_wconf 75' lang='grc' dir='ltr'>ζόνας]</span> <span class='ocrx_word' id='word_1_236' title='bbox 834 2904 885 2970; x_wconf 90' lang='lat' dir='ltr'>Ut</span> <span class='ocrx_word' id='word_1_237' title='bbox 904 2927 956 2970; x_wconf 83' lang='lat' dir='ltr'>res</span> <span class='ocrx_word' id='word_1_238' title='bbox 975 2906 1034 2970; x_wconf 83' lang='lat' dir='ltr'>sub</span> <span class='ocrx_word' id='word_1_239' title='bbox 1053 2911 1163 2992; x_wconf 82' lang='lat' dir='ltr'>tyran·</span> 
     </span>
     <span class='ocr_line' id='line_1_30' title="bbox 106 2989 1163 3076; baseline -0.001 -19"><span class='ocrx_word' id='word_1_240' title='bbox 106 2991 183 3058; x_wconf 84' lang='lat' dir='ltr'>nido</span> <span class='ocrx_word' id='word_1_241' title='bbox 204 2989 317 3056; x_wconf 81' lang='lat' dir='ltr'>Liainii</span> <span class='ocrx_word' id='word_1_242' title='bbox 335 2996 445 3076; x_wconf 67' lang='lat' dir='ltr'>gadas</span> <span class='ocrx_word' id='word_1_243' title='bbox 463 2997 767 3056; x_wconf 82' lang='lat' dir='ltr'>oommemornverat</span> <span class='ocrx_word' id='word_1_244' title='bbox 785 3012 888 3056; x_wconf 84' lang='lat' dir='ltr'>oanan</span> <span class='ocrx_word' id='word_1_245' title='bbox 902 2991 1099 3069; x_wconf 85' lang='lat' dir='ltr'>novissimus,</span> <span class='ocrx_word' id='word_1_246' title='bbox 1114 2991 1163 3056; x_wconf 91' lang='lat' dir='ltr'>ita</span> 
     </span>
     <span class='ocr_line' id='line_1_31' title="bbox 108 3075 1164 3163; baseline -0.006 -17"><span class='ocrx_word' id='word_1_247' title='bbox 108 3076 315 3146; x_wconf 84' lang='lat' dir='ltr'>duodeoimns</span> <span class='ocrx_word' id='word_1_248' title='bbox 328 3075 381 3140; x_wconf 87' lang='lat' dir='ltr'>hia</span> <span class='ocrx_word' id='word_1_249' title='bbox 395 3097 497 3142; x_wconf 84' lang='lat' dir='ltr'>eanon</span> <span class='ocrx_word' id='word_1_250' title='bbox 511 3077 554 3142; x_wconf 87' lang='lat' dir='ltr'>ab</span> <span class='ocrx_word' id='word_1_251' title='bbox 565 3077 687 3162; x_wconf 90' lang='lat' dir='ltr'>optimo</span> <span class='ocrx_word' id='word_1_252' title='bbox 701 3076 877 3163; x_wconf 79' lang='lat' dir='ltr'>interprete</span> <span class='ocrx_word' id='word_1_253' title='bbox 887 3079 1016 3143; x_wconf 88' lang='lat' dir='ltr'>Zonara</span> <span class='ocrx_word' id='word_1_254' title='bbox 1024 3078 1068 3142; x_wconf 92' lang='lat' dir='ltr'>ad</span> <span class='ocrx_word' id='word_1_255' title='bbox 1078 3077 1164 3142; x_wconf 89' lang='lat' dir='ltr'>idom</span> 
     </span>
     <span class='ocr_line' id='line_1_32' title="bbox 107 3160 1164 3250; baseline -0.002 -20"><span class='ocrx_word' id='word_1_256' title='bbox 107 3172 237 3250; x_wconf 79' lang='lat' dir='ltr'>tempus</span> <span class='ocrx_word' id='word_1_257' title='bbox 251 3163 398 3228; x_wconf 84' lang='lat' dir='ltr'>refertur.</span> <span class='ocrx_word' id='word_1_258' title='bbox 420 3163 498 3245; x_wconf 77' lang='grc' dir='ltr'>Περὶ</span> <span class='ocrx_word' id='word_1_259' title='bbox 512 3160 766 3248; x_wconf 63' lang='grc' dir='ltr'>στρατευομένων,</span> <span class='ocrx_word' id='word_1_260' title='bbox 781 3163 829 3228; x_wconf 77' lang='lat' dir='ltr'>ait</span> <span class='ocrx_word' id='word_1_261' title='bbox 842 3163 904 3242; x_wconf 89' lang='lat' dir='ltr'>ille,</span> <span class='ocrx_word' id='word_1_262' title='bbox 920 3167 937 3228; x_wconf 85' lang='lat' dir='ltr'>d</span> <span class='ocrx_word' id='word_1_263' title='bbox 953 3165 1050 3230; x_wconf 77' lang='grc' dir='ltr'>κανδν</span> <span class='ocrx_word' id='word_1_264' title='bbox 1065 3163 1164 3229; x_wconf 74' lang='grc' dir='ltr'>διαλέ-</span> 
     </span>
     <span class='ocr_line' id='line_1_33' title="bbox 107 3248 1165 3335; baseline 0.001 -19"><span class='ocrx_word' id='word_1_265' title='bbox 107 3275 207 3335; x_wconf 84' lang='grc' dir='ltr'>γεται,</span> <span class='ocrx_word' id='word_1_266' title='bbox 223 3249 272 3315; x_wconf 73' lang='grc' dir='ltr'>καὶ</span> <span class='ocrx_word' id='word_1_267' title='bbox 287 3248 518 3332; x_wconf 76' lang='grc' dir='ltr'>δτοῤῥιψιίντον</span> <span class='ocrx_word' id='word_1_268' title='bbox 531 3251 589 3330; x_wconf 71' lang='grc' dir='ltr'>μὲν</span> <span class='ocrx_word' id='word_1_269' title='bbox 603 3253 656 3325; x_wconf 81' lang='grc' dir='ltr'>τδς</span> <span class='ocrx_word' id='word_1_270' title='bbox 668 3251 771 3330; x_wconf 72' lang='grc' dir='ltr'>ξείνας,</span> <span class='ocrx_word' id='word_1_271' title='bbox 786 3250 880 3333; x_wconf 71' lang='grc' dir='ltr'>τ”ρρουν</span> <span class='ocrx_word' id='word_1_272' title='bbox 891 3254 929 3315; x_wconf 82' lang='grc' dir='ltr'>τδ</span> <span class='ocrx_word' id='word_1_273' title='bbox 942 3254 993 3330; x_wconf 81' lang='grc' dir='ltr'>τῆς</span> <span class='ocrx_word' id='word_1_274' title='bbox 1007 3251 1165 3333; x_wconf 93' lang='grc' dir='ltr'>στρατείας</span> 
     </span>
     <span class='ocr_line' id='line_1_34' title="bbox 107 3334 1164 3420; baseline -0.002 -18"><span class='ocrx_word' id='word_1_275' title='bbox 107 3335 284 3420; x_wconf 80' lang='grc' dir='ltr'>παρδοημα,</span> <span class='ocrx_word' id='word_1_276' title='bbox 296 3337 414 3418; x_wconf 76' lang='grc' dir='ltr'>ὅρμημα</span> <span class='ocrx_word' id='word_1_277' title='bbox 428 3337 461 3400; x_wconf 72' lang='grc' dir='ltr'>δὲ</span> <span class='ocrx_word' id='word_1_278' title='bbox 475 3334 550 3418; x_wconf 81' lang='grc' dir='ltr'>πρὸς</span> <span class='ocrx_word' id='word_1_279' title='bbox 563 3338 727 3418; x_wconf 79' lang='grc' dir='ltr'>μορινρίαν</span> <span class='ocrx_word' id='word_1_280' title='bbox 742 3335 968 3417; x_wconf 63' lang='grc' dir='ltr'>ἐνδειξομένων,</span> <span class='ocrx_word' id='word_1_281' title='bbox 978 3335 1029 3405; x_wconf 64' lang='lat' dir='ltr'>ote</span> <span class='ocrx_word' id='word_1_282' title='bbox 1044 3339 1092 3402; x_wconf 79' lang='grc' dir='ltr'>καὶ</span> <span class='ocrx_word' id='word_1_283' title='bbox 1106 3336 1164 3401; x_wconf 65' lang='lat' dir='ltr'>tae</span> 
     </span>
     <span class='ocr_line' id='line_1_35' title="bbox 109 3421 1163 3507; baseline -0.001 -18"><span class='ocrx_word' id='word_1_284' title='bbox 109 3427 162 3504; x_wconf 77' lang='grc' dir='ltr'>τῆς</span> <span class='ocrx_word' id='word_1_285' title='bbox 177 3424 274 3492; x_wconf 89' lang='grc' dir='ltr'>Θείας</span> <span class='ocrx_word' id='word_1_286' title='bbox 286 3421 407 3505; x_wconf 75' lang='grc' dir='ltr'>χάριτος</span> <span class='ocrx_word' id='word_1_287' title='bbox 428 3423 575 3502; x_wconf 74' lang='grc' dir='ltr'>κληθῆναί</span> <span class='ocrx_word' id='word_1_288' title='bbox 592 3431 696 3506; x_wconf 74' lang='grc' dir='ltr'>φησιν,</span> <span class='ocrx_word' id='word_1_289' title='bbox 717 3423 758 3491; x_wconf 71' lang='grc' dir='ltr'>ὣς</span> <span class='ocrx_word' id='word_1_290' title='bbox 777 3425 816 3488; x_wconf 88' lang='grc' dir='ltr'>δι’</span> <span class='ocrx_word' id='word_1_291' title='bbox 832 3424 945 3504; x_wconf 73' lang='grc' dir='ltr'>ἐκείνης</span> <span class='ocrx_word' id='word_1_292' title='bbox 965 3423 1163 3507; x_wconf 76' lang='grc' dir='ltr'>ἐτιῤῥοσθέν-</span> 
     </span>
     <span class='ocr_line' id='line_1_36' title="bbox 110 3507 1165 3592; baseline 0 -18"><span class='ocrx_word' id='word_1_293' title='bbox 110 3535 165 3578; x_wconf 80' lang='grc' dir='ltr'>τος</span> <span class='ocrx_word' id='word_1_294' title='bbox 178 3508 254 3592; x_wconf 76' lang='grc' dir='ltr'>πρὸς</span> <span class='ocrx_word' id='word_1_295' title='bbox 267 3509 321 3589; x_wconf 77' lang='grc' dir='ltr'>τὴν</span> <span class='ocrx_word' id='word_1_296' title='bbox 336 3507 481 3572; x_wconf 76' lang='grc' dir='ltr'>ἔνστασιν</span> <span class='ocrx_word' id='word_1_297' title='bbox 494 3511 545 3588; x_wconf 83' lang='grc' dir='ltr'>τῆς</span> <span class='ocrx_word' id='word_1_298' title='bbox 558 3509 721 3590; x_wconf 77' lang='grc' dir='ltr'>ὁμολογίαι</span> <span class='ocrx_word' id='word_1_299' title='bbox 734 3513 787 3588; x_wconf 77' lang='grc' dir='ltr'>τῆς</span> <span class='ocrx_word' id='word_1_300' title='bbox 799 3511 938 3582; x_wconf 75' lang='grc' dir='ltr'>πίστεως,</span> <span class='ocrx_word' id='word_1_301' title='bbox 951 3510 1015 3574; x_wconf 76' lang='grc' dir='ltr'>εἶτα</span> <span class='ocrx_word' id='word_1_302' title='bbox 1029 3513 1064 3574; x_wconf 77' lang='grc' dir='ltr'>ἐν</span> <span class='ocrx_word' id='word_1_303' title='bbox 1076 3535 1165 3590; x_wconf 87' lang='grc' dir='ltr'>μετα·</span> 
     </span>
     <span class='ocr_line' id='line_1_37' title="bbox 109 3591 1167 3680; baseline -0.001 -19"><span class='ocrx_word' id='word_1_304' title='bbox 109 3597 219 3680; x_wconf 79' lang='grc' dir='ltr'>μελείρ</span> <span class='ocrx_word' id='word_1_305' title='bbox 243 3591 414 3678; x_wconf 70' lang='grc' dir='ltr'>γενομέναν</span> <span class='ocrx_word' id='word_1_306' title='bbox 440 3593 489 3660; x_wconf 78' lang='grc' dir='ltr'>καὶ</span> <span class='ocrx_word' id='word_1_307' title='bbox 518 3594 602 3662; x_wconf 70' lang='lat' dir='ltr'>attis</span> <span class='ocrx_word' id='word_1_308' title='bbox 627 3596 669 3664; x_wconf 87' lang='grc' dir='ltr'>είς</span> <span class='ocrx_word' id='word_1_309' title='bbox 688 3595 742 3675; x_wconf 75' lang='grc' dir='ltr'>τὴν</span> <span class='ocrx_word' id='word_1_310' title='bbox 764 3595 913 3677; x_wconf 77' lang='grc' dir='ltr'>προτέραν</span> <span class='ocrx_word' id='word_1_311' title='bbox 938 3597 1167 3660; x_wconf 76' lang='grc' dir='ltr'>ἐπανελθόντων</span> 
     </span>
     <span class='ocr_line' id='line_1_38' title="bbox 111 3679 1162 3766; baseline -0.001 -20"><span class='ocrx_word' id='word_1_312' title='bbox 111 3681 283 3766; x_wconf 86' lang='grc' dir='ltr'>στρατείαν,</span> <span class='ocrx_word' id='word_1_313' title='bbox 300 3680 349 3745; x_wconf 77' lang='grc' dir='ltr'>καὶ</span> <span class='ocrx_word' id='word_1_314' title='bbox 367 3681 477 3760; x_wconf 73' lang='grc' dir='ltr'>ταύτην</span> <span class='ocrx_word' id='word_1_315' title='bbox 496 3681 645 3765; x_wconf 76' lang='grc' dir='ltr'>ἀργυρίοις</span> <span class='ocrx_word' id='word_1_316' title='bbox 662 3680 915 3761; x_wconf 72' lang='grc' dir='ltr'>θνακτησαμίνειυ</span> <span class='ocrx_word' id='word_1_317' title='bbox 931 3679 951 3761; x_wconf 80' lang='grc' dir='ltr'>ἢ</span> <span class='ocrx_word' id='word_1_318' title='bbox 968 3682 1162 3765; x_wconf 84' lang='grc' dir='ltr'>βενεφικίοις.</span> 
     </span>
     <span class='ocr_line' id='line_1_39' title="bbox 111 3766 1164 3855; baseline -0.003 -21"><span class='ocrx_word' id='word_1_319' title='bbox 111 3771 163 3834; x_wconf 77' lang='grc' dir='ltr'>διὰ</span> <span class='ocrx_word' id='word_1_320' title='bbox 177 3769 234 3849; x_wconf 78' lang='grc' dir='ltr'>μὶν</span> <span class='ocrx_word' id='word_1_321' title='bbox 247 3770 306 3851; x_wconf 77' lang='grc' dir='ltr'>γὰρ</span> <span class='ocrx_word' id='word_1_322' title='bbox 320 3771 380 3832; x_wconf 79' lang='grc' dir='ltr'>τῶν</span> <span class='ocrx_word' id='word_1_323' title='bbox 395 3768 542 3849; x_wconf 79' lang='grc' dir='ltr'>ἀργυρίου</span> <span class='ocrx_word' id='word_1_324' title='bbox 557 3771 699 3855; x_wconf 70' lang='grc' dir='ltr'>δηλοῦται</span> <span class='ocrx_word' id='word_1_325' title='bbox 714 3770 752 3831; x_wconf 77' lang='grc' dir='ltr'>τα</span> <span class='ocrx_word' id='word_1_326' title='bbox 765 3766 914 3852; x_wconf 78' lang='grc' dir='ltr'>χρήματα,</span> <span class='ocrx_word' id='word_1_327' title='bbox 928 3771 977 3833; x_wconf 84' lang='grc' dir='ltr'>διδ</span> <span class='ocrx_word' id='word_1_328' title='bbox 990 3770 1024 3832; x_wconf 69' lang='grc' dir='ltr'>δὲ</span> <span class='ocrx_word' id='word_1_329' title='bbox 1038 3774 1098 3832; x_wconf 77' lang='grc' dir='ltr'>τῶν</span> <span class='ocrx_word' id='word_1_330' title='bbox 1110 3774 1164 3848; x_wconf 84' lang='grc' dir='ltr'>βε-</span> 
     </span>
     <span class='ocr_line' id='line_1_40' title="bbox 113 3851 1165 3938; baseline -0.002 -18"><span class='ocrx_word' id='word_1_331' title='bbox 113 3855 258 3938; x_wconf 80' lang='grc' dir='ltr'>νεφιείον</span> <span class='ocrx_word' id='word_1_332' title='bbox 273 3853 353 3919; x_wconf 72' lang='grc' dir='ltr'>ὅταν</span> <span class='ocrx_word' id='word_1_333' title='bbox 368 3851 445 3920; x_wconf 80' lang='grc' dir='ltr'>εἶδος</span> <span class='ocrx_word' id='word_1_334' title='bbox 459 3851 582 3936; x_wconf 72' lang='grc' dir='ltr'>χάριτός</span> <span class='ocrx_word' id='word_1_335' title='bbox 594 3879 628 3918; x_wconf 92' lang='grc' dir='ltr'>τε</span> <span class='ocrx_word' id='word_1_336' title='bbox 643 3855 691 3918; x_wconf 82' lang='grc' dir='ltr'>καὶ</span> <span class='ocrx_word' id='word_1_337' title='bbox 705 3854 876 3932; x_wconf 62' lang='lat' dir='ltr'>tentatos·</span> <span class='ocrx_word' id='word_1_338' title='bbox 899 3857 949 3934; x_wconf 82' lang='grc' dir='ltr'>τῆς</span> <span class='ocrx_word' id='word_1_339' title='bbox 959 3857 1017 3936; x_wconf 86' lang='grc' dir='ltr'>γδρ</span> <span class='ocrx_word' id='word_1_340' title='bbox 1028 3855 1165 3918; x_wconf 82' lang='grc' dir='ltr'>Λατίνων</span> 
     </span>
     <span class='ocr_line' id='line_1_41' title="bbox 112 3936 1165 4022; baseline -0.002 -16"><span class='ocrx_word' id='word_1_341' title='bbox 112 3937 271 4006; x_wconf 74' lang='grc' dir='ltr'>διαλέκτου</span> <span class='ocrx_word' id='word_1_342' title='bbox 285 3940 364 4004; x_wconf 75' lang='grc' dir='ltr'>οὖσα</span> <span class='ocrx_word' id='word_1_343' title='bbox 377 3936 499 4019; x_wconf 75' lang='grc' dir='ltr'>ἡλέξις,</span> <span class='ocrx_word' id='word_1_344' title='bbox 513 3939 689 4021; x_wconf 68' lang='grc' dir='ltr'>εὐεργεσίαν</span> <span class='ocrx_word' id='word_1_345' title='bbox 702 3944 791 4021; x_wconf 78' lang='grc' dir='ltr'>δηλοῖ</span> <span class='ocrx_word' id='word_1_346' title='bbox 799 3939 872 4022; x_wconf 80' lang='grc' dir='ltr'>πρὸς</span> <span class='ocrx_word' id='word_1_347' title='bbox 885 3937 1052 4019; x_wconf 79' lang='grc' dir='ltr'>Ἑλληνίδα</span> <span class='ocrx_word' id='word_1_348' title='bbox 1061 3945 1165 4022; x_wconf 81' lang='grc' dir='ltr'>μεθερ-</span> 
     </span>
     <span class='ocr_line' id='line_1_42' title="bbox 111 4023 1164 4111; baseline -0.001 -20"><span class='ocrx_word' id='word_1_349' title='bbox 111 4025 298 4108; x_wconf 83' lang='grc' dir='ltr'>μηνευομένη</span> <span class='ocrx_word' id='word_1_350' title='bbox 319 4025 485 4090; x_wconf 76' lang='grc' dir='ltr'>διάλεκτον.</span> <span class='ocrx_word' id='word_1_351' title='bbox 515 4025 667 4108; x_wconf 74' lang='grc' dir='ltr'>εὐεργετεῖ</span> <span class='ocrx_word' id='word_1_352' title='bbox 684 4024 717 4091; x_wconf 74' lang='grc' dir='ltr'>δέ</span> <span class='ocrx_word' id='word_1_353' title='bbox 738 4051 794 4105; x_wconf 87' lang='grc' dir='ltr'>τις,</span> <span class='ocrx_word' id='word_1_354' title='bbox 815 4023 835 4106; x_wconf 79' lang='grc' dir='ltr'>ἢ</span> <span class='ocrx_word' id='word_1_355' title='bbox 854 4025 992 4111; x_wconf 79' lang='grc' dir='ltr'>χρήματα</span> <span class='ocrx_word' id='word_1_356' title='bbox 1013 4025 1164 4110; x_wconf 72' lang='grc' dir='ltr'>ταρίχου,</span> 
     </span>
     <span class='ocr_line' id='line_1_43' title="bbox 112 4108 1164 4194; baseline 0.002 -16"><span class='ocrx_word' id='word_1_357' title='bbox 112 4111 255 4193; x_wconf 66' lang='lat' dir='ltr'>tettae</span> <span class='ocrx_word' id='word_1_358' title='bbox 279 4108 396 4192; x_wconf 76' lang='grc' dir='ltr'>θέλημα</span> <span class='ocrx_word' id='word_1_359' title='bbox 416 4109 590 4190; x_wconf 73' lang='grc' dir='ltr'>οἱανδήποτε</span> <span class='ocrx_word' id='word_1_360' title='bbox 613 4117 736 4194; x_wconf 79' lang='grc' dir='ltr'>πληρόν</span> <span class='ocrx_word' id='word_1_361' title='bbox 755 4137 846 4191; x_wconf 89' lang='grc' dir='ltr'>τινος,</span> <span class='ocrx_word' id='word_1_362' title='bbox 869 4117 963 4194; x_wconf 75' lang='grc' dir='ltr'>δῆλον</span> <span class='ocrx_word' id='word_1_363' title='bbox 984 4114 1017 4177; x_wconf 67' lang='grc' dir='ltr'>δὲ</span> <span class='ocrx_word' id='word_1_364' title='bbox 1038 4112 1164 4187; x_wconf 76' lang='grc' dir='ltr'>πάντας,</span> 
     </span>
     <span class='ocr_line' id='line_1_44' title="bbox 114 4198 1167 4281; baseline 0.001 -18"><span class='ocrx_word' id='word_1_365' title='bbox 114 4200 163 4263; x_wconf 84' lang='grc' dir='ltr'>δτι</span> <span class='ocrx_word' id='word_1_366' title='bbox 188 4199 283 4266; x_wconf 75' lang='grc' dir='ltr'>οὐδεὶς</span> <span class='ocrx_word' id='word_1_367' title='bbox 308 4202 440 4268; x_wconf 83' lang='grc' dir='ltr'>τοιοῦτος</span> <span class='ocrx_word' id='word_1_368' title='bbox 466 4198 766 4280; x_wconf 79' lang='grc' dir='ltr'>ἆνοστρατείσοσθαι</span> <span class='ocrx_word' id='word_1_369' title='bbox 792 4199 918 4281; x_wconf 73' lang='grc' dir='ltr'>ἐδυνήθη</span> <span class='ocrx_word' id='word_1_370' title='bbox 943 4199 991 4278; x_wconf 90' lang='grc' dir='ltr'>δν,</span> <span class='ocrx_word' id='word_1_371' title='bbox 1015 4203 1043 4265; x_wconf 83' lang='grc' dir='ltr'>εί</span> <span class='ocrx_word' id='word_1_372' title='bbox 1065 4199 1106 4279; x_wconf 76' lang='grc' dir='ltr'>μὴ</span> <span class='ocrx_word' id='word_1_373' title='bbox 1130 4202 1167 4278; x_wconf 81' lang='grc' dir='ltr'>τῇ</span> 
     </span>
     <span class='ocr_line' id='line_1_45' title="bbox 115 4281 1168 4370; baseline -0.002 -20"><span class='ocrx_word' id='word_1_374' title='bbox 115 4284 218 4365; x_wconf 80' lang='grc' dir='ltr'>πλθνρ</span> <span class='ocrx_word' id='word_1_375' title='bbox 238 4281 391 4350; x_wconf 73' lang='grc' dir='ltr'>συνέθετο.</span> <span class='ocrx_word' id='word_1_376' title='bbox 437 4283 543 4348; x_wconf 90' lang='lat' dir='ltr'>Verba</span> <span class='ocrx_word' id='word_1_377' title='bbox 562 4283 690 4355; x_wconf 86' lang='lat' dir='ltr'>interim</span> <span class='ocrx_word' id='word_1_378' title='bbox 708 4289 831 4366; x_wconf 70' lang='grc' dir='ltr'>δωρεαῖς</span> <span class='ocrx_word' id='word_1_379' title='bbox 851 4288 899 4351; x_wconf 82' lang='grc' dir='ltr'>καὶ</span> <span class='ocrx_word' id='word_1_380' title='bbox 917 4285 1115 4370; x_wconf 77' lang='grc' dir='ltr'>θτοσχίσεσι,</span> <span class='ocrx_word' id='word_1_381' title='bbox 1130 4292 1168 4348; x_wconf 89' lang='lat' dir='ltr'>ut</span> 
     </span>
    </p>
   </div>
   <div class='ocr_carea' id='block_1_7' title="bbox 616 4391 672 4455">
    <p class='ocr_par' dir='ltr' id='par_1_8' title="bbox 616 4391 672 4455">
     <span class='ocr_line' id='line_1_46' title="bbox 616 4391 672 4455; baseline 0 -23"><span class='ocrx_word' id='word_1_382' title='bbox 616 4391 672 4455; x_wconf 71' lang='grc'>30</span> 
     </span>
    </p>
   </div>
   <div class='ocr_carea' id='block_1_8' title="bbox 0 0 1456 4817">
    <p class='ocr_par' dir='ltr' id='par_1_9' title="bbox 0 0 1456 4817">
     <span class='ocr_line' id='line_1_47' title="bbox 0 0 1456 4817; baseline 0 0"><span class='ocrx_word' id='word_1_383' title='bbox 0 0 1456 4817; x_wconf 95' lang='lat' dir='ltr'> </span> 
     </span>
    </p>
   </div>
  </div>
 </body>
</html>
