2867 4817
263 329 329 392 352
620 326 1000 391 ANNOTATIONES

264 499 409 564 nesciunt
418 498 552 577 codices,
564 520 644 583 quos
655 498 723 583 ipse
733 498 866 584 inspexi,
876 500 962 583 quod
975 497 1048 562 ideo
1062 505 1150 575 note,
1162 498 1239 583 qnia
1250 521 1314 563 vox

264 607 328 649 non
342 585 433 649 valde
448 584 657 649 desideratur.

308 672 346 735 P.
362 690 435 756 304.
459 671 481 734 l.
497 690 549 755 33.
570 670 705 735 Reditus
724 676 799 734 tuos
822 670 938 754 divide]
966 670 1167 754 Scripturam
1189 692 1314 735 corree-

264 758 379 822 tiorem
401 758 553 831 revocavi,
577 778 686 820 verum
711 755 744 817 in
764 755 913 841 Cypriani
932 756 1124 820 editionibus
1146 763 1180 820 et
1201 778 1314 820 manu-

263 843 389 927 scriptis
403 843 586 927 frequenter
600 842 750 906 scribitur
763 842 902 905 redditus
909 866 923 916 ,·
945 849 1117 926 tueturque
1132 842 1294 906 Baluzius.

309 929 346 992 P.
358 948 431 1013 305.
447 929 467 992 l.
482 947 532 992 20.
549 950 619 1012 quae
635 935 783 991 matrona
796 927 950 1014 locuples]
978 929 1053 1007 Qua
1065 930 1256 991 matronam
1270 950 1315 991 ee

265 1014 356 1079 electu
378 1014 491 1077 Olane·
511 1014 645 1099 locuples.
691 1012 796 1077 Valde
815 1021 894 1098 puto
912 1014 975 1077 ista
994 1015 1028 1077 ιἰι
1043 1014 1166 1077 coclea
1186 1014 1313 1087 Chatti,

265 1122 335 1185 quae
361 1101 477 1164 desunt
505 1100 538 1162 in
564 1100 703 1183 antiquis
732 1100 932 1174 editionibus,
958 1100 991 1162 in
1017 1101 1125 1163 decem
1151 1100 1315 1163 codicibus

264 1187 391 1263 nostris,
408 1193 441 1250 et
456 1186 488 1248 in
504 1186 641 1270 quinque
656 1185 849 1270 Anglieanis,
861 1186 974 1249 addita
988 1208 1061 1249 vero
1076 1192 1151 1249 sunt
1166 1208 1187 1249 a
1196 1186 1314 1249 Manu·

264 1272 322 1349 tio,
337 1294 401 1335 non
421 1272 536 1337 debere
554 1294 623 1335 esse
647 1271 679 1333 in
702 1271 860 1334 hocloco.
906 1271 979 1334 Non
1000 1278 1108 1335 tamen
1128 1293 1225 1335 ausus
1243 1294 1315 1335 sum

265 1379 457 1507 pprpungerep3
467 1358 593 1507 qpiatea
607 1357 709 1441 reperi
725 1357 757 1456 in
768 1358 1058 1507 upirlseteimTvetusttps
1068 1357 1314 1506 exemplappbus.

295 1467 384 1507 κων.
460 1466 480 1505 x
496 1464 537 1506 an
578 1465 703 1526 quoque
726 1466 758 1505 m
862 1466 889 1506 rs
943 1465 1010 1506 ewa
1039 1465 1122 1507 rano
1144 1466 1183 1507 ac
1247 1466 1316 1507 eer-

264 1551 424 1595 mannano
447 1529 534 1595 meis.
560 1550 623 1591 una
644 1550 715 1591 cum
735 1528 837 1592 altero
856 1551 896 1592 ex
917 1529 1094 1592 Drurianis.
1140 1530 1221 1593 (lum
1238 1552 1316 1593 vero

265 1617 376 1681 eadem
387 1615 540 1679 omittant
549 1614 693 1677 undecim
705 1614 841 1677 fortasse
856 1614 979 1678 codices
991 1614 1121 1690 Balnzii
1131 1625 1165 1679 et
1174 1615 1317 1699 quinque

266 1702 401 1787 Anglici,
417 1722 518 1785 neque
533 1700 566 1762 in
581 1700 747 1765 vetustiori
761 1722 800 1763 ex
817 1700 993 1777 Drurianis,
1008 1722 1111 1785 neque
1125 1701 1227 1765 altero
1242 1724 1316 1765 meo

267 1788 338 1852 MS.
354 1808 455 1871 neque
470 1786 502 1849 in
518 1786 588 1850 cod.
610 1807 636 1849 ι.
655 1786 736 1849 Novi
751 1786 828 1850 Ooll.
844 1793 964 1864 extent,
980 1787 1070 1850 istaec
1087 1788 1184 1851 verba
1197 1788 1316 1871 impor-

266 1881 345 1938 tuna
356 1880 389 1936 et
400 1872 592 1936 editionibus
602 1872 823 1936 vetustissimis
833 1872 943 1957 ignote
950 1872 1155 1956 relinquenda
1163 1874 1315 1956 judicavi.

310 1958 391 2024 Ibid.
416 1959 437 2020 l.
455 1974 506 2041 27.
534 1958 735 2021 Dominieum
759 1958 919 2021 celebrare
940 1967 974 2021 te
999 1959 1116 2046 credis]
1144 1960 1317 2044 Respicere

265 2045 391 2109 videtur
404 2051 517 2107 auctor
530 2050 639 2107 noster
658 2044 762 2107 locum
782 2043 822 2107 D.
837 2044 928 2107 Pauli
949 2064 963 2106 1
982 2044 1054 2108 (lor.
1069 2046 1132 2108 xvi.
1150 2065 1181 2110 2.
1196 2046 1252 2108 ubi
1263 2048 1317 2130 ju-

265 2130 383 2195 bentur
397 2129 509 2213 singuli
525 2129 633 2192 fideles
647 2131 759 2213 ρνίυια
778 2128 913 2206 estem,
930 2130 995 2193 sive
1009 2131 1119 2215 quavis
1138 2131 1189 2195 die
1204 2131 1317 2195 Domi-

266 2216 345 2293 nica,
371 2236 508 2300 ιοροιισνο
533 2215 613 2299 quod
636 2216 679 2277 eie
701 2214 929 2299 beneplacuerit.
975 2217 1021 2280 Et
1045 2238 1165 2280 morem
1191 2218 1251 2280 hae
1272 2240 1317 2281 ex

265 2309 367 2388 parte,
379 2300 517 2365 coclesiae
529 2299 717 2364 Christianae
730 2301 867 2385 explieat
877 2302 1027 2366 lustinus
1038 2303 1166 2387 Martyr
1176 2303 1271 2387 Apol.
1282 2322 1316 2368 α.

265 2392 311 2475 Τῇ
326 2392 378 2451 τοῦ
392 2388 478 2467 ἡλίου
497 2386 647 2471 λεγομένῃ
661 2386 754 2471 ἡμέρᾳ
773 2387 894 2450 πάντων
909 2391 982 2450 κατὰ
994 2391 1086 2451 πόλιν
1104 2386 1123 2467 ἢ
1141 2390 1249 2470 ἀγροὺς
1263 2416 1317 2467 με·

268 2476 380 2537 υόντων
395 2474 443 2537 erl
464 2472 498 2535 τὸ
518 2472 589 2535 αὐτὸ
610 2472 786 2538 συνέλευσις
804 2477 927 2553 γίνεται.
971 2472 1113 2558 Cumque
1132 2496 1260 2559 precum
1279 2484 1318 2541 et

266 2558 477 2623 Eucharistiee
492 2558 633 2621 solennia
647 2558 873 2642 descripsisset,
889 2558 1061 2643 subjungit,
1077 2562 1107 2623 ot
1122 2562 1318 2641 εὐποροῦντες

267 2647 299 2708 δὲ
315 2646 362 2708 καὶ
376 2646 567 2724 βουλόμενοι,
584 2646 658 2707 κατὰ
672 2646 847 2725 προαίρεσιν
862 2645 986 2711 ἕκαστος
1004 2646 1058 2723 τὴν
1078 2648 1192 2719 ἑαυτοῦ,
1209 2647 1318 2727 blicti-

266 2738 352 2794 λετοι
373 2732 484 2802 δίδωσι,
506 2730 554 2792 καὶ
573 2728 607 2791 τὸ
628 2732 855 2807 συλλεγόμενον
869 2733 949 2809 παρὰ
969 2734 1010 2814 τῷ
1028 2738 1192 2812 προεστῶτι
1210 2735 1316 2795 ὑποτί-

267 2822 360 2892 θεται,
375 2817 424 2879 καὶ
438 2816 526 2881 αὐτὸς
541 2818 690 2895 ἐπικουρεῖ
702 2816 846 2896 ὀρφανοῖς
860 2840 893 2879 τε
909 2817 956 2879 καὶ
970 2816 1085 2899 χήραις,
1102 2818 1158 2880 &o-
1197 2818 1318 2881 Obser-

266 2903 403 2967 vandum
418 2900 514 2973 venit‚
533 2900 688 2963 Dominici
710 2922 785 2963 voce
804 2900 869 2964 tria
888 2901 1057 3000 significari
1074 2904 1161 2987 apud
1179 2912 1316 2969 veteres.

271 3008 297 3051 1.
313 2988 406 3052 Diem
429 2988 549 3072 ipsam;
575 2986 622 3049 ita
641 2986 778 3050 habetur
798 2985 900 3071 Apoo.
917 3010 936 3050 ι.
953 3007 983 3067 9.
1004 2997 1038 3051 et
1058 2989 1164 3073 lgnat.
1185 2990 1249 3075 Ep.
1271 2992 1317 3055 ad

266 3074 416 3137 Trallian.
456 3092 484 3135 2.
501 3072 697 3146 Ecclesiam;
722 3072 769 3136 ita
788 3073 907 3137 Concil.
923 3072 1063 3137 Neoeaes.
1085 3096 1154 3138 can.
1169 3093 1201 3159 5.
1220 3076 1316 3159 jubet

266 3160 525 3223 catechumenum
541 3158 770 3242 ingredientem
786 3161 816 3224 ἐς
830 3159 863 3221 τὸ
880 3160 1026 3239 κυριακὸν,
1039 3160 1071 3223 in
1086 3160 1155 3224 loeo
1166 3160 1317 3226 catechu-

265 3266 429 3309 menorum
444 3244 631 3308 subsistere:
649 3251 682 3307 et
698 3244 831 3307 Hieron.
847 3244 879 3307 in
891 3244 1048 3309 Chronico
1059 3246 1104 3310 sie
1119 3268 1195 3311 voce
1206 3248 1317 3311 Derai-

264 3331 328 3395 aiei
353 3330 465 3395 utitur.
510 3328 556 3392 Et
579 3329 611 3391 in
637 3329 811 3393 vernaculis
834 3332 952 3394 nostris
972 3330 1096 3416 linguis,
1119 3334 1314 3397 nostratium

268 3416 396 3489 Olcred,
412 3423 446 3480 et
466 3416 696 3479 Germanorum
716 3416 825 3491 Dolet,
842 3438 881 3479 ex
896 3416 956 3481 hoe
977 3417 1066 3481 fonte
1080 3418 1200 3502 liquido
1214 3419 1314 3483 dedu·

264 3509 389 3567 cuntur.
418 3522 449 3585 3.
466 3501 603 3565 Ponitur
616 3522 675 3586 pro
689 3502 848 3585 mysteriis
861 3503 931 3566 loco
945 3510 979 3567 et
993 3514 1137 3588 tempore
1151 3505 1316 3589 praedietia

265 3587 416 3653 celebrari
438 3586 557 3661 solitis;
586 3587 633 3651 ita
655 3588 792 3668 κυριακὸν
812 3595 920 3664 τελεῖν,
942 3597 992 3653 est
1011 3590 1109 3653 saeris
1124 3590 1317 3655 Christianis

264 3675 399 3759 operari.
431 3674 476 3737 Et
489 3674 626 3737 fortasse
641 3671 702 3736 huc
716 3673 803 3750 facit,
816 3675 901 3757 qued
916 3676 966 3738 hie
977 3676 1103 3752 dieitur,
1116 3676 1317 3740 Dominieum

263 3760 412 3824 celebrare
425 3770 451 3823 te
465 3760 588 3823 eredis?
613 3760 708 3823 Oerte
723 3760 803 3822 adeo
822 3766 931 3823 arctus
950 3768 1021 3824 erat
1042 3783 1143 3823 nexus
1161 3760 1247 3825 inter
1260 3786 1315 3826 eu-

263 3846 423 3911 charistiae
443 3845 676 3931 perceptionem
696 3852 731 3909 et
748 3845 801 3928 jus
821 3844 997 3910 oblationes
1018 3847 1251 3946 participandi;
1277 3858 1317 3913 ut

263 3934 332 4017 pari
348 3954 471 4017 semper
484 3954 580 4016 passu
595 3930 821 4015 procederent;
842 3939 876 3995 et
889 3932 1030 3997 abstenti
1041 3932 1233 4009 viderentur,
1245 3936 1316 4018 qui·

264 4019 323 4083 bus
352 4018 413 4082 hoe
437 4018 633 4104 privilegium
660 4020 814 4083 κοινωνίας
837 4023 912 4095 μετὰ
936 4024 1111 4100 προσφορᾶς
1137 4028 1312 4104 negatum:

264 4106 381 4188 quade
402 4126 436 4167 re
456 4104 601 4168 videatur
621 4103 739 4167 Ooncil.
757 4103 876 4187 Ancyr.
892 4126 962 4167 can.
971 4121 1005 4188 5.
1020 4126 1079 4169 nee
1093 4126 1158 4169 non
1177 4128 1249 4189 quae
1263 4108 1313 4170 di·

263 4197 378 4256 cuntur
391 4190 424 4255 in
439 4190 501 4276 Ep.
515 4208 544 4253 2.
592 4190 631 4251 ln
646 4190 729 4253 hane
746 4197 885 4253 mentem
903 4190 1029 4255 locutus
1047 4190 1174 4255 videtur
1187 4192 1228 4255 D.
1242 4192 1312 4257 Au-
