<?xml version="1.0" encoding="UTF-8"?>
<!DOCTYPE html PUBLIC "-//W3C//DTD XHTML 1.0 Transitional//EN"
    "http://www.w3.org/TR/xhtml1/DTD/xhtml1-transitional.dtd">
<html xmlns="http://www.w3.org/1999/xhtml" xml:lang="en" lang="en">
 <head>
  <title>
</title>
<meta http-equiv="Content-Type" content="text/html;charset=utf-8" />
  <meta name='ocr-system' content='tesseract 3.04.00' />
  <meta name='ocr-capabilities' content='ocr_page ocr_carea ocr_par ocr_line ocrx_word'/>
</head>
<body>
  <div class='ocr_page' id='page_1' title='image "./scriptorumeccle03routgoog_0804.png"; bbox 0 0 2867 4817; ppageno 0'>
   <div class='ocr_carea' id='block_1_1' title="bbox 282 303 1068 368">
    <p class='ocr_par' dir='ltr' id='par_1_1' title="bbox 282 303 1068 368">
     <span class='ocr_line' id='line_1_1' title="bbox 282 303 1068 368; baseline -0.001 -1"><span class='ocrx_word' id='word_1_1' title='bbox 282 305 346 367; x_wconf 75' lang='lat'>³52</span> <span class='ocrx_word' id='word_1_2' title='bbox 538 303 772 366; x_wconf 77' lang='lat' dir='ltr'>FIRMIANI</span> <span class='ocrx_word' id='word_1_3' title='bbox 798 304 1068 368; x_wconf 83' lang='lat' dir='ltr'>LACTANTII</span> 
     </span>
    </p>
   </div>
   <div class='ocr_carea' id='block_1_2' title="bbox 280 475 1338 2528">
    <p class='ocr_par' dir='ltr' id='par_1_2' title="bbox 280 475 1338 2528">
     <span class='ocr_line' id='line_1_2' title="bbox 283 475 1336 572; baseline 0.002 -24"><span class='ocrx_word' id='word_1_4' title='bbox 283 500 350 548; x_wconf 89' lang='lat' dir='ltr'>nec</span> <span class='ocrx_word' id='word_1_5' title='bbox 377 475 521 548; x_wconf 88' lang='lat' dir='ltr'>Patrem</span> <span class='ocrx_word' id='word_1_6' title='bbox 546 478 665 570; x_wconf 91' lang='lat' dir='ltr'>potuit</span> <span class='ocrx_word' id='word_1_7' title='bbox 693 499 893 571; x_wconf 79' lang='lat' dir='ltr'><strong>agnoscere.</strong></span> <span class='ocrx_word' id='word_1_8' title='bbox 946 477 1035 549; x_wconf 81' lang='lat' dir='ltr'>Haec</span> <span class='ocrx_word' id='word_1_9' title='bbox 1063 488 1118 549; x_wconf 84' lang='lat' dir='ltr'>est</span> <span class='ocrx_word' id='word_1_10' title='bbox 1147 479 1336 572; x_wconf 79' lang='lat' dir='ltr'>sapientia,</span> 
     </span>
     <span class='ocr_line' id='line_1_3' title="bbox 284 593 1337 687; baseline 0.003 -23"><span class='ocrx_word' id='word_1_11' title='bbox 284 602 322 664; x_wconf 84' lang='lat' dir='ltr'>et</span> <span class='ocrx_word' id='word_1_12' title='bbox 337 593 406 664; x_wconf 88' lang='lat' dir='ltr'>hoc</span> <span class='ocrx_word' id='word_1_13' title='bbox 427 595 636 687; x_wconf 80' lang='lat' dir='ltr'><strong>mysterium</strong></span> <span class='ocrx_word' id='word_1_14' title='bbox 658 595 788 664; x_wconf 90' lang='lat' dir='ltr'>summi</span> <span class='ocrx_word' id='word_1_15' title='bbox 809 593 889 665; x_wconf 90' lang='lat' dir='ltr'>Dei.</span> <span class='ocrx_word' id='word_1_16' title='bbox 944 593 1013 665; x_wconf 89' lang='lat' dir='ltr'>Per</span> <span class='ocrx_word' id='word_1_17' title='bbox 1037 593 1140 665; x_wconf 88' lang='lat' dir='ltr'>illum</span> <span class='ocrx_word' id='word_1_18' title='bbox 1166 619 1205 665; x_wconf 89' lang='lat' dir='ltr'>se</span> <span class='ocrx_word' id='word_1_19' title='bbox 1234 595 1337 667; x_wconf 86' lang='lat' dir='ltr'>Dens</span> 
     </span>
     <span class='ocr_line' id='line_1_4' title="bbox 284 708 1338 804; baseline 0 -22"><span class='ocrx_word' id='word_1_20' title='bbox 284 720 323 782; x_wconf 87' lang='lat' dir='ltr'>et</span> <span class='ocrx_word' id='word_1_21' title='bbox 355 711 499 804; x_wconf 88' lang='lat' dir='ltr'>agnosci</span> <span class='ocrx_word' id='word_1_22' title='bbox 532 718 571 781; x_wconf 87' lang='lat' dir='ltr'>et</span> <span class='ocrx_word' id='word_1_23' title='bbox 604 709 673 781; x_wconf 85' lang='lat' dir='ltr'>coli</span> <span class='ocrx_word' id='word_1_24' title='bbox 707 709 831 780; x_wconf 81' lang='lat' dir='ltr'>voluit.</span> <span class='ocrx_word' id='word_1_25' title='bbox 893 708 982 782; x_wconf 88' lang='lat' dir='ltr'>Ideo</span> <span class='ocrx_word' id='word_1_26' title='bbox 1021 710 1213 802; x_wconf 88' lang='lat' dir='ltr'>prophetas</span> <span class='ocrx_word' id='word_1_27' title='bbox 1250 721 1338 782; x_wconf 83' lang='lat' dir='ltr'>ante</span> 
     </span>
     <span class='ocr_line' id='line_1_5' title="bbox 283 825 1336 919; baseline 0.001 -23"><span class='ocrx_word' id='word_1_28' title='bbox 283 825 460 919; x_wconf 74' lang='lat' dir='ltr'>premisit,</span> <span class='ocrx_word' id='word_1_29' title='bbox 477 827 538 918; x_wconf 91' lang='lat' dir='ltr'>qui</span> <span class='ocrx_word' id='word_1_30' title='bbox 564 826 609 894; x_wconf 90' lang='lat' dir='ltr'>de</span> <span class='ocrx_word' id='word_1_31' title='bbox 631 826 788 894; x_wconf 80' lang='lat' dir='ltr'>adventu</span> <span class='ocrx_word' id='word_1_32' title='bbox 811 825 887 916; x_wconf 87' lang='lat' dir='ltr'>ejus</span> <span class='ocrx_word' id='word_1_33' title='bbox 912 825 1150 918; x_wconf 73' lang='lat' dir='ltr'>predicarent,</span> <span class='ocrx_word' id='word_1_34' title='bbox 1173 835 1227 908; x_wconf 80' lang='lat' dir='ltr'>ut,</span> <span class='ocrx_word' id='word_1_35' title='bbox 1252 849 1336 897; x_wconf 91' lang='lat' dir='ltr'>cum</span> 
     </span>
     <span class='ocr_line' id='line_1_6' title="bbox 285 943 1338 1034; baseline -0.003 -19"><span class='ocrx_word' id='word_1_36' title='bbox 285 945 379 1015; x_wconf 85' lang='lat' dir='ltr'>facta</span> <span class='ocrx_word' id='word_1_37' title='bbox 402 943 573 1014; x_wconf 78' lang='lat' dir='ltr'>cusentin</span> <span class='ocrx_word' id='word_1_38' title='bbox 598 965 653 1025; x_wconf 86' lang='lat' dir='ltr'>eo,</span> <span class='ocrx_word' id='word_1_39' title='bbox 670 963 888 1033; x_wconf 79' lang='lat' dir='ltr'>quaecunque</span> <span class='ocrx_word' id='word_1_40' title='bbox 913 943 1103 1034; x_wconf 68' lang='lat' dir='ltr'>praedicatu</span> <span class='ocrx_word' id='word_1_41' title='bbox 1125 951 1221 1024; x_wconf 80' lang='lat' dir='ltr'>sunt,</span> <span class='ocrx_word' id='word_1_42' title='bbox 1247 951 1338 1012; x_wconf 88' lang='lat' dir='ltr'>tuuc</span> 
     </span>
     <span class='ocr_line' id='line_1_7' title="bbox 284 1056 1337 1131; baseline -0.002 -1"><span class='ocrx_word' id='word_1_43' title='bbox 284 1061 329 1131; x_wconf 91' lang='lat' dir='ltr'>ab</span> <span class='ocrx_word' id='word_1_44' title='bbox 362 1059 563 1130; x_wconf 89' lang='lat' dir='ltr'>hominibus</span> <span class='ocrx_word' id='word_1_45' title='bbox 595 1067 634 1128; x_wconf 89' lang='lat' dir='ltr'>et</span> <span class='ocrx_word' id='word_1_46' title='bbox 668 1056 738 1127; x_wconf 89' lang='lat' dir='ltr'>Dei</span> <span class='ocrx_word' id='word_1_47' title='bbox 774 1056 885 1128; x_wconf 83' lang='lat' dir='ltr'>Filius</span> <span class='ocrx_word' id='word_1_48' title='bbox 915 1071 953 1128; x_wconf 91' lang='lat' dir='ltr'>et</span> <span class='ocrx_word' id='word_1_49' title='bbox 987 1057 1086 1130; x_wconf 89' lang='lat' dir='ltr'>Deus</span> <span class='ocrx_word' id='word_1_50' title='bbox 1115 1059 1337 1130; x_wconf 79' lang='lat' dir='ltr'>crederetur.</span> 
     </span>
     <span class='ocr_line' id='line_1_8' title="bbox 285 1173 1338 1266; baseline 0 -20"><span class='ocrx_word' id='word_1_51' title='bbox 285 1177 365 1247; x_wconf 88' lang='lat' dir='ltr'>Nec</span> <span class='ocrx_word' id='word_1_52' title='bbox 398 1184 520 1248; x_wconf 89' lang='lat' dir='ltr'>tamen</span> <span class='ocrx_word' id='word_1_53' title='bbox 547 1176 598 1245; x_wconf 89' lang='lat' dir='ltr'>sic</span> <span class='ocrx_word' id='word_1_54' title='bbox 631 1173 833 1244; x_wconf 90' lang='lat' dir='ltr'>habendum</span> <span class='ocrx_word' id='word_1_55' title='bbox 864 1184 928 1256; x_wconf 84' lang='lat' dir='ltr'>est,</span> <span class='ocrx_word' id='word_1_56' title='bbox 960 1185 1128 1266; x_wconf 89' lang='lat' dir='ltr'>tanquam</span> <span class='ocrx_word' id='word_1_57' title='bbox 1158 1175 1234 1244; x_wconf 92' lang='lat' dir='ltr'>duo</span> <span class='ocrx_word' id='word_1_58' title='bbox 1263 1177 1338 1246; x_wconf 90' lang='lat' dir='ltr'>sint</span> 
     </span>
     <span class='ocr_line' id='line_1_9' title="bbox 285 1289 1335 1362; baseline -0.001 -1"><span class='ocrx_word' id='word_1_59' title='bbox 285 1292 356 1361; x_wconf 93' lang='lat' dir='ltr'>Dii.</span> <span class='ocrx_word' id='word_1_60' title='bbox 409 1291 517 1361; x_wconf 78' lang='lat' dir='ltr'>Pater</span> <span class='ocrx_word' id='word_1_61' title='bbox 540 1291 634 1360; x_wconf 90' lang='lat' dir='ltr'>enim</span> <span class='ocrx_word' id='word_1_62' title='bbox 661 1311 703 1358; x_wconf 89' lang='lat' dir='ltr'>ac</span> <span class='ocrx_word' id='word_1_63' title='bbox 731 1289 841 1360; x_wconf 81' lang='lat' dir='ltr'>Filius</span> <span class='ocrx_word' id='word_1_64' title='bbox 864 1313 975 1360; x_wconf 88' lang='lat' dir='ltr'>unum</span> <span class='ocrx_word' id='word_1_65' title='bbox 998 1299 1102 1361; x_wconf 89' lang='lat' dir='ltr'>sunt:</span> <span class='ocrx_word' id='word_1_66' title='bbox 1131 1313 1217 1361; x_wconf 93' lang='lat' dir='ltr'>cum</span> <span class='ocrx_word' id='word_1_67' title='bbox 1234 1293 1335 1362; x_wconf 90' lang='lat' dir='ltr'>enim</span> 
     </span>
     <span class='ocr_line' id='line_1_10' title="bbox 284 1405 1336 1500; baseline 0.001 -24"><span class='ocrx_word' id='word_1_68' title='bbox 284 1405 392 1477; x_wconf 87' lang='lat' dir='ltr'>Pater</span> <span class='ocrx_word' id='word_1_69' title='bbox 416 1406 547 1476; x_wconf 86' lang='lat' dir='ltr'>Filium</span> <span class='ocrx_word' id='word_1_70' title='bbox 571 1406 705 1500; x_wconf 88' lang='lat' dir='ltr'>diligat,</span> <span class='ocrx_word' id='word_1_71' title='bbox 729 1406 916 1498; x_wconf 77' lang='lat' dir='ltr'>omniaque</span> <span class='ocrx_word' id='word_1_72' title='bbox 934 1407 967 1477; x_wconf 92' lang='lat' dir='ltr'>ei</span> <span class='ocrx_word' id='word_1_73' title='bbox 994 1406 1138 1489; x_wconf 82' lang='lat' dir='ltr'>tribuet,</span> <span class='ocrx_word' id='word_1_74' title='bbox 1156 1418 1196 1477; x_wconf 90' lang='lat' dir='ltr'>et</span> <span class='ocrx_word' id='word_1_75' title='bbox 1221 1407 1336 1478; x_wconf 86' lang='lat' dir='ltr'>Filius</span> 
     </span>
     <span class='ocr_line' id='line_1_11' title="bbox 284 1520 1334 1614; baseline 0.002 -22"><span class='ocrx_word' id='word_1_76' title='bbox 284 1520 382 1592; x_wconf 88' lang='lat' dir='ltr'>Patri</span> <span class='ocrx_word' id='word_1_77' title='bbox 406 1520 559 1592; x_wconf 83' lang='lat' dir='ltr'>fideliter</span> <span class='ocrx_word' id='word_1_78' title='bbox 583 1521 807 1613; x_wconf 87' lang='lat' dir='ltr'>obsequatur,</span> <span class='ocrx_word' id='word_1_79' title='bbox 828 1544 894 1592; x_wconf 87' lang='lat' dir='ltr'>nco</span> <span class='ocrx_word' id='word_1_80' title='bbox 920 1520 1008 1592; x_wconf 81' lang='lat' dir='ltr'>velit</span> <span class='ocrx_word' id='word_1_81' title='bbox 1032 1523 1237 1614; x_wconf 86' lang='lat' dir='ltr'>quidquam,</span> <span class='ocrx_word' id='word_1_82' title='bbox 1266 1525 1334 1594; x_wconf 83' lang='lat' dir='ltr'>nisi</span> 
     </span>
     <span class='ocr_line' id='line_1_12' title="bbox 283 1637 1336 1729; baseline 0.004 -23"><span class='ocrx_word' id='word_1_83' title='bbox 283 1639 378 1729; x_wconf 92' lang='lat' dir='ltr'>quod</span> <span class='ocrx_word' id='word_1_84' title='bbox 396 1637 512 1719; x_wconf 85' lang='lat' dir='ltr'>Pater,</span> <span class='ocrx_word' id='word_1_85' title='bbox 529 1659 600 1706; x_wconf 93' lang='lat' dir='ltr'>non</span> <span class='ocrx_word' id='word_1_86' title='bbox 622 1645 743 1728; x_wconf 84' lang='lat' dir='ltr'>potest</span> <span class='ocrx_word' id='word_1_87' title='bbox 763 1637 887 1728; x_wconf 88' lang='lat' dir='ltr'>utique</span> <span class='ocrx_word' id='word_1_88' title='bbox 913 1639 1136 1708; x_wconf 77' lang='lat' dir='ltr'>necessitudo</span> <span class='ocrx_word' id='word_1_89' title='bbox 1153 1647 1259 1709; x_wconf 80' lang='lat' dir='ltr'>tanta</span> <span class='ocrx_word' id='word_1_90' title='bbox 1282 1639 1336 1710; x_wconf 89' lang='lat' dir='ltr'>di·</span> 
     </span>
     <span class='ocr_line' id='line_1_13' title="bbox 283 1751 1333 1843; baseline 0.004 -23"><span class='ocrx_word' id='word_1_91' title='bbox 283 1752 377 1835; x_wconf 80' lang='lat' dir='ltr'>velli,</span> <span class='ocrx_word' id='word_1_92' title='bbox 394 1763 436 1822; x_wconf 89' lang='lat' dir='ltr'>ut</span> <span class='ocrx_word' id='word_1_93' title='bbox 455 1753 527 1822; x_wconf 92' lang='lat' dir='ltr'>duo</span> <span class='ocrx_word' id='word_1_94' title='bbox 550 1773 627 1821; x_wconf 87' lang='lat' dir='ltr'>esse</span> <span class='ocrx_word' id='word_1_95' title='bbox 652 1752 825 1834; x_wconf 89' lang='lat' dir='ltr'>dicantur,</span> <span class='ocrx_word' id='word_1_96' title='bbox 843 1751 880 1820; x_wconf 92' lang='lat' dir='ltr'>in</span> <span class='ocrx_word' id='word_1_97' title='bbox 906 1752 1033 1843; x_wconf 91' lang='lat' dir='ltr'>quibus</span> <span class='ocrx_word' id='word_1_98' title='bbox 1057 1761 1096 1823; x_wconf 87' lang='lat' dir='ltr'>et</span> <span class='ocrx_word' id='word_1_99' title='bbox 1120 1755 1333 1838; x_wconf 82' lang='lat' dir='ltr'>substantia,</span> 
     </span>
     <span class='ocr_line' id='line_1_14' title="bbox 283 1867 1334 1963; baseline 0 -23"><span class='ocrx_word' id='word_1_100' title='bbox 283 1879 321 1940; x_wconf 89' lang='lat' dir='ltr'>et</span> <span class='ocrx_word' id='word_1_101' title='bbox 346 1869 519 1952; x_wconf 74' lang='lat' dir='ltr'>voluntas,</span> <span class='ocrx_word' id='word_1_102' title='bbox 544 1877 582 1938; x_wconf 88' lang='lat' dir='ltr'>et</span> <span class='ocrx_word' id='word_1_103' title='bbox 606 1868 695 1938; x_wconf 86' lang='lat' dir='ltr'>fides</span> <span class='ocrx_word' id='word_1_104' title='bbox 719 1890 791 1938; x_wconf 90' lang='lat' dir='ltr'>uua</span> <span class='ocrx_word' id='word_1_105' title='bbox 815 1877 880 1938; x_wconf 89' lang='lat' dir='ltr'>est.</span> <span class='ocrx_word' id='word_1_106' title='bbox 933 1867 1028 1961; x_wconf 83' lang='lat' dir='ltr'>Ergo</span> <span class='ocrx_word' id='word_1_107' title='bbox 1056 1881 1096 1939; x_wconf 87' lang='lat' dir='ltr'>et</span> <span class='ocrx_word' id='word_1_108' title='bbox 1123 1867 1237 1939; x_wconf 87' lang='lat' dir='ltr'>Filius</span> <span class='ocrx_word' id='word_1_109' title='bbox 1267 1893 1334 1963; x_wconf 88' lang='lat' dir='ltr'>per</span> 
     </span>
     <span class='ocr_line' id='line_1_15' title="bbox 283 1981 1332 2077; baseline 0.001 -22"><span class='ocrx_word' id='word_1_110' title='bbox 283 1985 436 2067; x_wconf 90' lang='lat' dir='ltr'>Patrem,</span> <span class='ocrx_word' id='word_1_111' title='bbox 453 1992 492 2056; x_wconf 90' lang='lat' dir='ltr'>et</span> <span class='ocrx_word' id='word_1_112' title='bbox 509 1982 617 2055; x_wconf 88' lang='lat' dir='ltr'>Pater</span> <span class='ocrx_word' id='word_1_113' title='bbox 635 2006 700 2077; x_wconf 89' lang='lat' dir='ltr'>por</span> <span class='ocrx_word' id='word_1_114' title='bbox 717 1981 860 2054; x_wconf 86' lang='lat' dir='ltr'>Filium.</span> <span class='ocrx_word' id='word_1_115' title='bbox 914 1981 1016 2053; x_wconf 90' lang='lat' dir='ltr'>Unus</span> <span class='ocrx_word' id='word_1_116' title='bbox 1033 1991 1088 2053; x_wconf 87' lang='lat' dir='ltr'>est</span> <span class='ocrx_word' id='word_1_117' title='bbox 1109 1984 1224 2054; x_wconf 87' lang='lat' dir='ltr'>honos</span> <span class='ocrx_word' id='word_1_118' title='bbox 1241 1988 1332 2056; x_wconf 87' lang='lat' dir='ltr'>utri-</span> 
     </span>
     <span class='ocr_line' id='line_1_16' title="bbox 280 2099 1331 2192; baseline 0.004 -22"><span class='ocrx_word' id='word_1_119' title='bbox 280 2123 350 2192; x_wconf 88' lang='lat' dir='ltr'>que</span> <span class='ocrx_word' id='word_1_120' title='bbox 372 2101 579 2171; x_wconf 88' lang='lat' dir='ltr'>tribuendus</span> <span class='ocrx_word' id='word_1_121' title='bbox 603 2108 771 2192; x_wconf 78' lang='lat' dir='ltr'>tanquam</span> <span class='ocrx_word' id='word_1_122' title='bbox 789 2101 850 2169; x_wconf 91' lang='lat' dir='ltr'>uni</span> <span class='ocrx_word' id='word_1_123' title='bbox 876 2099 964 2181; x_wconf 88' lang='lat' dir='ltr'>Deo,</span> <span class='ocrx_word' id='word_1_124' title='bbox 982 2108 1020 2168; x_wconf 87' lang='lat' dir='ltr'>et</span> <span class='ocrx_word' id='word_1_125' title='bbox 1042 2101 1094 2170; x_wconf 88' lang='lat' dir='ltr'>ita</span> <span class='ocrx_word' id='word_1_126' title='bbox 1115 2100 1331 2174; x_wconf 85' lang='lat' dir='ltr'>dividendus</span> 
     </span>
     <span class='ocr_line' id='line_1_17' title="bbox 281 2214 1331 2311; baseline 0.003 -26"><span class='ocrx_word' id='word_1_127' title='bbox 281 2224 337 2285; x_wconf 83' lang='lat' dir='ltr'>est</span> <span class='ocrx_word' id='word_1_128' title='bbox 357 2238 421 2307; x_wconf 89' lang='lat' dir='ltr'>per</span> <span class='ocrx_word' id='word_1_129' title='bbox 444 2217 533 2285; x_wconf 84' lang='lat' dir='ltr'>duos</span> <span class='ocrx_word' id='word_1_130' title='bbox 556 2214 684 2298; x_wconf 86' lang='lat' dir='ltr'>cultus,</span> <span class='ocrx_word' id='word_1_131' title='bbox 701 2224 743 2285; x_wconf 89' lang='lat' dir='ltr'>ut</span> <span class='ocrx_word' id='word_1_132' title='bbox 759 2214 884 2284; x_wconf 90' lang='lat' dir='ltr'>divisio</span> <span class='ocrx_word' id='word_1_133' title='bbox 901 2215 978 2306; x_wconf 88' lang='lat' dir='ltr'>ipsa</span> <span class='ocrx_word' id='word_1_134' title='bbox 997 2233 1169 2308; x_wconf 79' lang='lat' dir='ltr'>compage</span> <span class='ocrx_word' id='word_1_135' title='bbox 1190 2217 1331 2311; x_wconf 84' lang='lat' dir='ltr'>insepa-</span> 
     </span>
     <span class='ocr_line' id='line_1_18' title="bbox 281 2328 1331 2424; baseline 0.004 -24"><span class='ocrx_word' id='word_1_136' title='bbox 281 2329 384 2400; x_wconf 88' lang='lat' dir='ltr'>rabili</span> <span class='ocrx_word' id='word_1_137' title='bbox 412 2331 595 2400; x_wconf 88' lang='lat' dir='ltr'>vinciatur.</span> <span class='ocrx_word' id='word_1_138' title='bbox 649 2329 830 2401; x_wconf 83' lang='lat' dir='ltr'>Neutrum</span> <span class='ocrx_word' id='word_1_139' title='bbox 860 2329 926 2399; x_wconf 91' lang='lat' dir='ltr'>sibi</span> <span class='ocrx_word' id='word_1_140' title='bbox 957 2328 1141 2421; x_wconf 82' lang='lat' dir='ltr'>relinquet,</span> <span class='ocrx_word' id='word_1_141' title='bbox 1172 2334 1236 2424; x_wconf 90' lang='lat' dir='ltr'>qui</span> <span class='ocrx_word' id='word_1_142' title='bbox 1268 2347 1331 2404; x_wconf 90' lang='lat' dir='ltr'>aut</span> 
     </span>
     <span class='ocr_line' id='line_1_19' title="bbox 284 2443 1153 2528; baseline 0 -12"><span class='ocrx_word' id='word_1_143' title='bbox 284 2446 426 2518; x_wconf 87' lang='lat' dir='ltr'>Patrem</span> <span class='ocrx_word' id='word_1_144' title='bbox 443 2469 466 2515; x_wconf 91' lang='lat' dir='ltr'>a</span> <span class='ocrx_word' id='word_1_145' title='bbox 483 2445 583 2528; x_wconf 89' lang='lat' dir='ltr'>Filio,</span> <span class='ocrx_word' id='word_1_146' title='bbox 601 2455 665 2516; x_wconf 86' lang='lat' dir='ltr'>aut</span> <span class='ocrx_word' id='word_1_147' title='bbox 681 2445 811 2516; x_wconf 91' lang='lat' dir='ltr'>Filium</span> <span class='ocrx_word' id='word_1_148' title='bbox 829 2469 850 2515; x_wconf 92' lang='lat' dir='ltr'>a</span> <span class='ocrx_word' id='word_1_149' title='bbox 868 2443 974 2515; x_wconf 87' lang='lat' dir='ltr'>Patre</span> <span class='ocrx_word' id='word_1_150' title='bbox 992 2447 1153 2516; x_wconf 85' lang='lat' dir='ltr'>secernit.</span> 
     </span>
    </p>
   </div>
   <div class='ocr_carea' id='block_1_3' title="bbox 714 2677 896 2747">
    <p class='ocr_par' dir='ltr' id='par_1_3' title="bbox 714 2677 896 2747">
     <span class='ocr_line' id='line_1_20' title="bbox 714 2677 896 2747; baseline -0.005 0"><span class='ocrx_word' id='word_1_151' title='bbox 714 2677 824 2747; x_wconf 85' lang='lat' dir='ltr'>CAP.</span> <span class='ocrx_word' id='word_1_152' title='bbox 854 2677 896 2747; x_wconf 87' lang='lat' dir='ltr'>L.</span> 
     </span>
    </p>
   </div>
   <div class='ocr_carea' id='block_1_4' title="bbox 280 2813 1331 3244">
    <p class='ocr_par' dir='ltr' id='par_1_4' title="bbox 280 2813 1331 3244">
     <span class='ocr_line' id='line_1_21' title="bbox 331 2813 1331 2906; baseline 0.004 -21"><span class='ocrx_word' id='word_1_153' title='bbox 331 2815 501 2906; x_wconf 87' lang='lat' dir='ltr'>Superest</span> <span class='ocrx_word' id='word_1_154' title='bbox 526 2813 737 2905; x_wconf 87' lang='lat' dir='ltr'>respondere</span> <span class='ocrx_word' id='word_1_155' title='bbox 762 2813 868 2881; x_wconf 86' lang='lat' dir='ltr'>etiam</span> <span class='ocrx_word' id='word_1_156' title='bbox 896 2813 947 2893; x_wconf 91' lang='lat' dir='ltr'>iis,</span> <span class='ocrx_word' id='word_1_157' title='bbox 966 2813 1025 2903; x_wconf 91' lang='lat' dir='ltr'>qui</span> <span class='ocrx_word' id='word_1_158' title='bbox 1051 2821 1180 2904; x_wconf 87' lang='lat' dir='ltr'>putant</span> <span class='ocrx_word' id='word_1_159' title='bbox 1205 2815 1331 2889; x_wconf 90' lang='lat' dir='ltr'>incon-</span> 
     </span>
     <span class='ocr_line' id='line_1_22' title="bbox 280 2927 1331 3010; baseline 0.005 -12"><span class='ocrx_word' id='word_1_160' title='bbox 280 2931 425 3001; x_wconf 81' lang='lat' dir='ltr'>veniens</span> <span class='ocrx_word' id='word_1_161' title='bbox 449 2930 565 3010; x_wconf 81' lang='lat' dir='ltr'>fuisse,</span> <span class='ocrx_word' id='word_1_162' title='bbox 591 2951 657 2997; x_wconf 89' lang='lat' dir='ltr'>nec</span> <span class='ocrx_word' id='word_1_163' title='bbox 678 2927 808 2997; x_wconf 89' lang='lat' dir='ltr'>habere</span> <span class='ocrx_word' id='word_1_164' title='bbox 833 2929 1018 3010; x_wconf 84' lang='lat' dir='ltr'>rationem,</span> <span class='ocrx_word' id='word_1_165' title='bbox 1042 2937 1083 2998; x_wconf 88' lang='lat' dir='ltr'>ut</span> <span class='ocrx_word' id='word_1_166' title='bbox 1108 2928 1209 3000; x_wconf 89' lang='lat' dir='ltr'>Deus</span> <span class='ocrx_word' id='word_1_167' title='bbox 1234 2953 1331 3003; x_wconf 91' lang='lat' dir='ltr'>mor·</span> 
     </span>
     <span class='ocr_line' id='line_1_23' title="bbox 280 3043 1328 3138; baseline 0.002 -21"><span class='ocrx_word' id='word_1_168' title='bbox 280 3047 343 3117; x_wconf 89' lang='lat' dir='ltr'>tali</span> <span class='ocrx_word' id='word_1_169' title='bbox 361 3069 505 3138; x_wconf 90' lang='lat' dir='ltr'>corpore</span> <span class='ocrx_word' id='word_1_170' title='bbox 522 3044 737 3125; x_wconf 86' lang='lat' dir='ltr'>indueretur,</span> <span class='ocrx_word' id='word_1_171' title='bbox 755 3053 796 3113; x_wconf 91' lang='lat' dir='ltr'>ut</span> <span class='ocrx_word' id='word_1_172' title='bbox 813 3043 1015 3114; x_wconf 91' lang='lat' dir='ltr'>hominibus</span> <span class='ocrx_word' id='word_1_173' title='bbox 1028 3045 1207 3136; x_wconf 86' lang='lat' dir='ltr'>subjectus</span> <span class='ocrx_word' id='word_1_174' title='bbox 1221 3059 1328 3130; x_wconf 75' lang='lat' dir='ltr'>esset,</span> 
     </span>
     <span class='ocr_line' id='line_1_24' title="bbox 280 3160 1331 3244; baseline 0 -12"><span class='ocrx_word' id='word_1_175' title='bbox 280 3170 320 3232; x_wconf 92' lang='lat' dir='ltr'>ut</span> <span class='ocrx_word' id='word_1_176' title='bbox 337 3160 568 3232; x_wconf 84' lang='lat' dir='ltr'>contumelias</span> <span class='ocrx_word' id='word_1_177' title='bbox 590 3161 787 3240; x_wconf 82' lang='lat' dir='ltr'>sustineret,</span> <span class='ocrx_word' id='word_1_178' title='bbox 811 3160 986 3230; x_wconf 87' lang='lat' dir='ltr'>cruciatus</span> <span class='ocrx_word' id='word_1_179' title='bbox 1012 3163 1130 3244; x_wconf 90' lang='lat' dir='ltr'>etiam,</span> <span class='ocrx_word' id='word_1_180' title='bbox 1157 3173 1331 3234; x_wconf 87' lang='lat' dir='ltr'>mortem-</span> 
     </span>
    </p>
   </div>
   <div class='ocr_carea' id='block_1_5' title="bbox 274 3274 1330 3950">
    <p class='ocr_par' dir='ltr' id='par_1_5' title="bbox 274 3274 1330 3950">
     <span class='ocr_line' id='line_1_25' title="bbox 279 3274 1330 3369; baseline 0.003 -23"><span class='ocrx_word' id='word_1_181' title='bbox 279 3298 349 3369; x_wconf 89' lang='lat' dir='ltr'>que</span> <span class='ocrx_word' id='word_1_182' title='bbox 383 3285 576 3368; x_wconf 87' lang='lat' dir='ltr'>pateretur.</span> <span class='ocrx_word' id='word_1_183' title='bbox 628 3274 766 3356; x_wconf 80' lang='lat' dir='ltr'>Dicam,</span> <span class='ocrx_word' id='word_1_184' title='bbox 801 3276 894 3366; x_wconf 92' lang='lat' dir='ltr'>quod</span> <span class='ocrx_word' id='word_1_185' title='bbox 928 3277 1053 3358; x_wconf 86' lang='lat' dir='ltr'>sentio,</span> <span class='ocrx_word' id='word_1_186' title='bbox 1084 3286 1123 3346; x_wconf 87' lang='lat' dir='ltr'>et</span> <span class='ocrx_word' id='word_1_187' title='bbox 1156 3300 1232 3347; x_wconf 85' lang='lat' dir='ltr'>rem</span> <span class='ocrx_word' id='word_1_188' title='bbox 1261 3281 1330 3349; x_wconf 92' lang='lat' dir='ltr'>im-</span> 
     </span>
     <span class='ocr_line' id='line_1_26' title="bbox 278 3391 1330 3486; baseline 0.003 -23"><span class='ocrx_word' id='word_1_189' title='bbox 278 3413 436 3463; x_wconf 83' lang='lat' dir='ltr'>mensam</span> <span class='ocrx_word' id='word_1_190' title='bbox 466 3393 599 3484; x_wconf 84' lang='lat' dir='ltr'>paucis,</span> <span class='ocrx_word' id='word_1_191' title='bbox 629 3400 670 3461; x_wconf 85' lang='lat' dir='ltr'>ut</span> <span class='ocrx_word' id='word_1_192' title='bbox 699 3399 833 3483; x_wconf 86' lang='lat' dir='ltr'>potero,</span> <span class='ocrx_word' id='word_1_193' title='bbox 864 3391 1111 3486; x_wconf 75' lang='lat' dir='ltr'>substringam.</span> <span class='ocrx_word' id='word_1_194' title='bbox 1163 3393 1236 3477; x_wconf 86' lang='lat' dir='ltr'>Qui</span> <span class='ocrx_word' id='word_1_195' title='bbox 1263 3394 1330 3466; x_wconf 86' lang='lat' dir='ltr'>ali-</span> 
     </span>
     <span class='ocr_line' id='line_1_27' title="bbox 278 3503 1327 3601; baseline 0.002 -22"><span class='ocrx_word' id='word_1_196' title='bbox 278 3510 362 3601; x_wconf 90' lang='lat' dir='ltr'>quid</span> <span class='ocrx_word' id='word_1_197' title='bbox 380 3510 495 3590; x_wconf 85' lang='lat' dir='ltr'>docet,</span> <span class='ocrx_word' id='word_1_198' title='bbox 512 3508 630 3588; x_wconf 70' lang='lat' dir='ltr'>debet</span> <span class='ocrx_word' id='word_1_199' title='bbox 649 3515 690 3577; x_wconf 88' lang='lat' dir='ltr'>ut</span> <span class='ocrx_word' id='word_1_200' title='bbox 713 3503 845 3598; x_wconf 91' lang='lat' dir='ltr'>opinor,</span> <span class='ocrx_word' id='word_1_201' title='bbox 863 3507 978 3577; x_wconf 86' lang='lat' dir='ltr'>facere</span> <span class='ocrx_word' id='word_1_202' title='bbox 1001 3509 1087 3600; x_wconf 87' lang='lat' dir='ltr'>ipse,</span> <span class='ocrx_word' id='word_1_203' title='bbox 1106 3533 1183 3601; x_wconf 82' lang='lat' dir='ltr'>quae</span> <span class='ocrx_word' id='word_1_204' title='bbox 1206 3511 1327 3590; x_wconf 77' lang='lat' dir='ltr'>docet,</span> 
     </span>
     <span class='ocr_line' id='line_1_28' title="bbox 276 3623 1327 3718; baseline 0.003 -24"><span class='ocrx_word' id='word_1_205' title='bbox 276 3634 319 3695; x_wconf 88' lang='lat' dir='ltr'>ut</span> <span class='ocrx_word' id='word_1_206' title='bbox 335 3631 440 3718; x_wconf 84' lang='lat' dir='ltr'>cogat</span> <span class='ocrx_word' id='word_1_207' title='bbox 461 3623 623 3694; x_wconf 85' lang='lat' dir='ltr'>homines</span> <span class='ocrx_word' id='word_1_208' title='bbox 646 3623 911 3715; x_wconf 86' lang='lat' dir='ltr'>obtemperare:</span> <span class='ocrx_word' id='word_1_209' title='bbox 942 3645 1024 3694; x_wconf 85' lang='lat' dir='ltr'>uam</span> <span class='ocrx_word' id='word_1_210' title='bbox 1047 3626 1075 3694; x_wconf 88' lang='lat' dir='ltr'>si</span> <span class='ocrx_word' id='word_1_211' title='bbox 1099 3645 1171 3695; x_wconf 88' lang='lat' dir='ltr'>uon</span> <span class='ocrx_word' id='word_1_212' title='bbox 1188 3625 1327 3709; x_wconf 77' lang='lat' dir='ltr'>iecerit,</span> 
     </span>
     <span class='ocr_line' id='line_1_29' title="bbox 274 3739 1328 3837; baseline 0.003 -25"><span class='ocrx_word' id='word_1_213' title='bbox 274 3739 459 3834; x_wconf 81' lang='lat' dir='ltr'>praeceptis</span> <span class='ocrx_word' id='word_1_214' title='bbox 493 3741 565 3810; x_wconf 88' lang='lat' dir='ltr'>suis</span> <span class='ocrx_word' id='word_1_215' title='bbox 599 3739 706 3809; x_wconf 87' lang='lat' dir='ltr'>iidem</span> <span class='ocrx_word' id='word_1_216' title='bbox 743 3739 937 3832; x_wconf 80' lang='lat' dir='ltr'>derogabit.</span> <span class='ocrx_word' id='word_1_217' title='bbox 1001 3739 1184 3834; x_wconf 84' lang='lat' dir='ltr'>Exemplis</span> <span class='ocrx_word' id='word_1_218' title='bbox 1213 3743 1328 3837; x_wconf 87' lang='lat' dir='ltr'>igitur</span> 
     </span>
     <span class='ocr_line' id='line_1_30' title="bbox 276 3855 1327 3950; baseline 0.002 -22"><span class='ocrx_word' id='word_1_219' title='bbox 276 3880 364 3950; x_wconf 84' lang='lat' dir='ltr'>opus</span> <span class='ocrx_word' id='word_1_220' title='bbox 392 3865 457 3936; x_wconf 78' lang='lat' dir='ltr'>est.</span> <span class='ocrx_word' id='word_1_221' title='bbox 486 3866 528 3925; x_wconf 83' lang='lat' dir='ltr'>ut</span> <span class='ocrx_word' id='word_1_222' title='bbox 557 3877 609 3936; x_wconf 86' lang='lat' dir='ltr'>ea,</span> <span class='ocrx_word' id='word_1_223' title='bbox 634 3877 713 3946; x_wconf 84' lang='lat' dir='ltr'>quae</span> <span class='ocrx_word' id='word_1_224' title='bbox 743 3855 1002 3946; x_wconf 75' lang='lat' dir='ltr'>praecipiuntur,</span> <span class='ocrx_word' id='word_1_225' title='bbox 1029 3856 1184 3930; x_wconf 87' lang='lat' dir='ltr'>habeant</span> <span class='ocrx_word' id='word_1_226' title='bbox 1214 3861 1327 3932; x_wconf 88' lang='lat' dir='ltr'>firmi-</span> 
     </span>
    </p>
   </div>
   <div class='ocr_carea' id='block_1_6' title="bbox 273 3973 1324 4295">
    <p class='ocr_par' dir='ltr' id='par_1_6' title="bbox 273 3973 1324 4295">
     <span class='ocr_line' id='line_1_31' title="bbox 275 3973 1323 4065; baseline 0.005 -22"><span class='ocrx_word' id='word_1_227' title='bbox 275 3984 397 4056; x_wconf 87' lang='lat' dir='ltr'>tatem,</span> <span class='ocrx_word' id='word_1_228' title='bbox 414 3982 452 4043; x_wconf 90' lang='lat' dir='ltr'>et</span> <span class='ocrx_word' id='word_1_229' title='bbox 477 3973 506 4043; x_wconf 88' lang='lat' dir='ltr'>si</span> <span class='ocrx_word' id='word_1_230' title='bbox 532 3973 610 4065; x_wconf 86' lang='lat' dir='ltr'>quis</span> <span class='ocrx_word' id='word_1_231' title='bbox 631 3979 824 4041; x_wconf 78' lang='lat' dir='ltr'>contumax</span> <span class='ocrx_word' id='word_1_232' title='bbox 843 3973 1013 4054; x_wconf 75' lang='lat' dir='ltr'>extiterit,</span> <span class='ocrx_word' id='word_1_233' title='bbox 1031 3997 1072 4044; x_wconf 91' lang='lat' dir='ltr'>ac</span> <span class='ocrx_word' id='word_1_234' title='bbox 1096 3975 1226 4046; x_wconf 83' lang='lat' dir='ltr'>dixerit</span> <span class='ocrx_word' id='word_1_235' title='bbox 1251 4001 1323 4048; x_wconf 88' lang='lat' dir='ltr'>non</span> 
     </span>
     <span class='ocr_line' id='line_1_32' title="bbox 273 4085 1324 4182; baseline 0.006 -25"><span class='ocrx_word' id='word_1_236' title='bbox 273 4109 375 4180; x_wconf 85' lang='lat' dir='ltr'>posse</span> <span class='ocrx_word' id='word_1_237' title='bbox 408 4088 493 4169; x_wconf 87' lang='lat' dir='ltr'>fieri,</span> <span class='ocrx_word' id='word_1_238' title='bbox 528 4096 726 4179; x_wconf 84' lang='lat' dir='ltr'>praeceptor</span> <span class='ocrx_word' id='word_1_239' title='bbox 759 4085 860 4156; x_wconf 89' lang='lat' dir='ltr'>illum</span> <span class='ocrx_word' id='word_1_240' title='bbox 895 4090 1061 4178; x_wconf 80' lang='lat' dir='ltr'>praesenti</span> <span class='ocrx_word' id='word_1_241' title='bbox 1097 4111 1202 4182; x_wconf 86' lang='lat' dir='ltr'>opere</span> <span class='ocrx_word' id='word_1_242' title='bbox 1239 4115 1324 4162; x_wconf 90' lang='lat' dir='ltr'>con-</span> 
     </span>
     <span class='ocr_line' id='line_1_33' title="bbox 273 4203 1320 4295; baseline 0.006 -23"><span class='ocrx_word' id='word_1_243' title='bbox 273 4205 400 4272; x_wconf 86' lang='lat' dir='ltr'>vincat.</span> <span class='ocrx_word' id='word_1_244' title='bbox 441 4203 526 4272; x_wconf 92' lang='lat' dir='ltr'>Non</span> <span class='ocrx_word' id='word_1_245' title='bbox 543 4211 661 4294; x_wconf 87' lang='lat' dir='ltr'>potest</span> <span class='ocrx_word' id='word_1_246' title='bbox 678 4226 762 4295; x_wconf 89' lang='lat' dir='ltr'>ergo</span> <span class='ocrx_word' id='word_1_247' title='bbox 781 4204 936 4294; x_wconf 84' lang='lat' dir='ltr'>perfecta</span> <span class='ocrx_word' id='word_1_248' title='bbox 955 4227 1032 4273; x_wconf 85' lang='lat' dir='ltr'>esse</span> <span class='ocrx_word' id='word_1_249' title='bbox 1048 4205 1225 4289; x_wconf 75' lang='lat' dir='ltr'>doctrina,¹</span> <span class='ocrx_word' id='word_1_250' title='bbox 1237 4231 1320 4278; x_wconf 86' lang='lat' dir='ltr'>cum</span> 
     </span>
    </p>
   </div>
   <div class='ocr_carea' id='block_1_7' title="bbox 0 0 1438 4817">
    <p class='ocr_par' dir='ltr' id='par_1_7' title="bbox 0 0 1438 4817">
     <span class='ocr_line' id='line_1_34' title="bbox 0 0 1438 4817; baseline 0 1"><span class='ocrx_word' id='word_1_251' title='bbox 0 0 1438 4817; x_wconf 95' lang='lat' dir='ltr'> </span> 
     </span>
    </p>
   </div>
  </div>
 </body>
</html>
