2867 4817
380 333 625 399 SYNODICA
647 334 898 400 EPISTOLA.
1125 339 1171 402 25,

114 505 160 582 δι’
174 502 364 606 ἀνθρώπιον
377 504 545 607 γενέσθαι
558 507 581 606 ἦ
594 505 796 591 ἀνάστασις
805 514 879 588 τῶν
893 515 1054 611 νεκρῦν“,
1066 508 1166 590 ἀλλά

114 639 264 728 νοοῦμεν
282 631 472 735 ἀνθρωπον
495 629 559 712 τόν
576 634 616 714 ἐκ
640 639 737 715 Θεοῦ
762 632 938 737 γεγονότα
956 634 1091 739 Λόγον,
1109 640 1169 718 καὶ

113 757 295 839 λελύσθω
319 761 362 840 δι’
382 762 490 841 αὐτοῦ
517 769 581 841 τοῦ
609 760 765 842 θανάτον
789 761 831 842 τὸ
857 761 995 866 κράτος·
1025 762 1104 870 ἥξει
1129 763 1168 844 δὲ

112 885 206 966 κατὰ
224 885 366 990 καιροῦς
393 893 441 973 ὡς
466 887 514 973 εἷς
539 887 611 972 υἱός
636 891 694 968 καὶ
720 888 838 992 κύριος
860 891 899 969 ἐν
921 896 967 995 τῇ
990 889 1081 997 δόξη
1103 900 1168 971 τοῦ

82 1013 260 1116 5πατρδς,
276 1013 335 1094 ἵνα
352 1017 452 1122 κρίνῃ
470 1014 537 1115 τὴν
555 1015 762 1117 οἰκουμένην
780 1019 818 1096 ἐν
836 1016 1054 1122 δικαιοσύνῃ,
1072 1015 1169 1098 καθά

111 1137 344 1244 ye'ypmb.

616 1277 661 1350 Ζ.

167 1396 391 1497 Ἀναγκαίως
420 1394 458 1475 δὲ
485 1397 625 1504 κάκεῖνο
651 1393 922 1500 προσθήσομεν.
955 1395 1161 1499 καταγγέλ·

111 1533 237 1608 λοντες
268 1521 339 1628 γάρ
370 1521 434 1604 τόν
463 1522 554 1603 κατά
583 1521 705 1628 σάρκα
734 1524 890 1606 θάνατον
916 1532 981 1605 τοῦ
1010 1558 1163 1626 μονογε-

63 1659 196 1735 ιονοῦς
234 1656 310 1732 υἱοῦ
351 1659 416 1732 τοῦ
460 1656 567 1749 Θεοῦ,
606 1654 792 1733 τουτέστιν
827 1653 951 1751 Ἰησοῦ
988 1656 1165 1756 Χριστοῦ·

109 1777 176 1878 τήν
206 1812 246 1858 τε
275 1782 314 1859 ἐκ
337 1784 471 1883 νεκρῶν
498 1779 708 1876 ἀναβίωσιν,
737 1782 795 1859 καὶ
824 1777 890 1877 τὴν
917 1783 966 1861 είς
995 1776 1165 1881 οῦρανοῦς

110 1904 297 2011 ἀνάληψιν
320 1907 590 2006 ὁμολογοῦντες,
614 1904 681 2006 τὴν
703 1907 922 2005 ἀναίμακτον
953 1905 1026 2004 (for.
1058 1907 1161 1984 ἀναι-

108 2031 260 2135 μάκτον)
280 2036 317 2113 ἐν
334 2040 412 2118 ταῖς
430 2033 635 2132 ἐκκλησίαις
653 2042 825 2132 τελοῦμεν
851 2033 982 2114 θυσίαν
1002 2034 1074 2135 (for.
1094 2039 1159 2113 θν-

109 2162 194 2245 σίας
226 2161 404 2263 λατρείαν,
435 2176 503 2236 vide
527 2171 655 2264 notam)·
686 2158 865 2265 πρόσιμέν
893 2193 931 2239 τε
961 2161 1055 2240 οὕτω
1086 2168 1190 2245 ταῖς·

60 2319 97 2378 15
108 2293 298 2388 μυστικαῖς
332 2289 508 2392 εὐλογίας
537 2293 596 2370 καὶ
628 2286 855 2391 ἀγιαζόμεθα,
883 2289 1028 2393 μέτοχοι
1054 2285 1159 2390 γενό-

106 2449 208 2514 μενοι
233 2419 297 2514 τῆς
324 2449 363 2494 τε
390 2417 495 2517 ἁγίας
522 2417 668 2521 σαρκὸς,
693 2418 754 2495 καὶ
779 2424 843 2496 τοῦ
870 2417 987 2515 τιμίου
1014 2416 1162 2516 αἵματος

106 2551 171 2624 τοῦ
200 2541 346 2624 πάντων
377 2545 478 2645 ἡμῶν
510 2548 674 2646 σωτῆρος
702 2548 878 2646 Χριστοῦ.
923 2546 982 2622 καὶ
1014 2544 1081 2648 οὐχ
1113 2546 1162 2630 ὡς

105 2668 229 2773 σάρκα
247 2667 367 2770 κοινὴν
386 2667 578 2776 δεχόμενοι·
602 2667 653 2771 μὴ
672 2671 820 2771 γίνοιτο·
839 2671 918 2749 οὔτε
936 2667 1008 2768 μὴν
1026 2673 1074 2753 ὡς
1091 2672 1159 2750 ἀν·

106 2797 190 2901 δρὸς
207 2797 437 2900 ἡγιασμένον,
456 2801 515 2879 καὶ
531 2797 779 2903 συναφθέντος
797 2803 849 2906 τῷ
866 2797 968 2904 λόγῳ
986 2797 1077 2878 κατὰ
1094 2798 1161 2900 τὴν

58 2957 97 2998 20
105 2924 255 3024 ἑνότιρα
268 2928 332 3026 τῆς
344 2923 459 3032 ἀξίας,
470 2923 582 3026 ἤγουν
593 2927 641 3008 ὡς
655 2924 754 3006 θείαν
764 2923 942 3025 ἐνοίκησιν
953 2925 1159 3030 ἐσχηκότος·

106 3055 192 3133 ἀλλ’
212 3055 261 3137 ὡς
279 3049 450 3155 ζωυτοιδν
469 3053 623 3152 ἀληθῶς,
642 3052 702 3131 καὶ
720 3051 812 3131 ἰδίαν
829 3052 938 3131 αῦτοῦ
953 3059 1018 3131 τοῦ
1035 3049 1159 3155 λόγον.

105 3181 177 3286 ζωὴ
195 3178 269 3283 γὰρ
291 3177 342 3260 ὧν
360 3176 453 3262 κατὰ
477 3177 591 3287 φύσιν
616 3179 664 3263 ἀς
682 3175 787 3275 Θεὸς,
808 3175 927 3278 ἐπειδὴ
952 3178 1099 3281 γέγονεν
1121 3177 1160 3260 ἓν

103 3307 197 3412 πρὸς
220 3305 287 3407 τὴν
313 3309 438 3386 ἑαυτοῦ
464 3305 594 3410 σάρκα,
625 3301 796 3408 ζωοποιδν
821 3305 1004 3411 ἀπέφηνεν
1031 3303 1156 3405 αῦιήν.

104 3431 201 3514 ὥστε
226 3431 292 3540 κᾷν
319 3431 411 3539 λέγρ
437 3432 528 3535 πρὸς
558 3433 660 3532 ἡμᾶς·
693 3430 791 3533 ἀμὴν
814 3429 909 3532 ἀμὴν
938 3431 1036 3535 λέγω
1065 3434 1159 3532 ὑμῖν,

58 3561 168 3662 αηέάν
184 3559 235 3662 μὴ
260 3559 402 3669 φάγητε
426 3557 492 3661 τὴν
519 3557 640 3663 σάρκα
665 3567 730 3638 τοῦ
761 3563 837 3639 υἱοῦ
865 3567 930 3639 τοῦ
955 3558 1158 3663 ἀνθρώπου,

105 3693 165 3771 καὶ
182 3690 285 3788 πίητε
299 3689 407 3767 αῦτοῦ
422 3683 464 3767 τό
479 3685 598 3786 αἶμαο·
633 3687 700 3792 οὐχ
712 3689 761 3770 ὡς
778 3685 969 3789 ἀνθρώπιον
985 3692 1058 3767 τῶν
1076 3689 1155 3769 καθ

106 3820 199 3918 ἡμᾶς
226 3814 303 3900 ἑνὸς
330 3819 388 3896 καὶ
417 3813 527 3916 αὐτὴν
554 3811 641 3918 εἶναι
669 3813 899 3916 λογινόμεθα·
928 3820 1005 3898 πῶς
1032 3811 1105 3917 γὰρ
1133 3815 1157 3915 ἡ

105 3943 297 4048 ἀνθροῦτον
315 3941 417 4049 σάρξ
432 3940 600 4045 ζωοποιδς
616 3941 721 4021 ἕσται
740 3939 831 4019 κατά
853 3939 967 4048 φάσιν
992 3938 1059 4042 τὴν
1075 3943 1157 4023 εἀν-

106 4078 193 4174 τῆςς
222 4072 306 4151 ἀλλ’
332 4074 381 4154 ὡς
406 4071 497 4151 ἰδίαν
521 4073 666 4169 ἀληθῶς
689 4067 883 4171 γενομένην
906 4077 970 4150 τοῦ
994 4071 1036 4149 δι’
1063 4069 1156 4170 ἡμᾶς

168 4235 184 4268 ⁸
201 4243 212 4282 1
231 4223 299 4283 Cor.
309 4243 357 4281 xv.
375 4242 422 4281 21.
509 4219 525 4264 b
543 4221 612 4280 Act.
628 4219 698 4277 xvii.
714 4237 761 4293 3¹·
862 4219 975 4278 οδοειο.
989 4220 1028 4280 vi.
1044 4235 1093 4296 53.

151 4343 218 4383 V01n
229 4341 261 4384 ΙΙ.
626 4339 644 4378 Ε
