2867 4817
154 313 504 382 ALEXANDRINI
528 317 746 384 CONCILII
768 319 1020 387 EPISTOLA.
1087 323 1140 392 39-

77 487 203 560 Deum
220 489 328 562 homo
341 489 502 564 Christus
514 491 751 565 habitatorem
767 497 944 588 possidere
956 496 1130 571 eradatur.

78 604 255 690 Quamvis
271 608 367 678 enim
380 609 528 680 verbum
541 609 753 682 habitaverit
765 613 802 682 in
819 614 930 695 nobis,
943 620 982 684 et
994 613 1130 685 dietum
1136 627 1208 676 aaa
1219 625 1236 674 t

79 722 130 792 sit
160 722 198 791 in
232 721 374 794 Christo
398 723 559 797 habitare
584 747 728 796 omnem
760 725 1019 818 plenitudinem
1045 691 1295 799 Dei-cmm

78 838 170 908 tatis
199 838 435 932 corporaliter,
462 848 622 912 attamen
651 841 883 937 intelligimus
912 865 1007 927 eum,
1036 846 1131 937 quod

50 972 167 1032 scaro
184 954 309 1037 iaetus,
326 977 398 1025 non
414 956 507 1026 sieut
523 958 560 1027 in
578 958 708 1028 sanatis
724 957 884 1030 habitare
901 959 1048 1044 desan,
1065 983 1133 1032 neo

80 1067 196 1140 talem
224 1070 264 1139 iri
291 1071 368 1162 ipso
394 1069 651 1144 habitationem
681 1074 813 1145 iactam
842 1075 989 1146 delinire
1017 1084 1145 1162 tenta,

81 1184 215 1256 vimus:
237 1187 298 1257 sed
311 1187 433 1259 unitus
439 1189 547 1282 juxta
559 1198 733 1274 naturam,
746 1212 813 1260 neo
829 1190 867 1260 in
880 1213 1022 1261 oar-nem
1033 1192 1133 1285 peni-

81 1307 144 1371 tus
157 1311 406 1385 commutatus,
417 1299 528 1375 talem
538 1305 609 1376 sibi
622 1306 708 1376 feeit
720 1305 977 1377 habitationem
989 1305 1132 1400 qualem

82 1425 124 1488 et
140 1419 259 1489 anima
278 1419 432 1492 hominis
453 1421 585 1492 habero
611 1409 767 1493 creditur
782 1423 828 1493 ad
849 1423 1030 1516 proprium
1056 1446 1132 1494 aor-

29 1547 74 1590 10
84 1557 164 1627 pus.
191 1533 294 1606 Unus
311 1537 420 1630 igitur
437 1547 491 1608 est
504 1537 667 1610 Christus
681 1536 793 1609 Filius
810 1536 986 1610 Dominus
1001 1547 1132 1624 noster,

83 1673 159 1721 non
188 1649 288 1724 velut
312 1653 560 1744 eonjunotiono
580 1653 748 1747 qualibet,
777 1662 821 1725 ut
846 1653 941 1750 (sor.
967 1656 1134 1749 conjunc·

84 1767 222 1838 tionem
249 1768 459 1862 quamlibet)
480 1770 518 1840 in
547 1771 685 1842 unitate
708 1770 892 1864 dignitatis
918 1781 956 1842 et
982 1774 1134 1845 auotori-

84 1885 171 1954 tatis
180 1883 599 1983 hominishabentislfor.
611 1886 1132 1982 hominehabento)ndDeum:

85 2001 272 2074 nonenim
297 2009 416 2094 potest
436 2003 537 2074 unire
560 2011 703 2074 naturas
726 2003 801 2075 sola
817 2005 1000 2100 dignitatis
1015 2027 1134 2098 aequa·

35 2146 75 2210 ¹5
87 2115 178 2188 litas.
214 2115 379 2210 Denique
396 2118 524 2192 Petrus
541 2129 578 2192 at
595 2120 752 2192 Joannes
767 2121 909 2214 aequalis
928 2131 1013 2192 aunt
1029 2121 1136 2193 alter-

86 2241 170 2305 uter
186 2235 377 2328 dignitatis,
394 2245 538 2330 propter
554 2239 650 2330 quod
666 2245 704 2308 et
720 2237 870 2331 apostoli
882 2245 920 2309 et
936 2239 1049 2310 saneti
1066 2239 1136 2310 dis-

88 2349 197 2444 oipuh
220 2371 298 2423 esso
319 2361 579 2425 monstrantur:
614 2362 869 2438 verumtamen,
891 2361 1042 2447 uterque
1062 2378 1135 2426 non

86 2490 179 2540 unus
196 2477 271 2554 est3
296 2491 362 2540 neo
381 2470 489 2562 juxta
513 2469 760 2553 conlationem,
783 2469 841 2542 vel
866 2471 1134 2554 connexionem,

86 2586 235 2656 modum
252 2587 509 2679 conjunctionis
525 2587 759 2658 advertimus:
787 2585 856 2658 hoe
872 2588 978 2670 enim,
995 2587 1040 2657 ad
1056 2587 1134 2656 uni-

39 2733 80 2774 20
89 2709 203 2773 tatem
219 2725 290 2772 non
312 2702 441 2774 suffieit
460 2703 668 2785 naturalem,
689 2725 757 2772 nea
777 2704 973 2774 seeundum
994 2703 1135 2797 partiei-

88 2819 241 2910 pationis
250 2817 435 2904 affeetum3
448 2821 539 2891 siout
552 2839 616 2889 nos
626 2819 735 2889 etiam
744 2818 1154 2902 adherentesDomino‚r
1169 2830 1267 2882 court

89 2957 182 3006 unus
202 2957 285 3006 oum
302 2959 345 3006 eo
368 2937 511 3030 spiritus
527 2956 669 3019 sumus:
699 2935 809 3007 immo
831 2936 950 3029 potius
966 2936 1133 3028 eonjune-

89 3053 196 3124 tionis
221 3075 352 3122 nomen
377 3053 561 3136 evitamus,
578 3060 761 3145 tamquam
785 3075 857 3122 non
882 3052 1038 3123 existam
1059 3051 1135 3121 ido-

89 3193 197 3240 neum
223 3169 318 3263 quod
342 3169 518 3262 signifioet
545 3169 692 3240 unitatis
716 3190 902 3240 areanum:
932 3166 995 3239 sed
1019 3189 1135 3260 neque

44 3313 61 3352 2
65 3309 81 3370 5
93 3284 211 3357 Deum
227 3294 290 3357 aut
303 3284 499 3357 Dominum
517 3285 648 3356 Christi
662 3286 810 3356 verbum
827 3284 897 3356 Dei
913 3284 1024 3378 patris
1035 3285 1135 3356 adse-

92 3403 210 3486 rimus,
226 3425 272 3472 ne
290 3403 421 3474 iterum
434 3401 655 3474 manifestius
667 3401 705 3472 in
722 3401 793 3471 dno
810 3401 1008 3472 dividamus
1023 3421 1136 3471 unum

93 3518 273 3591 Christum
300 3517 431 3591 Filium
454 3527 492 3590 et
518 3517 725 3601 Dominum,
743 3526 781 3589 et
805 3517 843 3588 in
867 3516 1003 3588 crimen
1031 3517 1136 3587 saeri-

93 3635 175 3730 legii
188 3635 394 3720 recidamus,
409 3634 528 3708 Deum
541 3633 592 3706 illi
610 3635 765 3728 seipsum
777 3633 947 3705 facientes
959 3640 997 3704 et
1010 3631 1136 3703 Domi·

94 3775 188 3825 num.
241 3751 374 3824 Unitus
391 3753 531 3846 quippe,
552 3751 643 3822 siout
666 3749 826 3844 superius
847 3749 1012 3832 diximus,
1034 3746 1135 3819 Deus

47 3869 239 3949 aovorbum
255 3870 351 3941 oarni
368 3870 562 3942 seeundum
582 3865 855 3947 subsistentiam,
872 3863 973 3936 Deus
992 3864 1137 3958 quidem

94 3995 146 4058 est
163 3987 322 4058 omnium
340 3997 377 4059 et
393 3987 595 4059 dominatur
610 3984 842 4056 universitati.
876 3982 1137 4061 Verumtamen

94 4127 157 4176 neo
181 4125 301 4174 servus
319 4111 374 4174 est
398 4103 465 4174 sibi
486 4105 570 4198 ipse,
588 4125 654 4174 neo
677 4101 850 4184 dominus,
868 4101 951 4195 quia
974 4102 1136 4195 ineptum

95 4229 157 4304 ost,
171 4219 228 4290 vel
244 4221 362 4313 potius
374 4219 534 4314 impium,
547 4219 615 4290 hoo
632 4220 763 4290 sentire
779 4217 836 4288 vel
849 4219 978 4290 dicere.
1003 4217 1137 4302 Quum·
