2867 4817
511 335 742 401 EPITOME.
1094 334 1159 398 att

106 502 182 573 sola
209 506 279 575 siti
308 506 404 577 Nam
432 509 459 579 si
484 512 577 580 cadit
604 511 846 583 inhominem
873 509 978 579 beata
1004 511 1087 592 vita,
1113 518 1156 579 ut

106 618 306 714 philosophi
336 622 469 708 volunt,
493 628 530 695 in
558 650 601 697 eo
625 628 699 699 solo
723 652 796 700 non
817 632 1036 715 dissidentes,
1058 633 1155 703 cadit

106 748 253 832 ergoet
278 741 534 813 immortalitas.
587 744 630 815 Id
656 746 752 816 enim
777 746 893 817 solum
919 747 1062 819 beatum
1087 759 1153 833 est,

105 857 201 947 quod
236 857 500 951 incorruptum
550 858 586 930 id
621 862 735 933 solum
769 864 1023 959 incorruptum,
1058 872 1153 962 quod

104 986 288 1047 aeternum.
340 976 594 1050 Immortalitas
614 1004 698 1075 ergo
722 991 777 1052 est
804 999 981 1053 summum
1009 984 1153 1069 bonum,

104 1093 190 1184 quia
216 1102 253 1162 et
284 1092 447 1176 hominia,
478 1102 514 1163 et
544 1096 663 1179 animi,
687 1104 725 1166 et
750 1098 891 1168 virtutis
916 1107 971 1170 est
999 1108 1152 1171 tantum.

105 1210 167 1280 Ad
190 1207 281 1278 hanc
305 1210 497 1303 dirigimur,
515 1211 558 1280 ad
582 1210 673 1280 banc
694 1214 899 1305 capiendam
922 1216 997 1285 nati
1021 1238 1151 1288 sumus.

105 1328 245 1399 Idcirco
267 1328 368 1399 nobis
385 1328 484 1398 Deus
505 1328 685 1412 virtutem,
704 1330 953 1423 justitiamque
975 1336 1151 1426 proponit,

104 1457 146 1516 ut
176 1455 346 1517 aetemum
372 1446 460 1516 illud
490 1448 672 1539 praemium
704 1449 831 1517 nostris
860 1448 1038 1519 laboribus
1060 1474 1152 1521 asse-

104 1584 264 1653 quamur.
308 1561 365 1631 De
381 1562 457 1654 ipsa
473 1584 556 1632 vero
573 1584 644 1630 non
663 1561 881 1633 mortalitate
898 1562 990 1658 (for.
1009 1566 1152 1637 immor-

103 1679 245 1749 talitate
257 1676 446 1770 Hartman.)
461 1700 525 1750 suo
541 1678 620 1749 loco
634 1679 853 1749 disseremus.
888 1679 1016 1751 Restat
1028 1684 1151 1774 λογικὴ

101 1794 333 1890 philosophia,
364 1819 441 1887 quae
470 1796 514 1866 ad
549 1795 690 1866 beatam
726 1796 836 1865 vitam
870 1795 959 1865 nibil
993 1800 1150 1871 confert:

103 1914 276 2005 sapientia
292 1913 386 1983 enim
407 1936 478 1982 non
504 1914 540 1981 in
562 1912 733 1982 sermonis
754 1920 889 1993 ornatu,
908 1913 968 1982 sed
990 1915 1026 1983 in
1044 1918 1150 1986 corde

102 2038 211 2120 atque
228 2051 342 2099 sensu.
394 2027 499 2112 Quod
525 2028 554 2098 si
572 2038 609 2097 et
633 2026 776 2121 physica
792 2050 1009 2120 supervacua
1029 2039 1093 2112 est,
1111 2040 1149 2101 et

102 2144 178 2215 baec
195 2146 329 2239 logiam
360 2148 396 2215 in
419 2144 536 2215 ethica
559 2168 652 2227 vero,
670 2168 748 2236 quae
771 2144 846 2215 sola
868 2147 1062 2216 neomaenia
1084 2156 1149 2229 est,

102 2260 302 2355 philosophi
330 2271 544 2343 erraverunt,
571 2262 632 2354 qui
660 2259 754 2355 (sor.
783 2262 866 2353 quia
891 2259 1030 2355 Dacia)
1054 2284 1149 2333 sum-

102 2401 202 2447 mum
219 2377 353 2449 bonum
370 2378 469 2448 nullo
485 2379 592 2448 modo
615 2378 772 2449 invenire
792 2387 1005 2471 potuerrmt3
1034 2380 1149 2451 inanis

102 2493 212 2587 igitur
241 2502 279 2565 et
308 2494 442 2565 inutilis
470 2496 583 2565 omnis
611 2493 833 2587 philosophia
862 2496 1044 2586 reperitur,
1071 2519 1149 2587 quae

101 2632 169 2678 nec
194 2610 367 2679 rationem
393 2609 544 2680 hominis
569 2610 878 2703 comprehendere,
902 2634 968 2681 nec
994 2611 1148 2682 officium

100 2726 220 2819 potuit
237 2748 436 2818 munusque
452 2726 640 2818 complere.

461 2942 571 3013 ΟΑΡ.
597 2941 786 3014 XXXVI.

153 3074 329 3158 Quoniam
348 3076 393 3144 de
409 3073 630 3169 philosophia
648 3076 721 3146 dixi
746 3078 909 3160 breviter,
927 3078 1147 3149 nuncetiam

100 3193 147 3261 de
171 3189 386 3285 philosophis
408 3215 520 3284 pauca
542 3194 666 3263 dicam.
721 3192 863 3284 Epicuri
888 3194 1048 3265 doctrina
1069 3194 1147 3264 haec

100 3317 157 3377 est
190 3308 359 3399 inprimis,
394 3307 527 3378 nullam
563 3330 638 3378 esse
672 3310 950 3401 providentiam:
985 3319 1022 3381 et
1051 3310 1147 3381 idem

102 3422 200 3493 Deos
217 3446 292 3494 esse
309 3446 380 3493 non
404 3424 537 3493 abnuit.
591 3422 795 3518 Utrumque
818 3435 940 3496 contra
962 3429 1147 3497 rationem.

101 3540 174 3610 Sed
192 3542 219 3610 si
245 3552 328 3611 sunt
349 3540 408 3622 dii,
426 3548 481 3611 est
504 3540 614 3635 igitur
635 3542 864 3633 providentia.
915 3541 1035 3612 Aliter
1051 3541 1146 3612 enim

101 3654 203 3726 Deus
225 3654 375 3750 intelligi
399 3680 469 3727 nou
495 3666 622 3749 potest,
640 3658 741 3750 cujus
758 3667 813 3728 est
835 3658 1014 3751 proprium
1031 3660 1147 3750 provi-

100 3772 195 3842 dere.
247 3768 357 3855 Nihil,
388 3775 512 3865 inquit,
547 3782 654 3845 curat.
707 3774 802 3867 Ergo
836 3798 908 3843 non
940 3774 1047 3844 modo
1080 3775 1147 3845 hu-

98 3908 215 3970 mana,
249 3888 310 3959 sed
344 3911 390 3959 ne
424 3886 581 3960 coelestia
614 3889 757 3982 quidem
796 3900 906 3961 curat.
958 3890 1145 3973 Quomodo

99 4004 220 4097 igitur,
247 4014 310 4074 aut
335 4004 430 4076 unde
456 4028 532 4077 esse
557 4006 658 4075 illum
684 4005 860 4076 affirmas?
885 4005 1028 4075 exclusa
1049 4006 1145 4077 enim

98 4120 321 4214 providentia
346 4144 499 4214 curaque
524 4122 652 4205 divina,
670 4143 888 4214 consequens
911 4130 987 4193 erat
1009 4131 1051 4193 ut
1074 4146 1145 4193 non

98 4260 176 4310 esse
198 4240 341 4308 omnino
360 4237 477 4309 Deum
503 4238 648 4309 diceres.
702 4238 810 4308 Nunc
834 4259 916 4309 eum
941 4238 1049 4309 verbo
1065 4238 1147 4308 reli-
