2867 4817
276 286 342 348 28⁰
460 284 662 349 ARNOBH
687 285 937 391 anteusus
958 286 1149 351 GENTES

283 456 447 551 Ursinus)
464 460 605 543 itemm,
629 462 755 552 saepius
779 460 944 531 familiari
965 460 1204 532 collocutione
1226 486 1330 533 mon·

277 576 424 647 stravit?
460 578 520 668 qui
547 578 752 670 justissimis
783 579 865 647 viris
891 580 1089 649 etiamnum
1117 579 1329 673 impollutis,

277 715 319 765 ac
335 690 563 787 diligentibus
585 715 670 775 sese,
687 716 759 764 non
781 716 845 787 per
866 718 958 765 vana
972 696 1157 779 insomnia
1173 698 1240 767 sed
1266 720 1330 789 per

278 834 373 905 purae
407 810 561 903 speciem
590 810 826 904 simplicitatis
859 812 1030 904 apparet?
1063 814 1165 905 cujus
1193 837 1329 884 nomen

277 927 439 999 auditum
467 925 568 1021 fugat
596 927 722 996 noxios
750 928 918 1019 spiritus?
960 929 1113 1021 imponit
1141 928 1328 1000 silentium

279 1042 443 1115 vatibus?
485 1043 686 1135 haruspices
721 1044 940 1114 inconsultos
974 1045 1116 1115 reddit?
1160 1070 1330 1141 arrogan-

277 1162 369 1231 tium
385 1182 568 1255 magorum
591 1160 749 1229 frustrari
765 1159 875 1230 efficit
899 1162 1067 1242 actiones,
1084 1184 1158 1232 non
1178 1162 1326 1233 horrore

278 1276 334 1367 (ut
351 1278 481 1368 dicitis)
498 1277 660 1359 nominIs,
677 1277 740 1346 sed
756 1277 898 1369 majoris
913 1276 1059 1346 licentia
1074 1280 1291 1369 potestatis?

328 1388 493 1465 XLVII.¹
513 1393 562 1463 Et
584 1392 658 1463 baec
675 1394 819 1485 quidem
836 1394 1041 1463 summatim
1061 1396 1236 1486 exposita,
1253 1419 1326 1465 non

249 1567 254 1579 .
278 1534 322 1583 ea
343 1513 479 1581 ratione
501 1508 723 1603 protulimus,
741 1519 910 1603 tanquam
932 1511 1142 1604 magnitudo
1161 1512 1327 1583 facientis

278 1627 360 1699 solis
385 1630 422 1697 in
446 1627 501 1697 his
526 1636 619 1697 esset
648 1627 890 1720 perspicienda
918 1628 1118 1697 virtutibus
1180 1628 1328 1711 Quanta

278 1745 350 1815 sint
378 1742 471 1839 (sor.
496 1741 678 1827 Quantula
703 1746 801 1836 sunt)
828 1746 923 1815 enim
954 1743 1038 1827 baee,
1068 1744 1127 1814 vel
1153 1745 1327 1816 exilitatis

277 1863 378 1954 cujus
399 1862 618 1953 reperientur
641 1870 679 1929 et
701 1860 786 1943 ludi,
811 1862 841 1931 si
866 1860 1036 1931 traditum
1062 1859 1156 1956 (for.
1180 1864 1249 1933 nisi
1274 1866 1328 1933 ita

277 1980 415 2070 datum)
433 1978 540 2049 fuerit
565 1979 671 2061 nosci,
690 2001 736 2048 ex
758 1978 886 2069 quibus
910 1979 955 2049 ad
980 2002 1045 2049 nos
1069 1981 1199 2073 regnis,
1223 1982 1327 2073 cujus

277 2097 430 2167 numinis
454 2096 671 2165 ministrator
694 2095 901 2165 advenerit?
931 2095 1019 2179 Quae
1041 2096 1186 2188 quidem
1212 2097 1260 2169 ab
1281 2122 1326 2169 eo

276 2220 377 2307 gesta
399 2220 492 2293 sunt,
509 2220 548 2281 et
572 2210 742 2295 factitata,
758 2234 830 2281 non
848 2221 890 2281 ut
913 2234 952 2281 se
972 2234 1063 2282 vana
1084 2208 1326 2284 ostentatione

269 2332 432 2422 jactaret,
449 2328 511 2399 sed
528 2336 570 2397 ut
591 2327 753 2399 homines
770 2329 858 2411 duri,
875 2337 983 2420 atque
999 2329 1171 2399 increduli
1192 2332 1325 2402 scirent

277 2470 347 2517 non
372 2468 458 2529 esse,
475 2447 570 2538 quod
595 2445 842 2537 spondebatur,
864 2444 1011 2515 falsum:
1042 2455 1150 2516 etex
1173 2471 1324 2540 operum

277 2564 505 2658 benignitate,
529 2562 613 2654 quid
636 2559 730 2656 (sos.
755 2560 860 2653 quod,
885 2560 1075 2656 Heumun.)
1102 2572 1197 2634 esset
1223 2564 1325 2635 Deus

277 2704 388 2763 venus,
415 2682 492 2773 jam
526 2680 746 2749 addiscerent
782 2679 960 2771 suspicari.
1011 2678 1126 2749 Simul
1160 2689 1198 2750 et
1233 2680 1324 2752 illud

277 2796 438 2867 volumus
463 2796 552 2878 sciri,
569 2817 652 2865 cum
677 2796 881 2864 summatim
904 2797 959 2884 (ut
981 2796 1119 2865 dictum
1141 2800 1213 2886 est)
1236 2820 1325 2867 enu-

274 2912 424 2981 meratio
441 2912 535 2981 facta
557 2920 738 3004 gestorum
758 2919 825 2994 est,
843 2933 916 2981 non
936 2934 981 2980 ea
1000 2910 1115 2980 solum
1139 2910 1324 2982 Christum

275 3028 440 3120 potuisse,
458 3050 534 3121 quae
560 3026 654 3109 fecit,
672 3028 734 3097 sed
759 3028 953 3097 constituta
977 3030 1087 3097 etiam
1109 3052 1324 3121 exuperasse

275 3146 438 3217 fatorum.
490 3140 588 3215 Nam
611 3145 639 3215 si
656 3142 713 3230 (ut
737 3144 859 3237 liquet,
876 3154 915 3215 et
936 3150 1090 3237 constat)
1108 3145 1323 3229 debilitates,

274 3273 522 3355 etcorporum
549 3262 735 3355 passiones,
761 3262 868 3344 surdi,
893 3262 1020 3342 manci,
1045 3270 1085 3331 et
1109 3264 1211 3344 muti,
1242 3287 1325 3335 ner-

275 3400 398 3448 vorum
423 3378 627 3460 contractio,
645 3384 683 3446 et
703 3377 845 3446 amissio
862 3375 1014 3459 luminis,
1040 3377 1208 3448 fatalibus
1228 3382 1324 3449 acci-

275 3494 364 3566 dunt
389 3496 655 3588 irroganturque
680 3494 842 3576 decretis,
868 3503 905 3563 et
929 3493 1025 3564 solus
1054 3494 1130 3565 baec
1156 3494 1323 3566 Christus

274 3613 436 3695 correxit,
460 3613 626 3694 restituit,
649 3620 758 3705 atque
782 3612 939 3681 sanavit:
969 3610 1043 3681 sole
1069 3614 1144 3704 ipso
1167 3619 1223 3682 est
1249 3612 1322 3685 cla-

273 3730 355 3812 rius,
380 3724 618 3822 potentiorem
638 3728 741 3798 illum
758 3728 874 3810 fiisse,
898 3750 1004 3820 quam
1025 3729 1100 3799 fata
1124 3739 1218 3813 sunt,
1235 3754 1319 3802 cum

274 3866 316 3915 ea
332 3843 437 3915 solvit
453 3852 490 3914 et
507 3844 603 3925 vicit,
620 3867 698 3936 quae
715 3845 894 3938 perpetuis
910 3845 1071 3927 nexibus,
1089 3854 1128 3915 et
1143 3846 1319 3917 immobili

273 3960 412 4031 merant
429 3961 638 4033 necessitate
656 3963 829 4033 devincta.

323 4074 504 4148 XLVIII.
524 4076 595 4148 Sed
621 4078 761 4161 flustra,
778 4078 893 4169 inquit
917 4078 1035 4147 nescio
1061 4078 1151 4168 quis,
1176 4088 1317 4150 tantum

271 4188 416 4282 arrogas'
433 4190 584 4273 Christo,
611 4186 692 4262 cu'm
719 4216 810 4284 soepe
835 4191 1110 4274 aliossciamus,
1136 4200 1176 4261 et
1200 4194 1317 4262 scicri-
