2867 4817
261 307 327 376 866
495 309 729 374 FIRMIANI
755 310 1027 375 LACTANTII

257 485 407 575 judiees,
424 491 463 553 et
487 482 665 576 intelliges
687 495 763 555 tam
790 491 827 554 te
850 486 980 577 injuste
1004 483 1130 567 faeere,
1152 486 1183 555 si
1208 483 1316 556 alteri

265 621 400 682 noceas,
418 620 525 691 quam
541 599 705 682 alterum,
722 601 750 668 si
770 599 845 669 tibi.
897 599 986 670 Haeo
1003 601 1032 670 si
1051 608 1175 671 mente
1193 601 1316 670 volra-

264 736 353 796 mus,
383 714 623 783 innoeentiam
653 713 864 798 tenebimus,
890 716 928 784 in
954 737 1025 807 qua
1044 715 1189 807 justitia
1212 715 1318 786 velut

265 829 378 922 primo
395 829 507 922 gradu
523 829 664 898 insistit.
715 827 877 900 Primum
892 839 948 902 est
970 831 1067 900 enim
1084 852 1156 900 non
1173 853 1317 912 nouere,

265 945 467 1037 proximum
490 941 666 1036 prodesse.
718 944 767 1014 Et
784 943 876 1015 sieut
900 946 938 1016 in
960 946 1106 1016 rudibus
1126 949 1221 1040 agris
1245 949 1319 1040 pri-

266 1083 416 1154 usquam
437 1079 552 1130 serere
574 1060 731 1152 inoipius,
748 1059 878 1132 evulsis
899 1061 1069 1144 sentibus,
1086 1071 1125 1132 et
1146 1063 1318 1134 omnibus

267 1177 429 1268 stirpium
456 1173 632 1246 radicibus
656 1177 859 1268 amputatis,
887 1199 971 1247 arva
998 1180 1183 1271 purganda
1206 1189 1315 1248 sunt:

267 1290 316 1360 sio
331 1289 377 1360 de
402 1291 530 1361 nostris
550 1291 676 1362 animis
701 1293 798 1382 prius
818 1292 906 1362 vitia
924 1293 1153 1374 detrahenda,
1170 1302 1211 1363 et
1226 1304 1317 1364 tune

267 1404 411 1477 demum
433 1406 583 1478 virtutes
605 1407 812 1489 inserendae,
829 1407 875 1478 de
899 1407 1028 1500 quibus
1043 1410 1231 1488 seminatae
1252 1431 1318 1502 per

268 1521 414 1592 verbum
432 1520 503 1592 Dei
519 1522 637 1616 fruges
654 1521 930 1594 immortalitatis
947 1525 1114 1594 oriantur.

667 1734 779 1806 GAP.
812 1736 914 1807 LXI.

317 1833 403 1938 'l'res
426 1865 583 1948 affeetus,
609 1864 668 1936 vei
692 1865 750 1955 (ut
774 1867 826 1937 ita
847 1866 978 1962 dicam)
996 1877 1067 1938 tres
1092 1869 1192 1938 furiae
1219 1879 1316 1953 sunt,

268 2007 345 2077 quae
361 1985 398 2052 in
419 1982 544 2052 animis
563 1981 749 2053 hominum
769 1991 886 2054 tantas
907 1983 1188 2075 perturbationes
1205 1986 1316 2068 nient,

268 2109 305 2170 et
334 2097 511 2179 interdum
541 2105 675 2192 eogunt
704 2099 755 2168 ita
784 2098 998 2190 delinquere,
1028 2111 1070 2168 ut
1099 2121 1165 2168 neo
1199 2099 1316 2182 famae,

268 2239 334 2285 neo
360 2212 507 2307 perieuli
530 2215 584 2284 sui
609 2223 809 2306 respectum
838 2214 969 2285 habere
997 2215 1228 2306 permittant:
1263 2217 1317 2286 ira

268 2355 346 2424 qua
370 2330 563 2400 vindiotam
583 2330 706 2421 eupit;
741 2331 986 2422 avaritiaque
1009 2329 1185 2400 desiderat
1208 2353 1315 2424 opes;

269 2446 379 2517 libido
417 2469 496 2538 quae
534 2446 672 2538 appetit
711 2445 922 2538 voluptates.
987 2444 1056 2515 Hie
1096 2447 1190 2516 vitiis
1229 2459 1316 2518 anie

270 2563 388 2632 omnia
412 2561 647 2632 resistendum
672 2571 739 2644 est,
755 2562 809 2632 11ae
831 2563 959 2654 stirpes
982 2561 1155 2642 eruendae,
1177 2572 1221 2632 ut
1247 2563 1318 2632 vir·

269 2687 365 2748 tutes
396 2679 503 2748 inseri
535 2679 682 2770 possint.
746 2677 824 2749 Hos
858 2677 1005 2748 effeetus
1038 2677 1150 2747 Stoici
1189 2701 1317 2771 ampu-

271 2797 405 2876 tandos,
439 2793 666 2888 Peripatetici
704 2795 951 2887 temperandos
990 2803 1128 2887 putant.
1181 2793 1317 2866 Neutri

270 2935 392 2982 eorum
413 2919 529 2995 reete3
555 2912 638 3003 quia
659 2932 775 3002 neque
799 2911 838 2979 in
861 2919 978 2980 totum
994 2910 1133 2980 detrahi
1155 2923 1317 3003 possunt,

270 3027 444 3120 siquidem
471 3037 598 3097 natura
626 3027 722 3098 insiti
752 3035 885 3096 oertam
915 3025 1049 3096 habent
1077 3049 1318 3120 magnamque

271 3145 464 3226 rationem3
497 3165 613 3234 neque
641 3142 802 3225 diminui,
836 3143 1001 3234 quoniam
1031 3143 1061 3213 si
1094 3142 1189 3213 maia
1219 3155 1317 3228 sumt,

272 3255 461 3328 emendum
489 3265 545 3326 eet
570 3256 679 3326 etiam
705 3257 911 3348 temperatis
936 3265 975 3326 et
998 3257 1256 3340 mediocribus;
1285 3261 1316 3330 si

272 3374 374 3453 bona,
390 3371 537 3464 integris
556 3369 776 3440 abutendum
799 3381 865 3442 est.
918 3369 997 3441 Nos
1017 3393 1100 3442 vero
1122 3395 1238 3464 neque
1253 3374 1320 3445 de·

273 3487 471 3569 trahendos,
510 3509 626 3578 neque
658 3487 869 3557 minuendos
903 3509 979 3558 esse
1015 3489 1175 3559 dioimus.
1228 3488 1317 3559 Non

273 3605 368 3675 enim
393 3625 456 3694 per
479 3623 518 3670 se
542 3601 637 3670 mala
660 3609 753 3682 sunt,
779 3623 856 3693 quse
881 3600 982 3673 Deus
1006 3601 1142 3672 homini
1163 3603 1318 3674 ratium-

273 3721 392 3792 biliter
416 3717 563 3786 insevit:
598 3717 661 3786 sed
684 3739 796 3807 quum
821 3719 892 3788 sint
915 3721 1040 3812 utique
1062 3727 1189 3790 natura
1210 3719 1317 3802 bona,

274 3835 438 3928 quoniam
468 3832 513 3903 ad
542 3832 712 3903 tuendam
742 3834 851 3903 vitam
886 3842 969 3903 sunt
1006 3834 1191 3918 attributa,
1220 3833 1317 3904 maie

273 3949 407 4022 utendo
429 3948 520 4018 fiunt
543 3947 657 4031 mala3
681 3956 721 4019 et
745 3949 838 4019 siout
862 3949 1043 4033 fortitudo,
1061 3951 1090 4019 si
1113 3971 1176 4041 pro
1202 3953 1319 4042 patria

273 4065 492 4148 dimicemus,
518 4066 650 4135 bonum
673 4072 752 4147 est;
780 4066 809 4135 si
834 4073 957 4136 eontra
977 4067 1139 4158 patriam,
1159 4066 1314 4139 malum:

273 4183 323 4253 sio
351 4190 390 4249 et
416 4179 575 4263 affectius,
605 4181 634 4249 si
666 4179 713 4249 ad
743 4199 826 4250 usus
855 4181 966 4252 bonos
994 4181 1135 4264 habeus,
1165 4184 1317 4254 virtutes
