2867 4817
275 304 317 365 12
505 304 539 366 S.
555 300 832 365 POLYCARPI
856 297 1098 364 EPISTOLA

274 479 356 575 ύμῖν
374 479 536 578 περὶτῆς
554 472 792 574 δικαιοσύνης·
813 474 898 552 ἀλλ’
918 474 999 551 ἐπεὶ,
1012 472 1109 570 ὑμεῖς
1126 501 1329 573 προεπεκα

274 602 442 683 λε’σασθέ
454 638 510 703 με.
569 604 666 683 Ούτε
684 601 757 705 γὰρ
775 599 857 704 ε’γοδ,
876 601 956 679 orire
975 597 1091 683 ἄλλος
1108 596 1229 696 ὅμοιος
1246 597 1329 693 ἐμοὶ

275 730 420 811 δύναται
438 736 751 830 κατακολουθῆσαι
775 727 956 834 τῇσοφίᾳ
979 735 1043 806 τοῦ
1063 725 1239 828 μακαρίου
1265 726 1328 803 καὶ

274 856 420 965 ἐνδόξου
439 857 602 937 Παύλου·
634 855 672 941 δς
700 854 887 958 γενόμενος
914 856 952 931 ἐν
980 854 1062 951 ὑμῖν
1088 849 1181 931 κατὰ
1207 846 1328 953 πρύσ-

274 1020 374 1067 οητον
391 993 464 1065 τῶν
481 982 562 1065 τότε
586 984 796 1088 ἀνθρώπων,
813 979 973 1085 ἐδίδαξεν
994 982 1152 1083 ἀκριβῶς
1177 980 1235 1057 καὶ
1261 982 1363 1072 βε-5

274 1116 386 1211 βαίως
413 1112 476 1193 τόν
502 1115 584 1215 περὶ
610 1112 779 1214 ἀληθείας
805 1103 931 1208 λόγον·
962 1104 1002 1190 ὃς
1029 1108 1088 1185 καὶ
1115 1102 1216 1185 cinola
1244 1106 1329 1202 ὑμῖν

276 1244 436 1349 ἔγραψεν
460 1239 665 1337 ἐπιστολὰς,
684 1244 732 1323 είς
754 1236 797 1322 ἃς
818 1233 880 1313 ἐὰν
898 1233 1104 1335 ἐγκύπητε,
1123 1230 1325 1332 δυνηθήσε·

111 1400 165 1449 ou
182 1402 215 1449 iv.
226 1374 343 1450 ιασθε
361 1371 623 1466 οἰκοδομεῖσθαι
644 1372 691 1450 εὶς
715 1364 782 1465 τὴν
801 1368 969 1443 δοθεῖσαν
992 1365 1074 1460 ὑμῖν
1095 1363 1230 1460 πίστιν,
1248 1361 1330 1460 ἥτις

272 1500 352 1577 ἐστὶ
369 1494 486 1598 μήτηρ
507 1491 654 1576 πάντων
676 1494 788 1592 ἡμῶν,
805 1489 1119 1601 ἐπακολουθούσης
1136 1494 1201 1589 τῆς
1218 1489 1325 1569 ε’λπί·

273 1628 344 1721 δος,
363 1622 595 1727 προαγούσης
619 1626 683 1721 τῆς
708 1618 861 1721 ἀγάπης,
878 1623 942 1718 τῆς
966 1624 1016 1702 εἰς
1035 1617 1131 1698 Θεὸν
1151 1620 1211 1696 καὶ
1228 1622 1325 1720 Χρι-
1346 1639 1392 1679 ¹0

272 1750 364 1832 στὸν
382 1754 441 1831 καὶ
459 1758 507 1834 είς
524 1749 588 1829 τὸν
605 1750 778 1848 πλησίον.
808 1746 899 1827 Ἐὰν
915 1745 988 1850 γάρ
1006 1781 1060 1831 τις
1072 1744 1209 1825 τούτων
1227 1743 1331 1829 ἐντὸς

272 1876 297 1986 ᾖ
317 1888 385 1977 (for.
400 1876 587 1985 ᾖπλήρης,
600 1885 660 1977 π.)
674 1872 911 1978 πεπλήρωκεν
921 1871 1073 1972 ἐντολὴν
1083 1870 1328 1973 δικαιοσύνης·

274 2009 293 2087 ὁ
312 2005 383 2109 γὰρ
402 2006 493 2111 ἔχων
511 2001 665 2107 ἀγάπην,
684 2002 826 2107 μακράν
843 2005 924 2081 ἐστι
940 1999 1063 2101 πάσης
1080 2002 1267 2105 ἁμαρτίας.

329 2132 373 2214 δ.
403 2132 520 2237 Ἀρχὴ
539 2130 577 2211 δὲ
594 2130 741 2211 πάντων
757 2138 929 2236 χαλεπῶν
948 2130 1183 2237 φιλαργυρία.
1214 2124 1326 2207 Εἱδό·

273 2298 331 2347 τες
357 2262 420 2342 οὖν
443 2260 499 2340 ὅτι
523 2256 624 2339 οὐδὲν
649 2258 903 2360 εἰσηνέγκαμεν
920 2264 969 2340 είς
986 2255 1051 2337 τδν
1068 2255 1220 2355 κόσμον,
1237 2257 1327 2334 ἀλλ’
1346 2290 1362 2363 ι
1367 2288 1389 2348 5

274 2389 353 2470 οὐδὲ
380 2388 573 2495 ἐξενεγκεῖν
600 2420 635 2464 τι
663 2384 801 2491 ἔχομεν,
830 2384 1066 2485 δτλισῶμεθα
1097 2390 1171 2465 τοῖς
1199 2382 1331 2467 ὅπλοις

273 2523 337 2617 τῆς
355 2514 590 2615 δικαιοσύνης,
607 2517 665 2592 καὶ
689 2512 888 2620 διδάξωμεν
912 2511 1055 2595 ἑαυτοὺς
1078 2518 1233 2615 πρῶτον,
1252 2545 1329 2591 πο-

273 2643 441 2747 ρεύεσθαι
468 2644 505 2721 ἐν
532 2647 578 2746 τῇ
605 2642 735 2745 ἐντολῇ
761 2648 826 2719 τοῦ
854 2642 1000 2743 Κυρίου·
1031 2640 1151 2721 ἔπειτα
1178 2642 1237 2719 καὶ
1262 2638 1332 2723 τὰς

276 2852 357 2911 vobis
372 2852 408 2909 de
419 2851 535 2929 justitia
544 2874 553 2922 ;
575 2850 778 2928 sedquoniam
820 2849 942 2909 cedente
959 2849 1127 2917 dilectione,
1142 2869 1208 2927 quae
1229 2859 1274 2908 est
1297 2850 1332 2907 in

275 2954 327 2991 vos
341 2932 527 3009 provocastis.
561 2931 686 3011 Propter
700 2930 779 3009 quod
821 2930 898 3000 Deo,
912 2942 942 2989 et
956 2932 987 2988 in
1000 2931 1128 2997 Christo,
1140 2942 1171 2989 et
1185 2931 1215 2987 in
1226 2931 1332 3008 proxi.

275 3034 370 3091 neque
391 3034 454 3090 ego,
470 3033 565 3089 neque
584 3012 686 3070 similis
705 3012 780 3069 alius
821 3032 879 3071 mo.
922 3012 955 3070 Si
977 3012 1053 3070 enim
1073 3012 1140 3088 quis
1162 3011 1264 3069 horum
1281 3012 1331 3068 in·

275 3094 331 3151 mei
360 3094 468 3173 poterit
496 3094 578 3169 sequi
607 3092 778 3169 sapientiam
820 3093 964 3151 trinsecus
985 3091 1115 3171 repletus
1132 3092 1224 3150 fuerit
1244 3112 1331 3149 man·

275 3174 350 3233 beati
381 3186 410 3231 et
437 3174 556 3251 gloriosi
586 3172 692 3230 Pauli:
728 3174 778 3249 qui
821 3173 897 3231 datis
914 3173 1048 3250 justitiae,
1070 3185 1101 3231 et
1123 3173 1258 3231 habuerit
1282 3172 1333 3231 di-

275 3256 334 3313 fuit
355 3253 433 3332 apud
449 3275 508 3323 vos,
524 3265 554 3311 et
569 3253 648 3311 visus
669 3266 713 3312 est
734 3275 779 3311 se·
820 3252 985 3321 lectionem,
1006 3254 1093 3333 louge
1113 3264 1159 3312 est
1186 3255 1223 3313 ab
1247 3254 1333 3311 omui

276 3335 403 3395 cundum
425 3335 528 3393 faciem
550 3333 616 3401 illis,
636 3335 685 3411 qui
707 3347 780 3393 tunc
822 3346 950 3413 peccato.

276 3430 367 3483 erant,
390 3415 573 3486 hominibus;
607 3416 657 3491 qui
681 3416 781 3474 docuit
864 3415 921 3474 lv.
934 3416 1115 3493 Principium
1127 3427 1248 3475 ⁸autem
1264 3436 1332 3473 om.

276 3497 435 3556 certissime
487 3508 574 3573 atque
619 3496 782 3555 firmissime
822 3497 904 3554 nium
939 3497 1081 3555 malorum
1116 3507 1161 3555 est
1196 3497 1332 3555 avaritia.

277 3580 397 3636 verbum
421 3576 549 3635 veritatis
561 3598 569 3647 ;
605 3577 655 3654 qui
680 3588 710 3634 et
732 3578 781 3635 ab·
824 3578 936 3636 Scitote
957 3598 1036 3655 ergo,
1052 3583 1118 3655 quio
1140 3580 1210 3635 nihil
1230 3580 1332 3635 intuli.

277 3680 343 3717 sens
357 3658 472 3736 scripsit
487 3658 569 3715 vobis
583 3657 730 3737 epistolas,
744 3658 781 3716 ad
822 3679 882 3716 orus
895 3662 924 3717 ia
939 3661 1010 3717 lunc
1023 3662 1165 3724 mundum,
1174 3678 1262 3734 neque
1275 3679 1331 3716 ου·

277 3760 349 3817 quas
377 3738 581 3804 deflectamiui,
604 3750 638 3796 ut
662 3739 781 3817 possitis
813 3741 895 3819 serre
916 3760 1065 3815 possumus.
1108 3740 1268 3798 Armemur
1281 3761 1330 3798 ar.

278 3820 412 3878 edificari
434 3821 463 3877 in
487 3818 543 3877 lide
562 3839 626 3897 quae
648 3819 715 3878 data
736 3831 781 3877 est
822 3822 877 3879 mis
885 3821 1024 3898 justitian:
1044 3834 1074 3880 et
1088 3822 1244 3880 doceamus
1259 3842 1332 3880 nos-

279 3901 369 3971 vobis,
387 3920 452 3979 quae
472 3913 516 3959 est
537 3913 630 3960 mater
650 3901 780 3957 omnium
823 3913 883 3960 met
896 3904 975 3980 ipsos
988 3903 1115 3981 primum
1133 3902 1283 3961 ambulare
1299 3904 1332 3959 in

279 3994 420 4049 nostrum,
430 3982 624 4058 subsequente
635 4002 697 4060 spe,
709 4001 783 4060 prae·
823 3983 967 4041 mandatis
982 3984 1113 4051 Domini,
1134 3996 1165 4042 et
1186 3994 1253 4061 poet
1275 3984 1333 4041 hoc

698 4112 739 4157 Ee
751 4110 837 4158 Smirht
847 4112 902 4159 edit.

694 4202 708 4232 ι
723 4208 732 4240 ι
748 4192 908 4245 Tim.ri.1o-
