<?xml version="1.0" encoding="UTF-8"?>
<!DOCTYPE html PUBLIC "-//W3C//DTD XHTML 1.0 Transitional//EN"
    "http://www.w3.org/TR/xhtml1/DTD/xhtml1-transitional.dtd">
<html xmlns="http://www.w3.org/1999/xhtml" xml:lang="en" lang="en">
 <head>
  <title>
</title>
<meta http-equiv="Content-Type" content="text/html;charset=utf-8" />
  <meta name='ocr-system' content='tesseract 3.04.00' />
  <meta name='ocr-capabilities' content='ocr_page ocr_carea ocr_par ocr_line ocrx_word'/>
</head>
<body>
  <div class='ocr_page' id='page_1' title='image "./scriptorumeccle03routgoog_0266.png"; bbox 0 0 2867 4817; ppageno 0'>
   <div class='ocr_carea' id='block_1_1' title="bbox 259 327 1213 404">
    <p class='ocr_par' dir='ltr' id='par_1_1' title="bbox 259 327 1213 404">
     <span class='ocr_line' id='line_1_1' title="bbox 259 327 1213 404; baseline 0 -3"><span class='ocrx_word' id='word_1_1' title='bbox 259 338 324 401; x_wconf 76' lang='lat'><strong>250</strong></span> <span class='ocrx_word' id='word_1_2' title='bbox 366 336 557 402; x_wconf 83' lang='lat' dir='ltr'><strong>FIRMIL.</strong></span> <span class='ocrx_word' id='word_1_3' title='bbox 580 336 734 402; x_wconf 86' lang='lat' dir='ltr'><strong>EPIST.</strong></span> <span class='ocrx_word' id='word_1_4' title='bbox 756 336 826 401; x_wconf 88' lang='lat' dir='ltr'><strong>AD</strong></span> <span class='ocrx_word' id='word_1_5' title='bbox 849 336 881 401; x_wconf 88' lang='lat' dir='ltr'><strong>S.</strong></span> <span class='ocrx_word' id='word_1_6' title='bbox 905 327 1213 404; x_wconf 81' lang='lat' dir='ltr'>CYPRIANUM.</span> 
     </span>
    </p>
   </div>
   <div class='ocr_carea' id='block_1_2' title="bbox 258 510 1335 1307">
    <p class='ocr_par' dir='ltr' id='par_1_2' title="bbox 258 510 1335 1307">
     <span class='ocr_line' id='line_1_2' title="bbox 259 510 1309 595; baseline 0.001 -13"><span class='ocrx_word' id='word_1_7' title='bbox 259 511 360 582; x_wconf 90' lang='lat' dir='ltr'><strong>nobis</strong></span> <span class='ocrx_word' id='word_1_8' title='bbox 383 520 420 583; x_wconf 86' lang='lat' dir='ltr'><strong>et</strong></span> <span class='ocrx_word' id='word_1_9' title='bbox 444 510 618 583; x_wconf 73' lang='lat' dir='ltr'><strong>haereticis</strong></span> <span class='ocrx_word' id='word_1_10' title='bbox 641 534 707 582; x_wconf 88' lang='lat' dir='ltr'><strong>nec</strong></span> <span class='ocrx_word' id='word_1_11' title='bbox 728 510 830 585; x_wconf 87' lang='lat' dir='ltr'><strong>Deus</strong></span> <span class='ocrx_word' id='word_1_12' title='bbox 853 533 946 583; x_wconf 89' lang='lat' dir='ltr'><strong>unus</strong></span> <span class='ocrx_word' id='word_1_13' title='bbox 971 511 1027 595; x_wconf 88' lang='lat' dir='ltr'><strong>sit,</strong></span> <span class='ocrx_word' id='word_1_14' title='bbox 1044 534 1112 585; x_wconf 88' lang='lat' dir='ltr'><strong>nec</strong></span> <span class='ocrx_word' id='word_1_15' title='bbox 1129 510 1309 584; x_wconf 81' lang='lat' dir='ltr'><strong>Dominus</strong></span> 
     </span>
     <span class='ocr_line' id='line_1_3' title="bbox 258 630 1309 716; baseline 0 -15"><span class='ocrx_word' id='word_1_16' title='bbox 258 651 360 713; x_wconf 88' lang='lat' dir='ltr'><strong>unus,</strong></span> <span class='ocrx_word' id='word_1_17' title='bbox 377 652 444 700; x_wconf 88' lang='lat' dir='ltr'><strong>nco</strong></span> <span class='ocrx_word' id='word_1_18' title='bbox 469 652 541 701; x_wconf 80' lang='lat' dir='ltr'><strong>une</strong></span> <span class='ocrx_word' id='word_1_19' title='bbox 565 630 724 714; x_wconf 84' lang='lat' dir='ltr'><strong>ecclesia,</strong></span> <span class='ocrx_word' id='word_1_20' title='bbox 741 652 808 703; x_wconf 85' lang='lat' dir='ltr'><strong>nec</strong></span> <span class='ocrx_word' id='word_1_21' title='bbox 824 630 913 703; x_wconf 83' lang='lat' dir='ltr'><strong>fides</strong></span> <span class='ocrx_word' id='word_1_22' title='bbox 933 652 1016 716; x_wconf 84' lang='lat' dir='ltr'><strong>unc,</strong></span> <span class='ocrx_word' id='word_1_23' title='bbox 1034 631 1097 703; x_wconf 87' lang='lat' dir='ltr'><strong>sed</strong></span> <span class='ocrx_word' id='word_1_24' title='bbox 1122 652 1188 701; x_wconf 90' lang='lat' dir='ltr'><strong>nec</strong></span> <span class='ocrx_word' id='word_1_25' title='bbox 1212 651 1309 701; x_wconf 88' lang='lat' dir='ltr'><strong>unus</strong></span> 
     </span>
     <span class='ocr_line' id='line_1_4' title="bbox 260 741 1308 839; baseline 0.004 -26"><span class='ocrx_word' id='word_1_26' title='bbox 260 741 423 834; x_wconf 84' lang='lat' dir='ltr'>Spiritus,</span> <span class='ocrx_word' id='word_1_27' title='bbox 457 753 521 815; x_wconf 85' lang='lat' dir='ltr'><strong>aut</strong></span> <span class='ocrx_word' id='word_1_28' title='bbox 554 768 680 839; x_wconf 88' lang='lat' dir='ltr'><strong>corpus</strong></span> <span class='ocrx_word' id='word_1_29' title='bbox 709 768 850 831; x_wconf 90' lang='lat' dir='ltr'><strong>unum;</strong></span> <span class='ocrx_word' id='word_1_30' title='bbox 887 745 1117 818; x_wconf 78' lang='lat' dir='ltr'><strong>menifestum</strong></span> <span class='ocrx_word' id='word_1_31' title='bbox 1150 753 1207 817; x_wconf 87' lang='lat' dir='ltr'><strong>est</strong></span> <span class='ocrx_word' id='word_1_32' title='bbox 1238 766 1308 817; x_wconf 83' lang='lat' dir='ltr'><strong>nec</strong></span> 
     </span>
     <span class='ocr_line' id='line_1_5' title="bbox 260 860 1308 955; baseline 0.005 -25"><span class='ocrx_word' id='word_1_33' title='bbox 260 860 436 953; x_wconf 80' lang='lat' dir='ltr'><strong>baptisma</strong></span> <span class='ocrx_word' id='word_1_34' title='bbox 466 862 567 933; x_wconf 89' lang='lat' dir='ltr'><strong>nobis</strong></span> <span class='ocrx_word' id='word_1_35' title='bbox 596 870 634 933; x_wconf 86' lang='lat' dir='ltr'><strong>ct</strong></span> <span class='ocrx_word' id='word_1_36' title='bbox 660 862 839 935; x_wconf 77' lang='lat' dir='ltr'><strong>haereticis</strong></span> <span class='ocrx_word' id='word_1_37' title='bbox 868 884 1059 935; x_wconf 88' lang='lat' dir='ltr'><strong>commune</strong></span> <span class='ocrx_word' id='word_1_38' title='bbox 1088 884 1166 935; x_wconf 85' lang='lat' dir='ltr'><strong>esso</strong></span> <span class='ocrx_word' id='word_1_39' title='bbox 1192 884 1308 955; x_wconf 87' lang='lat' dir='ltr'><strong>posse,</strong></span> 
     </span>
     <span class='ocr_line' id='line_1_6' title="bbox 260 978 1335 1071; baseline 0.001 -23"><span class='ocrx_word' id='word_1_40' title='bbox 260 978 387 1071; x_wconf 92' lang='lat' dir='ltr'><strong>quibus</strong></span> <span class='ocrx_word' id='word_1_41' title='bbox 410 978 499 1049; x_wconf 91' lang='lat' dir='ltr'><strong>nihil</strong></span> <span class='ocrx_word' id='word_1_42' title='bbox 525 986 581 1051; x_wconf 88' lang='lat' dir='ltr'><strong>est</strong></span> <span class='ocrx_word' id='word_1_43' title='bbox 603 980 748 1051; x_wconf 91' lang='lat' dir='ltr'><strong>omnino</strong></span> <span class='ocrx_word' id='word_1_44' title='bbox 773 1002 973 1051; x_wconf 84' lang='lat' dir='ltr'><strong>commune.</strong></span> <span class='ocrx_word' id='word_1_45' title='bbox 1025 979 1075 1053; x_wconf 84' lang='lat' dir='ltr'><strong>Et</strong></span> <span class='ocrx_word' id='word_1_46' title='bbox 1091 988 1214 1050; x_wconf 83' lang='lat' dir='ltr'><strong>tumen</strong></span> <span class='ocrx_word' id='word_1_47' title='bbox 1233 1001 1335 1063; x_wconf 74' lang='lat' dir='ltr'><strong>nous</strong></span> 
     </span>
     <span class='ocr_line' id='line_1_7' title="bbox 259 1094 1309 1190; baseline 0.002 -25"><span class='ocrx_word' id='word_1_48' title='bbox 259 1095 372 1188; x_wconf 91' lang='lat' dir='ltr'><strong>pudet</strong></span> <span class='ocrx_word' id='word_1_49' title='bbox 389 1094 612 1189; x_wconf 79' lang='lat' dir='ltr'><strong>Stephanum</strong></span> <span class='ocrx_word' id='word_1_50' title='bbox 630 1096 762 1169; x_wconf 78' lang='lat' dir='ltr'><strong>talibus</strong></span> <span class='ocrx_word' id='word_1_51' title='bbox 787 1098 954 1169; x_wconf 81' lang='lat' dir='ltr'><strong>adversus</strong></span> <span class='ocrx_word' id='word_1_52' title='bbox 978 1096 1165 1169; x_wconf 84' lang='lat' dir='ltr'><strong>ecclesium</strong></span> <span class='ocrx_word' id='word_1_53' title='bbox 1188 1102 1309 1190; x_wconf 82' lang='lat' dir='ltr'><strong>putro-</strong></span> 
     </span>
     <span class='ocr_line' id='line_1_8' title="bbox 261 1212 1308 1307; baseline 0.002 -26"><span class='ocrx_word' id='word_1_54' title='bbox 261 1212 394 1282; x_wconf 89' lang='lat' dir='ltr'><strong>cinium</strong></span> <span class='ocrx_word' id='word_1_55' title='bbox 427 1220 604 1306; x_wconf 79' lang='lat' dir='ltr'><strong>praestsre,</strong></span> <span class='ocrx_word' id='word_1_56' title='bbox 634 1221 672 1284; x_wconf 89' lang='lat' dir='ltr'><strong>et</strong></span> <span class='ocrx_word' id='word_1_57' title='bbox 705 1222 851 1307; x_wconf 87' lang='lat' dir='ltr'><strong>propter</strong></span> <span class='ocrx_word' id='word_1_58' title='bbox 882 1213 1069 1287; x_wconf 82' lang='lat' dir='ltr'><strong>hoeretioos</strong></span> <span class='ocrx_word' id='word_1_59' title='bbox 1101 1215 1308 1285; x_wconf 76' lang='lat' dir='ltr'><strong>asserendos</strong></span> 
     </span>
    </p>
   </div>
   <div class='ocr_carea' id='block_1_3' title="bbox 99 1326 1309 1451">
    <p class='ocr_par' dir='ltr' id='par_1_3' title="bbox 99 1326 1309 1451">
     <span class='ocr_line' id='line_1_9' title="bbox 99 1326 1309 1451; baseline 0.002 -54"><span class='ocrx_word' id='word_1_60' title='bbox 99 1352 144 1451; x_wconf 71' lang='lat'><strong>²¹·</strong></span> <span class='ocrx_word' id='word_1_61' title='bbox 221 1334 252 1385; x_wconf 63' lang='grc' dir='ltr'>ἰ</span> <span class='ocrx_word' id='word_1_62' title='bbox 262 1326 520 1401; x_wconf 84' lang='lat' dir='ltr'><strong>huternitutem</strong></span> <span class='ocrx_word' id='word_1_63' title='bbox 537 1330 722 1401; x_wconf 73' lang='lat' dir='ltr'><strong>scindere:</strong></span> <span class='ocrx_word' id='word_1_64' title='bbox 748 1330 892 1425; x_wconf 78' lang='lat' dir='ltr'><strong>insuper</strong></span> <span class='ocrx_word' id='word_1_65' title='bbox 912 1339 951 1401; x_wconf 85' lang='lat' dir='ltr'><strong>st</strong></span> <span class='ocrx_word' id='word_1_66' title='bbox 968 1328 1184 1423; x_wconf 74' lang='lat' dir='ltr'><strong>cyprianum</strong></span> <span class='ocrx_word' id='word_1_67' title='bbox 1203 1351 1309 1422; x_wconf 87' lang='lat' dir='ltr'><strong>psen-</strong></span> 
     </span>
    </p>
   </div>
   <div class='ocr_carea' id='block_1_4' title="bbox 262 1444 1310 1541">
    <p class='ocr_par' dir='ltr' id='par_1_4' title="bbox 262 1444 1310 1541">
     <span class='ocr_line' id='line_1_10' title="bbox 262 1444 1310 1541; baseline 0.002 -26"><span class='ocrx_word' id='word_1_68' title='bbox 262 1444 490 1529; x_wconf 88' lang='lat' dir='ltr'><strong>dochristum,</strong></span> <span class='ocrx_word' id='word_1_69' title='bbox 508 1454 547 1517; x_wconf 87' lang='lat' dir='ltr'><strong>et</strong></span> <span class='ocrx_word' id='word_1_70' title='bbox 571 1445 916 1539; x_wconf 77' lang='lat' dir='ltr'><strong>pseudoapostolum,</strong></span> <span class='ocrx_word' id='word_1_71' title='bbox 936 1454 975 1517; x_wconf 90' lang='lat' dir='ltr'><strong>et</strong></span> <span class='ocrx_word' id='word_1_72' title='bbox 999 1444 1162 1519; x_wconf 89' lang='lat' dir='ltr'><strong>dolosum</strong></span> <span class='ocrx_word' id='word_1_73' title='bbox 1186 1466 1310 1541; x_wconf 83' lang='lat' dir='ltr'><strong>oporc-</strong></span> 
     </span>
    </p>
   </div>
   <div class='ocr_carea' id='block_1_5' title="bbox 100 1561 1365 1682">
    <p class='ocr_par' dir='ltr' id='par_1_5' title="bbox 100 1561 1365 1682">
     <span class='ocr_line' id='line_1_11' title="bbox 100 1561 1365 1682; baseline 0.011 -55"><span class='ocrx_word' id='word_1_74' title='bbox 100 1580 113 1682; x_wconf 58' lang='grc' dir='ltr'><strong><em>ῗ</em></strong></span> <span class='ocrx_word' id='word_1_75' title='bbox 160 1566 226 1617; x_wconf 70' lang='lat' dir='ltr'><strong>cxi·</strong></span> <span class='ocrx_word' id='word_1_76' title='bbox 262 1561 356 1631; x_wconf 88' lang='lat' dir='ltr'><strong>rium</strong></span> <span class='ocrx_word' id='word_1_77' title='bbox 381 1561 518 1634; x_wconf 89' lang='lat' dir='ltr'><strong>dicere!</strong></span> <span class='ocrx_word' id='word_1_78' title='bbox 549 1562 638 1647; x_wconf 83' lang='lat' dir='ltr'><strong>Quae</strong></span> <span class='ocrx_word' id='word_1_79' title='bbox 667 1563 787 1636; x_wconf 83' lang='lat' dir='ltr'><strong>omnio</strong></span> <span class='ocrx_word' id='word_1_80' title='bbox 812 1563 851 1635; x_wconf 94' lang='lat' dir='ltr'><strong>in</strong></span> <span class='ocrx_word' id='word_1_81' title='bbox 879 1586 918 1635; x_wconf 88' lang='lat' dir='ltr'><strong>so</strong></span> <span class='ocrx_word' id='word_1_82' title='bbox 940 1584 1017 1635; x_wconf 90' lang='lat' dir='ltr'><strong>esse</strong></span> <span class='ocrx_word' id='word_1_83' title='bbox 1039 1564 1200 1635; x_wconf 87' lang='lat' dir='ltr'><strong>conscius</strong></span> <span class='ocrx_word' id='word_1_84' title='bbox 1221 1586 1365 1656; x_wconf 78' lang='lat' dir='ltr'><strong>pne-10</strong></span> 
     </span>
    </p>
   </div>
   <div class='ocr_carea' id='block_1_6' title="bbox 263 1678 1365 2338">
    <p class='ocr_par' dir='ltr' id='par_1_6' title="bbox 263 1678 1365 2338">
     <span class='ocr_line' id='line_1_12' title="bbox 264 1678 1310 1774; baseline 0.003 -26"><span class='ocrx_word' id='word_1_85' title='bbox 264 1678 383 1763; x_wconf 83' lang='lat' dir='ltr'><strong>venit;</strong></span> <span class='ocrx_word' id='word_1_86' title='bbox 411 1686 454 1749; x_wconf 94' lang='lat' dir='ltr'><strong>ut</strong></span> <span class='ocrx_word' id='word_1_87' title='bbox 480 1678 583 1750; x_wconf 81' lang='lat' dir='ltr'><strong>elteri</strong></span> <span class='ocrx_word' id='word_1_88' title='bbox 613 1702 656 1751; x_wconf 87' lang='lat' dir='ltr'><strong>es</strong></span> <span class='ocrx_word' id='word_1_89' title='bbox 681 1702 745 1773; x_wconf 86' lang='lat' dir='ltr'><strong>per</strong></span> <span class='ocrx_word' id='word_1_90' title='bbox 770 1681 997 1751; x_wconf 81' lang='lat' dir='ltr'><strong>menducium</strong></span> <span class='ocrx_word' id='word_1_91' title='bbox 1024 1680 1203 1772; x_wconf 84' lang='lat' dir='ltr'><strong>objiceret,</strong></span> <span class='ocrx_word' id='word_1_92' title='bbox 1229 1703 1310 1774; x_wconf 79' lang='lat' dir='ltr'><strong>quoe</strong></span> 
     </span>
     <span class='ocr_line' id='line_1_13' title="bbox 264 1796 1309 1889; baseline 0 -22"><span class='ocrx_word' id='word_1_93' title='bbox 264 1796 339 1889; x_wconf 88' lang='lat' dir='ltr'><strong>ipse</strong></span> <span class='ocrx_word' id='word_1_94' title='bbox 373 1818 420 1867; x_wconf 87' lang='lat' dir='ltr'><strong>ex</strong></span> <span class='ocrx_word' id='word_1_95' title='bbox 453 1797 581 1867; x_wconf 85' lang='lat' dir='ltr'><strong>merito</strong></span> <span class='ocrx_word' id='word_1_96' title='bbox 615 1797 738 1868; x_wconf 84' lang='lat' dir='ltr'><strong>audire</strong></span> <span class='ocrx_word' id='word_1_97' title='bbox 771 1796 928 1869; x_wconf 85' lang='lat' dir='ltr'><strong>deberet.</strong></span> <span class='ocrx_word' id='word_1_98' title='bbox 983 1796 1085 1870; x_wconf 85' lang='lat' dir='ltr'><strong>Bene</strong></span> <span class='ocrx_word' id='word_1_99' title='bbox 1117 1806 1156 1869; x_wconf 86' lang='lat' dir='ltr'><strong>te</strong></span> <span class='ocrx_word' id='word_1_100' title='bbox 1188 1796 1309 1868; x_wconf 79' lang='lat' dir='ltr'><strong>velere</strong></span> 
     </span>
     <span class='ocr_line' id='line_1_14' title="bbox 265 1910 1310 2009; baseline 0.001 -26"><span class='ocrx_word' id='word_1_101' title='bbox 265 1912 429 1983; x_wconf 89' lang='lat' dir='ltr'><strong>omnibus</strong></span> <span class='ocrx_word' id='word_1_102' title='bbox 445 1912 547 1983; x_wconf 91' lang='lat' dir='ltr'><strong>nobis</strong></span> <span class='ocrx_word' id='word_1_103' title='bbox 559 1934 642 1983; x_wconf 91' lang='lat' dir='ltr'><strong>cum</strong></span> <span class='ocrx_word' id='word_1_104' title='bbox 655 1910 749 2008; x_wconf 84' lang='lat' dir='ltr'><strong>(sor.</strong></span> <span class='ocrx_word' id='word_1_105' title='bbox 767 1913 975 2009; x_wconf 63' lang='lat' dir='ltr'><strong>vobiscum)</strong></span> <span class='ocrx_word' id='word_1_106' title='bbox 993 1914 1165 1985; x_wconf 84' lang='lat' dir='ltr'><strong>universis</strong></span> <span class='ocrx_word' id='word_1_107' title='bbox 1186 1914 1249 2006; x_wconf 84' lang='lat' dir='ltr'><strong>qni</strong></span> <span class='ocrx_word' id='word_1_108' title='bbox 1270 1915 1310 1984; x_wconf 92' lang='lat' dir='ltr'><strong>in</strong></span> 
     </span>
     <span class='ocr_line' id='line_1_15' title="bbox 263 2026 1312 2122; baseline 0.005 -24"><span class='ocrx_word' id='word_1_109' title='bbox 263 2026 390 2099; x_wconf 80' lang='lat' dir='ltr'><strong>Africa</strong></span> <span class='ocrx_word' id='word_1_110' title='bbox 416 2036 499 2099; x_wconf 90' lang='lat' dir='ltr'><strong>sunt</strong></span> <span class='ocrx_word' id='word_1_111' title='bbox 526 2030 708 2122; x_wconf 86' lang='lat' dir='ltr'><strong>episcopis,</strong></span> <span class='ocrx_word' id='word_1_112' title='bbox 738 2036 777 2101; x_wconf 89' lang='lat' dir='ltr'><strong>et</strong></span> <span class='ocrx_word' id='word_1_113' title='bbox 806 2031 944 2102; x_wconf 92' lang='lat' dir='ltr'><strong>cunctis</strong></span> <span class='ocrx_word' id='word_1_114' title='bbox 970 2030 1117 2115; x_wconf 85' lang='lat' dir='ltr'><strong>clericis,</strong></span> <span class='ocrx_word' id='word_1_115' title='bbox 1143 2038 1183 2101; x_wconf 87' lang='lat' dir='ltr'><strong>et</strong></span> <span class='ocrx_word' id='word_1_116' title='bbox 1211 2032 1312 2103; x_wconf 89' lang='lat' dir='ltr'><strong>omni</strong></span> 
     </span>
     <span class='ocr_line' id='line_1_16' title="bbox 264 2144 1365 2240; baseline 0.004 -23"><span class='ocrx_word' id='word_1_117' title='bbox 264 2144 485 2217; x_wconf 75' lang='lat' dir='ltr'><strong>fraternitate</strong></span> <span class='ocrx_word' id='word_1_118' title='bbox 502 2145 655 2216; x_wconf 82' lang='lat' dir='ltr'><strong>universi</strong></span> <span class='ocrx_word' id='word_1_119' title='bbox 673 2153 858 2238; x_wconf 57' lang='lat' dir='ltr'><strong>optumum</strong></span> <span class='ocrx_word' id='word_1_120' title='bbox 877 2155 920 2219; x_wconf 91' lang='lat' dir='ltr'><strong>ut</strong></span> <span class='ocrx_word' id='word_1_121' title='bbox 935 2154 1107 2240; x_wconf 84' lang='lat' dir='ltr'><strong>perpetuo</strong></span> <span class='ocrx_word' id='word_1_122' title='bbox 1123 2149 1311 2221; x_wconf 72' lang='lat' dir='ltr'><strong>unanimes</strong></span> <span class='ocrx_word' id='word_1_123' title='bbox 1323 2169 1365 2231; x_wconf 82' lang='lat'><strong>15</strong></span> 
     </span>
     <span class='ocr_line' id='line_1_17' title="bbox 264 2261 1312 2338; baseline 0.005 -5"><span class='ocrx_word' id='word_1_124' title='bbox 264 2268 303 2333; x_wconf 88' lang='lat' dir='ltr'><strong>et</strong></span> <span class='ocrx_word' id='word_1_125' title='bbox 328 2282 441 2331; x_wconf 89' lang='lat' dir='ltr'><strong>unum</strong></span> <span class='ocrx_word' id='word_1_126' title='bbox 471 2261 668 2333; x_wconf 85' lang='lat' dir='ltr'><strong>sentientes</strong></span> <span class='ocrx_word' id='word_1_127' title='bbox 691 2261 886 2337; x_wconf 75' lang='lat' dir='ltr'><strong>habeamus</strong></span> <span class='ocrx_word' id='word_1_128' title='bbox 914 2263 1099 2334; x_wconf 87' lang='lat' dir='ltr'><strong>nobiscnm</strong></span> <span class='ocrx_word' id='word_1_129' title='bbox 1127 2266 1236 2335; x_wconf 85' lang='lat' dir='ltr'><strong>etium</strong></span> <span class='ocrx_word' id='word_1_130' title='bbox 1263 2266 1312 2338; x_wconf 82' lang='lat' dir='ltr'><strong>dc</strong></span> 
     </span>
    </p>
   </div>
   <div class='ocr_carea' id='block_1_7' title="bbox 264 2376 1313 2591">
    <p class='ocr_par' dir='ltr' id='par_1_7' title="bbox 264 2376 1313 2591">
     <span class='ocr_line' id='line_1_18' title="bbox 264 2376 1313 2474; baseline 0.007 -28"><span class='ocrx_word' id='word_1_131' title='bbox 264 2376 457 2471; x_wconf 84' lang='lat' dir='ltr'><strong>longinquo</strong></span> <span class='ocrx_word' id='word_1_132' title='bbox 483 2376 666 2449; x_wconf 76' lang='lat' dir='ltr'><strong>adunatos.</strong></span> <span class='ocrx_word' id='word_1_133' title='bbox 719 2377 832 2450; x_wconf 76' lang='lat' dir='ltr'><strong>Extat</strong></span> <span class='ocrx_word' id='word_1_134' title='bbox 860 2378 936 2451; x_wconf 76' lang='lat' dir='ltr'><strong>hec</strong></span> <span class='ocrx_word' id='word_1_135' title='bbox 962 2378 1124 2472; x_wconf 69' lang='lat' dir='ltr'><strong>Epistola</strong></span> <span class='ocrx_word' id='word_1_136' title='bbox 1147 2382 1241 2474; x_wconf 80' lang='lat' dir='ltr'><strong>apud</strong></span> <span class='ocrx_word' id='word_1_137' title='bbox 1271 2382 1313 2455; x_wconf 86' lang='lat' dir='ltr'><strong>S.</strong></span> 
     </span>
     <span class='ocr_line' id='line_1_19' title="bbox 266 2492 1234 2591; baseline 0.003 -27"><span class='ocrx_word' id='word_1_138' title='bbox 266 2492 490 2589; x_wconf 75' lang='lat' dir='ltr'><strong>cyprianum,</strong></span> <span class='ocrx_word' id='word_1_139' title='bbox 508 2494 593 2567; x_wconf 90' lang='lat' dir='ltr'><strong>edit.</strong></span> <span class='ocrx_word' id='word_1_140' title='bbox 611 2494 833 2569; x_wconf 79' lang='lat' dir='ltr'><strong>Benedictio.</strong></span> <span class='ocrx_word' id='word_1_141' title='bbox 851 2494 962 2569; x_wconf 82' lang='lat' dir='ltr'><strong>Puris.</strong></span> <span class='ocrx_word' id='word_1_142' title='bbox 976 2494 1085 2575; x_wconf 70' lang='lat'><strong>1726.</strong></span> <span class='ocrx_word' id='word_1_143' title='bbox 1101 2519 1136 2591; x_wconf 86' lang='lat' dir='ltr'><strong>p.</strong></span> <span class='ocrx_word' id='word_1_144' title='bbox 1151 2500 1234 2569; x_wconf 70' lang='lat'><strong>142.</strong></span> 
     </span>
    </p>
   </div>
   <div class='ocr_carea' id='block_1_8' title="bbox 0 0 1454 4817">
    <p class='ocr_par' dir='ltr' id='par_1_8' title="bbox 0 0 1454 4817">
     <span class='ocr_line' id='line_1_20' title="bbox 0 0 1454 4817; baseline 0 0"><span class='ocrx_word' id='word_1_145' title='bbox 0 0 1454 4817; x_wconf 95' lang='lat' dir='ltr'><strong> </strong></span> 
     </span>
    </p>
   </div>
  </div>
 </body>
</html>
