2867 4817
280 303 348 375 876
528 310 762 373 FIRMIANI
787 311 1059 377 LACTANTII

282 483 342 554 Sic
367 485 502 554 foetum
527 493 592 566 est,
618 494 669 566 ut,
697 507 808 577 quum
827 497 1004 578 putarent
1028 491 1205 559 mundum
1232 490 1331 562 nullu

282 603 501 694 providentie
525 611 744 694 generatum,
771 625 817 671 ne
845 601 1026 673 hominem
1052 606 1197 696 quidem
1227 618 1332 698 puts-

281 719 352 787 rint
379 716 497 809 eliqua
525 718 662 786 ratione
691 719 861 811 generari.
913 718 1018 801 Quod
1048 721 1076 790 si
1107 720 1207 790 nulls
1237 731 1332 792 esset

282 836 319 903 in
335 833 502 927 fingendo
522 831 667 902 homine
678 833 777 902 ⁴rutio
800 842 946 916 versatu,
964 836 1204 907 immortalem
1222 839 1332 931 igitur

282 953 436 1022 animem
462 971 538 1020 esse
562 970 635 1018 non
658 971 771 1040 posse.
823 949 898 1020 Alii
926 973 1011 1022 vero
1040 973 1087 1021 ex
1105 953 1265 1023 :adverso
1295 966 1332 1024 et

283 1067 401 1138 Deum
433 1089 509 1137 esse
541 1073 732 1146 unum,1et
765 1067 811 1137 ab
831 1089 884 1136 veo
912 1067 1086 1137 mundum
1116 1067 1267 1151 foetum,
1295 1079 1332 1138 et

281 1180 466 1252 hominum
491 1204 598 1252 consa
619 1181 765 1262 fantum,
783 1191 821 1252 et
846 1183 979 1252 animes
1005 1204 1082 1254 esse
1109 1183 1331 1254 immortales

281 1299 582 1368 existimaverunt.
640 1296 713 1367 Sed
747 1317 857 1388 quum
891 1317 974 1365 vere
1006 1297 1190 1380 sentirent,
1224 1296 1332 1389 hujus

281 1423 402 1484 tomen
429 1413 538 1483 divini
568 1413 683 1505 operis
707 1421 816 1504 atque
841 1411 986 1494 consilii,
1011 1435 1079 1482 neo
1104 1435 1239 1496 causas,
1263 1437 1331 1484 neo

281 1530 446 1610 rationes,
462 1552 529 1599 neo
552 1531 671 1599 exitus
690 1537 956 1621 perspexerunt,
975 1537 1016 1598 ut
1039 1551 1145 1599 omne
1167 1532 1332 1601 veritatis

281 1665 448 1714 areanum
481 1653 777 1724 consummarent,
813 1653 921 1734 atque
957 1643 1076 1735 aliquo
1110 1643 1225 1715 veluti
1257 1646 1332 1716 fine

282 1758 544 1830 concluderent.
595 1758 669 1828 Sed
692 1758 787 1850 quod
811 1758 865 1828 iili
891 1759 1005 1829 faeere
1027 1782 1099 1829 non
1122 1769 1331 1852 potueruut,

282 1876 366 1967 quio
381 1877 566 1946 veritatem
581 1885 754 1967 perpetuo
774 1897 847 1944 non
863 1876 1054 1958 tenebunt3
1080 1876 1181 1947 uobis
1198 1876 1332 1947 fusien-

281 1994 366 2062 dum
384 2001 448 2072 est,
466 1993 526 2082 qui
543 2015 622 2062 eam
635 1991 875 2084 eognovimus,
893 1989 972 2062 Deo
991 1991 1237 2065 adnuntiante.

642 2221 753 2294 CAP..
782 2221 963 2296 LXVIII.

331 2357 601 2428 Consideremus
629 2358 747 2450 igitur,
773 2379 852 2448 quae
873 2357 963 2426 ratio
980 2357 1087 2426 fuerit
1107 2357 1214 2450 hujus
1238 2363 1331 2432 tanti

282 2483 427 2566 tamque
439 2475 603 2543 immensi
619 2477 734 2565 operis
751 2472 954 2542 fabricandi.
990 2471 1092 2543 Fecit
1110 2473 1211 2545 Deus
1227 2499 1328 2548 mun·

282 2592 377 2672 dum,
403 2592 495 2660 sieut
525 2590 630 2660 Pisto
659 2589 887 2669 existimavit,
915 2589 977 2658 sed
1006 2613 1071 2658 our
1096 2590 1233 2674 feeerit,
1259 2616 1331 2663 non

282 2708 447 2777 ostendit.
484 2706 577 2796 Quia
601 2703 716 2786 bonos,
742 2705 867 2796 inquit,
889 2713 920 2774 et
944 2705 1100 2776 invidens
1122 2705 1221 2790 nulli,
1238 2707 1332 2804 fecit

282 2845 359 2917 quae
393 2822 481 2894 bono
509 2831 599 2893 mitt.
651 2821 764 2913 Atqui
796 2823 957 2892 videmus
986 2823 1023 2891 in
1054 2845 1172 2894 rerum
1202 2835 1333 2897 notura

281 2950 319 3011 et
334 2941 429 3010 bona
445 2961 521 3009 esse
538 2947 576 3009 et
592 2937 695 3008 inola.
732 2937 857 3008 Potest
874 2960 957 3032 ergo
975 2939 1127 3008 existere
1141 2963 1332 3032 perversus

281 3057 417 3149 uliquis,
434 3055 546 3148 qualis
567 3056 677 3125 fuerit
700 3050 795 3126 ἄθεος
812 3053 872 3123 ille
895 3051 1108 3136 Theodorus,
1126 3064 1165 3124 et
1186 3055 1332 3128 Platoni

281 3175 512 3266 respondere:
541 3169 659 3242 Immo
685 3170 768 3265 quio
795 3167 905 3240 molus
935 3177 993 3252 est,
1012 3168 1209 3265 fecitque
1238 3171 1332 3244 mulo

280 3299 370 3360 sont.
422 3289 609 3373 Quomodo
635 3286 749 3356 illum
784 3285 996 3379 redarguet?
1049 3285 1088 3356 Si
1123 3311 1202 3379 quae
1236 3289 1333 3362 bons

281 3416 374 3489 sunt,
391 3407 491 3476 Deus
508 3406 613 3474 fecit:
640 3404 737 3473 unde
759 3404 869 3496 igitur
885 3412 986 3474 tanto
1007 3403 1102 3474 male
1123 3418 1329 3496 erupemnt,

281 3544 358 3613 quoe
375 3521 583 3613 plerumque
599 3520 708 3589 etiam
730 3517 922 3610 praevaient
947 3518 1072 3589 bonis?
1097 3517 1146 3588 In
1165 3523 1328 3604 modain,

280 3638 405 3730 inquit,
436 3632 702 3706 continebantur.
755 3633 794 3704 Si
823 3633 927 3716 mais,
958 3656 1043 3727 ergo
1072 3643 1110 3704 et
1136 3635 1253 3720 bona;
1286 3649 1330 3709 ut

279 3764 342 3826 aut
371 3751 459 3822 nihil
488 3751 613 3821 feeerit
644 3750 768 3833 Deus;
797 3758 860 3818 eut
885 3752 914 3818 si
942 3751 1038 3820 bone
1061 3759 1204 3822 tantum
1230 3753 1328 3837 feeit,

278 3871 462 3941 aeternioro
478 3874 561 3937 sunt
578 3863 670 3960 (sor.
688 3867 760 3934 sint
775 3863 913 3958 Davo.)
929 3865 1033 3948 mais,
1048 3879 1125 3958 quae
1141 3868 1238 3940 foetu
1254 3893 1328 3942 non

278 3994 370 4067 sunt,
388 4005 494 4077 quam
511 3983 614 4064 bono,
632 4003 709 4073 quae
726 3981 927 4050 habuerunt
940 3983 1145 4054 exordium.
1198 3984 1327 4057 Finem

272 4101 387 4194 'igitur
414 4099 597 4170 habebunt
626 4119 704 4190 quae
738 4096 926 4188 aliquando
955 4107 1147 4190 coeperunt,
1177 4109 1216 4170 et
1246 4125 1326 4194 per.

276 4214 480 4293 manebunt
498 4234 575 4304 quae
599 4235 738 4304 semper
754 4212 907 4282 fuerunt.
961 4212 1062 4284 Male
1077 4237 1161 4307 ergo
1184 4219 1325 4307 potiora
