2867 4817
188 319 536 386 ALEXANDRINI
561 319 780 386 CONCILII
803 317 1056 385 EPISTOLA.
1100 319 1144 384 45

89 518 225 574 munem
237 493 426 591 baymam
443 493 485 568 ab
502 492 721 591 omnifario:
742 503 888 589 propter
902 496 994 567 hano
1010 496 1144 566 etenim

90 635 236 685 oausam
269 613 420 684 dicimus
449 635 533 684 eum
568 612 821 705 dispensatoria
849 619 888 684 et
920 612 1005 706 ipsis
1037 611 1146 685 bene-

91 729 225 802 dixisse
241 737 329 800 tune
339 730 483 823 nuptiis,
496 751 579 800 oum
597 729 635 798 in
647 728 747 800 Cena
759 726 907 801 Galileaa
920 751 1003 801 oum
1014 731 1146 802 sanetis

91 855 241 917 vocatus
266 845 434 939 apostolis
456 846 579 917 adesso
604 846 772 940 dignatus
790 853 856 918 est.
908 845 1001 919 Haeo
1023 869 1146 940 sapere

58 981 217 1046 ssumus
234 963 351 1034 edooti
368 985 391 1034 o
407 963 537 1034 sanetis
553 961 722 1055 apostolis
739 971 777 1034 et
793 963 1029 1058 evangelistis,
1046 974 1084 1036 et
1100 965 1147 1036 ab

92 1081 192 1154 omni
210 1080 383 1173 scriptura
399 1079 568 1150 divinitus
581 1080 757 1172 inspirata,
773 1102 840 1151 neo
853 1103 925 1152 non
941 1089 980 1152 et
995 1104 1019 1153 a
1033 1082 1146 1154 beatis

92 1205 237 1290 patrum
257 1194 535 1266 confessionibus
556 1195 707 1266 veritate
734 1195 905 1268 subnixis.
939 1195 1009 1268 His
1034 1200 1147 1270 omni-

93 1311 163 1384 bus
192 1312 302 1384 etiam
332 1319 433 1388 ruam
461 1309 669 1404 religionem
699 1312 922 1396 concordare,
950 1321 989 1384 et
1020 1322 1148 1406 praeter
1286 1358 1290 1362 -

95 1427 252 1521 aliquem
282 1427 404 1498 dolum
435 1425 492 1498 vel
518 1427 701 1498 fictionem
728 1429 928 1499 consentire
960 1432 1146 1504 convenit:

42 1568 178 1638 roquae
204 1566 288 1615 vero
313 1543 522 1638 religionem
546 1550 648 1614 tuam
676 1542 976 1616 anathematizare
1004 1569 1148 1618 neeesse

96 1669 163 1744 est,
179 1659 264 1731 huie
281 1659 443 1753 epistolae
460 1667 592 1732 nostrae
606 1660 768 1752 subjecta
779 1668 883 1733 sunt:
909 1661 1064 1757 [quodsi
1081 1665 1148 1734 mi-

96 1779 194 1848 nime
212 1777 347 1848 eisdem
365 1777 534 1870 subjectis
551 1778 767 1848 sententiam
783 1777 1037 1872 consequeris]

148 1893 178 1966 Ι.
209 1892 249 1965 Si
278 1893 357 1986 quis
385 1916 458 1964 non
484 1893 675 1964 confitetur
712 1892 832 1964 Deum
866 1917 943 1967 esse
977 1897 1149 1967 veraciter

98 2009 324 2093 Emmanuel,
354 2016 392 2080 et
422 2017 566 2103 propter
594 2007 663 2080 hoo
692 2009 810 2103 ipsum
840 2008 910 2081 Dei
939 2013 1150 2106 genitrioem

46 2136 259 2217 15senotam
282 2127 466 2221 virginem,
492 2127 630 2219 peperit
653 2128 750 2198 enim
771 2127 958 2200 carnaliter
975 2128 1149 2215 Verbum,

98 2246 195 2338 quod
220 2265 267 2316 ex
293 2241 374 2315 Deo
399 2251 464 2326 est,
490 2245 685 2315 seeundum
712 2245 807 2336 quod
832 2245 1005 2339 seriptum
1030 2257 1096 2331 est,
1118 2257 1151 2320 et

108 2358 255 2434 Verbum
272 2381 353 2432 coro
359 2356 499 2455 smum
516 2368 587 2432 est:
613 2359 804 2432 anathema
820 2362 877 2433 sit,

151 2477 203 2548 ΙΙ.
231 2475 270 2548 si
305 2476 384 2568 quis
417 2498 489 2546 non
514 2475 706 2547 confitetur
737 2499 843 2550 earne
871 2478 1153 2552 substantialiter

100 2617 214 2668 unum
236 2613 313 2664 esse
337 2589 500 2664 Verbum
527 2591 597 2662 Dei
622 2591 749 2677 Patris,
775 2616 888 2663 unum
910 2616 1051 2688 quoque
1073 2618 1151 2668 esse

47 2744 92 2784 πο
102 2711 286 2784 Christum
302 2732 385 2781 oum
402 2710 543 2803 propria
562 2731 678 2793 oarne,
695 2717 734 2780 et
751 2711 919 2782 eumdem
942 2712 1058 2805 ipsum
1075 2715 1152 2786 sine

102 2827 212 2900 dubio
230 2826 351 2899 Deum
368 2825 475 2898 simul
492 2834 530 2897 et
546 2824 748 2898 hominem:
774 2826 965 2900 anathema
981 2830 1038 2900 sit.

153 2945 226 3016 III.
246 2945 285 3016 Si
302 2944 381 3037 quis
398 2945 437 3013 in
452 2966 525 3014 uuo
541 2942 685 3014 Christo
702 2943 829 3015 dividit
841 2945 1056 3018 substantias
1071 2955 1154 3041 post

103 3063 314 3144 unitionem,
332 3060 407 3131 sola
423 3081 483 3130 eas
500 3061 671 3131 societate
694 3061 914 3156 conjungens
937 3087 980 3135 ea
995 3087 1077 3157 quae
1100 3089 1155 3136 se·

104 3179 261 3252 eundum
280 3178 493 3272 dignitatem
516 3183 581 3258 est,
599 3172 658 3248 vel
682 3178 791 3249 etiam
814 3183 1075 3267 auctoritatem,
1091 3192 1154 3254 aut

54 3328 71 3366 α
74 3321 93 3386 5
104 3304 331 3390 potestatem,
361 3301 399 3364 et
436 3315 508 3363 non
541 3293 654 3386 magis
687 3303 866 3366 conventu
899 3297 945 3368 ad
978 3300 1155 3370 unitatem

106 3412 325 3486 naturalem:
356 3410 547 3482 anathema
563 3411 620 3481 eit.

157 3529 226 3604 IV.
245 3529 285 3601 Si
311 3528 389 3621 quis
412 3527 549 3599 duobus
574 3530 733 3620 personis
755 3527 813 3600 vel
835 3532 1072 3605 subsistentiis
1095 3535 1156 3607 de-

106 3655 229 3720 cernet
246 3669 305 3718 aas
328 3666 433 3716 voees
450 3667 527 3736 quse
550 3651 624 3715 tam
647 3646 684 3714 in
709 3646 933 3742 euangelicis,
949 3672 1056 3742 quam
1073 3675 1157 3745 apo-

108 3763 242 3836 stolicis
275 3761 387 3832 litoris
421 3761 658 3845 eontinentur,
689 3759 746 3832 vel
776 3765 885 3835 etiam
919 3789 979 3836 eas
1008 3791 1086 3860 quoe
1111 3769 1157 3839 de

58 3907 99 3964 30
109 3879 252 3952 Christo
269 3902 291 3950 a
313 3877 443 3949 sanctis
461 3877 637 3962 dicuutur,
655 3878 712 3950 vel
735 3879 781 3949 ab
804 3880 880 3973 ipso
898 3881 1040 3954 Christo
1058 3885 1103 3956 de
1120 3909 1158 3958 se

108 3999 207 4091 ipso;
241 4003 280 4067 et
309 3993 445 4087 aliquas
479 3994 623 4086 quidem
650 4018 696 4066 ex
730 3994 786 4064 his
815 4004 998 4090 tamquam
1022 3999 1158 4072 homini

109 4121 240 4207 praeter
257 4111 327 4182 Dei
346 4110 510 4182 Verbum
527 4111 727 4202 specialiter
742 4111 921 4208 intelligat
938 4114 1035 4211 (sor.
1055 4118 1159 4189 intel-

109 4229 220 4323 lecto)
248 4225 473 4320 applicandas
500 4225 698 4308 crediderit,
723 4226 859 4320 aliquas
884 4253 969 4303 vero
990 4241 1160 4325 tanquam
