2867 4817
296 300 360 363 340
546 297 777 361 FIRMIANI
803 296 1075 362 LACTANTll

296 472 361 541 lior
382 472 436 543 his
453 472 663 565 Aristippus,
681 474 751 563 qui,
769 474 883 554 credo,
901 482 942 542 ut
962 474 1121 545 amiculae
1137 494 1215 543 suae
1238 470 1342 540 lmidi
1431 493 1432 578 p

296 588 459 683 placeret,
477 588 704 685 Cyrenaicum
727 590 881 659 instituit
902 589 1224 683 disciplinamque
1245 612 1343 659 sum·

298 706 346 775 mi
368 706 451 777 boiri
476 706 584 777 finem
612 708 649 777 in
676 706 859 799 voluptate
889 709 1043 800 corporis
1070 706 1274 787 collocarit,
1297 726 1344 773 ne

298 832 360 894 aut
386 824 538 916 peccatis
562 824 761 906 auctoritas,
787 824 970 894 nutritiis
998 825 1158 895 doctrina
1185 824 1342 893 deesset

299 938 360 1009 An
377 938 428 1011 illi
445 940 603 1011 fortiores
619 940 731 1034 magis
747 948 832 1011 suut
847 940 1029 1032 probandi,
1042 940 1112 1032 qui,
1125 950 1169 1010 ut
1183 947 1342 1008 mortem

299 1058 524 1128 contemsisse
547 1057 756 1140 dicerentur,
782 1055 1015 1128 voluntariam
1039 1078 1164 1129 necem
1190 1056 1261 1127 sibi
1289 1058 1343 1125 iu-

298 1173 465 1256 tuleumt,
488 1173 597 1257 Zeno,
616 1173 860 1267 Empedocles,
885 1174 1110 1269 Chrysippus,
1133 1172 1341 1254 Cleanthes,

298 1288 530 1374 Democritus,
561 1300 598 1363 et
627 1291 691 1363 hos
726 1291 884 1363 imitatus
920 1292 1034 1377 Oat03
1079 1315 1145 1362 uec
1180 1291 1342 1362 scienmt

296 1407 473 1478 homicidii
507 1409 652 1479 crimine
684 1409 798 1479 teneri
830 1408 1024 1479 secundum
1053 1410 1115 1501 jus
1147 1408 1340 1501 legemque

298 1523 451 1595 divinam
477 1548 570 1609 eum,
597 1526 657 1617 qui
681 1502 724 1595 'sa
747 1526 987 1596 interfecerit?
1022 1525 1122 1596 Deus
1149 1526 1249 1595 euim
1274 1547 1340 1595 uos

298 1640 334 1710 in
362 1641 430 1713 hoc
460 1641 675 1712 domicilium
705 1641 817 1712 earnis
846 1641 996 1724 induxit,
1024 1640 1087 1711 ille
1115 1641 1217 1712 nobis
1247 1650 1341 1711 tem-

298 1759 416 1851 porale
449 1760 600 1852 corporis
633 1756 875 1829 habitaculum
908 1757 1015 1840 dedit,
1054 1766 1097 1828 ut
1130 1757 1340 1843 incolamus,

297 1876 464 1969 quamdiu
496 1876 592 1947 idem
626 1875 786 1946 voluerit.
838 1874 950 1946 Nefas
988 1874 1098 1969 igitur
1132 1874 1340 1947 habendum

297 2002 362 2077 est,
380 1995 453 2064 sine
470 1993 538 2064 Dei
558 1994 659 2085 jussu
677 1992 769 2075 velle
791 1994 950 2087 migrare.
1001 1991 1087 2061 Non
1104 2002 1158 2063 est
1181 2016 1270 2086 ergo
1287 1995 1340 2063 ris

297 2108 494 2181 adhibenda
522 2116 664 2180 naturae.
716 2107 794 2179 Scit
822 2108 892 2192 ille,
922 2109 1220 2200 quemadmodum
1247 2132 1340 2203 opus

297 2250 399 2297 suum
417 2224 576 2297 resolvat.
627 2224 694 2295 Cui
718 2225 814 2318 operi
836 2226 866 2295 si
889 2226 966 2317 quis
987 2245 1112 2295 manus
1132 2226 1261 2318 impias
1277 2228 1340 2297 ad·

296 2344 460 2427 hibuerit,
477 2368 518 2415 ac
544 2344 651 2413 divini
682 2343 811 2436 opificii
841 2341 980 2413 vincula
1008 2342 1187 2435 diruperit,
1215 2342 1339 2413 Deum

297 2470 443 2532 conatur
468 2460 631 2555 effugere,
657 2461 757 2552 cujus
783 2460 995 2530 sententiam
1020 2482 1086 2529 nec
1114 2460 1216 2529 vivus
1240 2461 1338 2552 quis
1431 2447 1432 2474 *

296 2596 401 2667 quam
419 2600 485 2647 nec
506 2585 666 2647 mortuus
690 2576 821 2668 poterit
845 2576 1004 2645 evadere.
1055 2574 1227 2645 Scelerati
1249 2598 1339 2670 ergo

296 2699 334 2762 et
349 2692 481 2777 nefarii,
500 2716 587 2785 quos
609 2694 766 2785 superius
789 2692 986 2775 nominari;
1016 2694 1076 2784 qui
1096 2692 1205 2762 etiam
1227 2694 1339 2763 docu-

295 2817 410 2893 erunt,
434 2832 520 2901 quas
545 2830 665 2879 causas
689 2808 819 2880 habere
844 2807 973 2878 debeat
997 2831 1090 2879 mors
1117 2808 1337 2893 voluntaria

296 2936 336 2997 ut
358 2948 481 3019 parum
506 2928 552 2997 sit
579 2922 728 3009 sceleris,
746 2925 839 3017 quod
860 2922 1045 2995 homicidae
1067 2926 1103 2995 in
1125 2926 1336 3019 semetipsos

296 3042 501 3123 extiterunt,
518 3041 584 3112 nisi
601 3042 644 3111 ad
661 3040 730 3111 hoc
746 3040 844 3111 nefas
860 3052 898 3111 et
914 3040 1001 3111 alios
1017 3042 1206 3112 emdirent.

705 3256 815 3329 CAP.
842 3255 923 3328 XL.

346 3389 618 3461 Innumerabilia
634 3400 717 3461 sunt
739 3389 1026 3484 philosophorum
1047 3392 1142 3461 dicta
1158 3390 1333 3485 factaque,

295 3505 420 3598 quibus
447 3530 567 3576 eorum
602 3507 803 3599 insipientia
831 3506 992 3602 redargui
1025 3509 1145 3601 possit
1204 3508 1333 3603 licque

295 3623 457 3715 quoniam
493 3632 620 3694 cuncta
652 3646 857 3696 enumerare
888 3648 959 3695 nou
993 3646 1186 3717 possumus,
1219 3648 1335 3719 pauca

295 3740 504 3810 suffecerint.
556 3740 650 3810 Satis
685 3750 740 3812 est
772 3741 932 3837 intelligi,
962 3740 1187 3835 philosophos
1214 3765 1334 3836 neque

287 3856 445 3946 justitia,
486 3878 589 3948 quam
630 3855 848 3949 ignorabant,
885 3878 1000 3950 neque
1040 3858 1190 3939 virtutis,
1224 3882 1333 3951 quam
1431 3921 1432 3958 ,

292 3973 806 4054 mentiuutm;·esse·dcctores.
858 3973 952 4058 Quid
973 3975 1068 4045 enim
1091 3975 1252 4059 doceant,
1269 3978 1332 4068 qui
1431 3969 1432 3976 '

292 4108 391 4157 suam
416 4106 506 4179 saepe
535 4088 767 4181 ignorantiam
797 4090 1032 4160 confitentur?
1068 4089 1181 4159 Mitto
1206 4090 1332 4163 Socra-

292 4214 374 4283 tem,
400 4204 499 4291 cujur
524 4212 579 4273 est
604 4214 688 4273 nota
718 4206 901 4275 sententia.
953 4205 1182 4300 Anaxagoras
1211 4209 1331 4279 omnia
