2867 4817
316 339 382 404 DE
404 340 809 407 PRAESCRIPTIONE
833 341 960 405 ΗΕΒ.
1101 344 1164 410 147

120 519 248 583 tatum:
284 516 336 585 sio
364 516 460 587 enim
489 516 668 610 apostolos
697 516 790 589 solet
823 518 950 599 facere,
981 518 1064 589 dare
1094 517 1163 589 illis
1174 528 1251 577 Mam
1264 530 1314 577 xvi·

119 638 284 721 pretereo
299 633 471 703 virtutem
492 634 619 705 eadem
644 634 746 728 signa
768 633 906 718 edendi,
925 657 1005 727 quae
1023 642 1060 705 et
1078 635 1162 727 ipse.

120 744 210 817 Volo
234 749 347 843 igitur
372 759 411 820 et
441 750 591 821 virtutes
619 774 745 823 eorum
775 752 948 858 proferrizl
973 752 1038 823 nisi
1069 754 1163 844 quod

117 886 261 957 agnosco
295 869 491 939 maximam
526 868 695 939 virtutem
727 892 860 951 eorum,
888 893 959 962 qua
986 867 1163 962 apostolos

92 982 151 1057 sio
180 1004 386 1073 perversum
429 983 677 1068 oemulanturr
721 985 772 1056 illi
806 988 902 1057 euim
936 986 981 1057 de
1015 987 1162 1056 mortuis

115 1099 339 1182 suscitabant,
357 1102 417 1171 isti
435 1102 481 1172 de
498 1102 587 1171 vivis
603 1110 764 1174 mortuos
781 1103 928 1173 faciunt

160 1214 231 1287 Sed
254 1217 303 1288 ab
332 1240 483 1289 estsu
510 1225 666 1288 revertar
689 1218 735 1288 ad
758 1216 1057 1311 principalitatem
1075 1218 1164 1287 veri-
1205 1230 1289 1278 CAP

116 1333 187 1415 toti,
214 1344 253 1405 et
286 1334 536 1427 posteritatem
570 1334 801 1405 mendacitati
836 1336 1086 1428 deputandam,
1117 1358 1162 1405 ex
1200 1296 1299 1344 xm

113 1447 201 1521 illius
216 1474 363 1543 quoque
378 1450 556 1544 parabolae
572 1451 779 1545 patrocinio,
793 1474 873 1543 quae
890 1453 1024 1523 bonum
1042 1474 1217 1523 semeria
1173 1462 1217 1510 Ma
1219 1472 1245 1513 tt·
1258 1461 1309 1511 nar.

76 1564 276 1639 rofmmeuti
294 1587 319 1639 a
336 1568 493 1641 Domino
510 1570 726 1640 seminatum
743 1571 780 1641 iu
798 1570 950 1663 primore
967 1570 1162 1651 constituit,

112 1706 300 1757 avenarum
317 1694 442 1757 autem
457 1685 587 1757 sterilis
607 1687 693 1758 foeni
718 1686 934 1759 adulterium
957 1687 1002 1758 ab
1020 1686 1162 1757 inimico

112 1798 247 1872 diabolo
263 1811 394 1896 postea
409 1802 625 1895 superducit.
652 1802 799 1897 Proprie
812 1804 908 1873 enim
922 1802 1161 1873 doctrinarum

111 1918 375 1991 distinctionem
413 1920 553 2014 figurat,
587 1921 671 2013 quia
711 1928 751 1990 et
790 1919 874 1991 alibi
908 1919 1056 1990 verbum
1092 1919 1161 1990 Dei
1171 1930 1230 1979 me
1244 1931 1294 1979 viii·

111 2038 250 2107 seminis
281 2035 377 2133 (scr.
398 2046 441 2107 ιιι
470 2036 553 2108 alibi
580 2038 678 2107 verbi
703 2036 773 2108 Dei
804 2039 940 2129 semen)
968 2036 1161 2107 similitudo

74 2161 181 2235 rscst3
206 2154 260 2224 ita
285 2176 335 2224 ex
362 2154 439 2246 ipso
467 2154 589 2224 ordine
609 2154 866 2235 manifestatur,
885 2152 921 2223 id
942 2175 1019 2224 esse
1038 2152 1163 2224 Domi-

111 2268 226 2339 niaum
243 2278 285 2339 et
303 2292 437 2352 verum,
455 2271 548 2362 quod
574 2270 621 2341 sit
646 2271 744 2362 prius
761 2270 952 2340 treditum:
980 2269 1015 2337 id
1039 2277 1160 2338 autem

110 2394 320 2458 extraneum
348 2395 387 2457 et
410 2386 549 2470 lanum,
566 2386 662 2480 quod
684 2388 732 2457 sit
753 2386 928 2479 posterius
953 2385 1160 2455 immissum.

111 2498 161 2573 Eo
182 2505 367 2575 sententia
384 2504 544 2575 mauebit
570 2503 738 2575 adversus
767 2504 978 2596 posteriores
1005 2524 1161 2595 quasque

109 2614 296 2701 heresem
338 2619 466 2710 quibus
498 2617 598 2689 nulla
630 2619 831 2692 constantia
865 2617 909 2687 de
945 2618 1162 2688 conscientie

70 2736 281 2829 recompetit
306 2736 352 2806 ad
377 2735 637 2807 defendendam
662 2735 730 2806 sibi
748 2736 946 2805 veritatem.

154 2852 341 2935 Ceterum,
374 2855 405 2925 si
441 2876 523 2945 quse
562 2854 696 2925 audent
730 2854 939 2923 interserere
982 2874 1019 2923 se
1060 2854 1159 2923 aetati
1190 2857 1295 2972 ΧιΧᾹΧῗῘ

107 2970 324 3060 apostolicae,
345 2978 388 3041 ιιι
414 2970 495 3041 ideo
520 2971 664 3042 rideant
649 2980 709 3041 tur
737 2970 782 3042 ab
813 2969 979 3062 apostolis
1007 2970 1159 3055 troditae,
1297 2958 1301 2970 '

107 3088 189 3177 quia
204 3087 276 3159 sub
292 3086 461 3180 apostolis
482 3087 648 3171 firerunt;
673 3109 860 3179 possumus
887 3086 1024 3157 dicere:
1052 3088 1159 3158 edant

108 3224 191 3298 ergo
207 3205 364 3299 origines
380 3203 609 3276 ecclesiarum
625 3226 789 3275 suarum:
816 3204 981 3275 evolvant
999 3204 1158 3275 ordinem

69 3323 353 3415 asepisooporum
374 3344 529 3404 suorum,
551 3324 603 3393 ita
624 3345 687 3416 per
718 3322 956 3393 successiones
986 3321 1031 3391 ab
1056 3322 1158 3393 initio

106 3437 366 3522 decurrentem,
391 3448 434 3510 ut
462 3440 597 3533 primus
626 3438 688 3509 ille
714 3440 900 3532 episcopus
930 3437 1084 3530 aliquem
1112 3462 1157 3509 ex

105 3556 276 3647 apostolis
301 3555 358 3628 vel
386 3556 589 3651 apostolicis
610 3558 704 3640 viris,
730 3558 790 3649 qui
821 3565 942 3627 tamen
967 3578 1050 3626 cum
1075 3578 1159 3648 apo·

107 3672 208 3745 stolis
231 3676 518 3767 perseveraverit,
539 3673 704 3747 habuerit
729 3682 922 3755 auctorem,
941 3680 979 3743 et
999 3682 1158 3743 anteces-

105 3810 234 3861 sorem.
287 3788 370 3861 Hoc
386 3791 482 3861 enim
498 3790 606 3861 modo
626 3790 788 3863 eeclesiae
810 3789 1014 3884 apostolicae
1031 3810 1157 3861 census

64 3928 190 3989 30sucs
222 3906 411 3979 deferrmt:
447 3908 539 3979 sicut
569 3906 835 4002 Smyrnaeorum
870 3906 1020 3978 ecclesia
1053 3903 1158 3999 Poly-

107 4046 254 4118 camum
279 4024 327 4097 ab
351 4024 490 4097 Joaune
516 4023 741 4097 conlocatum
762 4024 890 4097 refert:
917 4024 1009 4095 sicut
1028 4022 1159 4093 Roma·

107 4164 245 4225 norum,
286 4140 511 4215 Clementem
550 4164 575 4213 a
613 4142 722 4214 Petro
765 4141 967 4213 ordinatum
1010 4140 1156 4210 itidem:

107 4260 253 4351 perinde
269 4260 396 4351 utique
412 4268 449 4331 et
466 4268 596 4333 ceterae
619 4260 805 4342 exhibent,
822 4280 910 4351 quos
926 4258 971 4331 ab
989 4256 1158 4351 apostolis

604 4382 672 4448 ut
