2867 4817
532 299 764 370 EPITOME.
1111 309 1177 379 ³09

125 476 296 547 virtutem
330 474 594 569 multarumque
631 478 763 548 artium
803 478 985 549 scientiam
1025 478 1177 551 Triame·

124 592 239 685 gistus
267 595 399 663 menrit
426 592 610 676 nominari,
640 594 701 683 qui
731 601 769 663 et
797 594 969 666 doctrinae
996 602 1175 666 vetustate

124 706 353 799 philosophos
386 707 585 790 antecessit,
620 708 752 799 quique
786 708 880 799 apud
914 708 1100 801 AEgyptios
1133 718 1176 779 ut

126 821 214 891 deus
237 820 375 903 colitur,
392 821 616 911 majestatem
641 820 710 891 Dei
734 822 920 915 singularis
945 822 1091 893 infinitis
1114 823 1175 893 ad·
1255 877 1257 880 -

125 958 244 1007 serena
258 936 432 1023 laudibus,
447 936 642 1007 Dominum
654 945 693 1007 et
711 936 856 1007 Patrem
869 946 1061 1029 nuncupat,
1075 962 1175 1009 eum-

125 1074 196 1143 que
224 1074 299 1121 esse
326 1050 403 1121 sine
431 1052 584 1135 nomine,
612 1052 706 1142 quod
735 1052 875 1144 proprio
904 1052 1076 1123 vocabulo
1102 1074 1173 1121 non

125 1166 293 1259 indigeat,
317 1167 400 1257 quia
424 1166 518 1237 solus
543 1167 599 1249 sit,
625 1188 691 1236 nec
718 1166 851 1244 habere
877 1165 970 1238 ullos
997 1175 1172 1259 parentes,

125 1281 210 1373 quia
237 1302 283 1351 ex
313 1304 351 1351 ee
381 1289 418 1351 et
444 1304 509 1373 per
541 1304 579 1352 se
608 1282 683 1373 ipse
717 1282 775 1351 sit.
827 1281 947 1373 Hujus
980 1284 1025 1352 ad
1058 1281 1171 1352 filium

124 1398 310 1469 scribentis
326 1397 511 1468 exordium
529 1395 601 1465 tale
615 1405 689 1467 est:
706 1393 823 1467 Deum
835 1396 972 1491 quidem
985 1395 1174 1493 inteiliqm

124 1512 262 1607 dffeile
284 1521 341 1594 cst,
364 1510 476 1607 eloqui
500 1534 579 1582 cero
604 1509 820 1605 impossibile,
839 1513 942 1585 ctiam
965 1512 1023 1583 oni
1047 1512 1172 1584 intelli-

120 1652 202 1727 qcra
228 1624 391 1720 possibile
425 1634 499 1704 est,·
530 1623 722 1720 perfectum
755 1626 847 1695 enim
888 1625 929 1696 ab
964 1626 1170 1722 imperfecto,
1201 1657 1206 1665 ·

125 1740 297 1814 invisibile
313 1764 335 1811 o
351 1738 481 1813 visibili
497 1762 566 1811 aon
577 1748 690 1834 potest
707 1737 956 1834 comprehendi.

557 1936 667 2009 oAP.
694 1937 743 2009 V.

175 2088 345 2183 Superest
362 2088 407 2159 de
419 2086 559 2157 vatibus
577 2088 703 2157 dicere.
744 2085 860 2157 Varro
877 2086 1001 2156 decem
1019 2086 1171 2181 Sibyllae

123 2206 231 2277 fuisse
249 2204 366 2285 tradit,
383 2202 533 2296 primam
551 2203 595 2272 de
619 2199 745 2283 Persis,
763 2202 954 2270 secundam
974 2200 1169 2295 libyssam,

123 2322 267 2391 tertiam
307 2316 495 2410 Delphida,
530 2326 692 2408 quartam
732 2316 969 2400 Cimmeriam,
1008 2316 1169 2406 quintam
1245 2326 1250 2333 ’

124 2432 352 2526 Erythraeam,
379 2441 517 2503 sextam
548 2430 715 2513 Samiam,
737 2431 933 2522 septimam
959 2430 1168 2510 Cumanam,

123 2557 285 2619 octavam
307 2546 601 2640 Hellespontiam,
619 2568 749 2615 nonam
774 2544 973 2638 Phrygiam,
994 2546 1169 2615 decimam

122 2662 318 2745 Tiburtem,
348 2664 405 2732 cui
435 2662 481 2732 sit
510 2682 640 2731 nomen
670 2660 857 2731 Albunea.
909 2659 967 2730 Ex
1000 2660 1055 2729 his
1093 2681 1169 2729 om·

122 2778 226 2848 nibus
254 2778 421 2847 Cumanae
453 2774 561 2847 solius
590 2784 663 2846 tres
694 2798 770 2845 esse
798 2775 916 2856 libros,
946 2775 1007 2865 qui
1037 2774 1168 2843 Roma-

123 2914 250 2965 norum
276 2892 350 2961 fata
374 2892 590 2971 contineant,
613 2898 651 2959 et
676 2890 874 2959 habeantur
897 2888 1034 2958 arcani:
1060 2894 1169 2956 caete-

121 3028 240 3077 rarum
257 3014 379 3076 autem
395 3006 470 3075 fere
487 3004 646 3075 omnium
663 3003 820 3097 singulos
836 3010 959 3073 extare
975 3000 1167 3091 haberique

122 3120 241 3215 vulgo,
258 3121 321 3190 sed
343 3142 403 3193 eos
427 3118 617 3211 Sibyllinos
634 3118 734 3188 velut
754 3141 825 3188 uno
849 3117 991 3186 nornine
1013 3115 1165 3185 inscribi.

124 3234 205 3307 Nisi
233 3236 328 3328 quod
358 3234 548 3327 Erythraea,
562 3242 566 3248 ’
580 3255 658 3325 quae
687 3233 804 3304 Troici
834 3229 920 3300 belli
949 3228 1166 3321 temporibus

122 3352 229 3421 sitisse
263 3348 478 3441 perhibetur,
512 3370 644 3418 nomen
684 3368 788 3417 suum
822 3366 945 3415 verum
977 3342 1097 3434 posuit
1128 3341 1167 3409 in

122 3466 224 3547 libro,
248 3464 396 3535 alianum
421 3462 557 3533 confirsi
581 3471 675 3532 sunt.
727 3459 796 3529 Hae
819 3480 951 3540 omnes,
972 3459 1017 3527 de
1039 3455 1167 3547 quibus

122 3580 207 3660 dixi,
243 3576 386 3671 Sibyllae
419 3585 546 3670 praeter
579 3576 770 3656 Cumaeam,
805 3593 911 3663 quam
945 3570 1015 3664 legi
1049 3568 1115 3639 nisi
1144 3590 1166 3639 a

123 3692 419 3779 Quindecimviris
448 3713 520 3761 non
556 3690 648 3773 licet,
684 3711 796 3758 unum
831 3686 950 3757 Deum
985 3706 1061 3754 esse
1096 3690 1167 3752 tes·

122 3818 253 3891 tantur,
287 3809 493 3901 principem,
524 3806 753 3884 conditorem,
787 3809 980 3895 parentem,
1014 3821 1086 3868 non
1119 3796 1165 3868 ab

121 3924 195 3994 ullo
219 3930 436 4017 generatum,
455 3920 516 3991 sed
539 3943 561 3989 a
583 3920 696 4011 seipso
719 3927 846 3998 satum,
867 3917 928 4007 qui
950 3923 988 3985 et
1010 3913 1118 3983 fuerit
1140 3934 1164 3981 a

114 4038 266 4121 saeculis,
295 4045 332 4106 et
362 4038 408 4107 sit
438 4036 577 4104 futurus
607 4034 644 4103 in
674 4031 810 4114 saecula,
841 4038 879 4100 et
908 4030 1039 4099 idcirco
1068 4026 1162 4097 solus

120 4151 189 4223 coli
213 4153 351 4233 debeat,
372 4150 467 4221 solus
489 4148 618 4232 timeri,
638 4148 734 4217 eolus
761 4171 782 4216 a
805 4144 941 4216 cunctis
964 4142 1162 4212 viventibus

595 4274 679 4321 nra
1114 4276 1119 4283 ·
