2867 4817
295 266 360 331 844
548 264 781 331 FIRMIANI
806 213 1078 331 LAcTANun

295 440 413 514 Judsei
429 450 518 523 ,sunt
540 440 766 532 postmodum
788 442 983 525 nomineti3
1010 442 1209 517 servierunt
1232 442 1344 537 igitur

299 556 377 629 Dee
408 558 555 637 vinculis
584 558 676 652 legis¹
701 558 870 633 obstsicti.
924 558 997 631 Sed
1029 559 1137 631 iidem
1165 559 1345 651 psulutim

297 677 341 747 ud
367 676 530 769 profanos
554 678 642 751 ritus
660 675 885 759 aberrantes,¹
904 675 1038 747 alienos
1065 675 1150 751 deos
1169 698 1346 770 rmuoepe·

298 801 390 875 runt,
417 802 455 863 et
475 792 643 868 derelicto
662 793 777 885 patrio
798 791 909 875 cultu,
933 790 1187 865 insensisilibus
1209 793 1347 879 (insen-

298 908 457 979 sibilibus
496 905 579 979 aiut
614 906 708 1003 apud
740 904 914 1002 Laetam.)
942 906 1137 981 simulacris
1177 908 1345 983 immole-

299 1032 435 1095 verunt.
487 1022 678 1117 Propterea
707 1023 805 1102 Deus
838 1023 1026 1118 prophetes
1058 1025 1103 1096 ud
1137 1047 1200 1095 ecs
1232 1027 1344 1105 misit,

299 1142 417 1213 divino
446 1142 571 1233 spiritu
600 1140 819 1234 adimpletos,
846 1143 907 1234 qui
935 1140 1005 1213 illis
1037 1150 1185 1233 peccatu
1213 1164 1345 1234 expro-

299 1259 449 1341 brarent,
473 1268 511 1329 et
537 1258 782 1351 poenitentiurn
809 1258 1025 1341 indicerent;
1049 1259 1111 1349 qui
1136 1268 1344 1335 secuturum

298 1376 470 1447 ultionem
498 1376 724 1459 minarentur,
753 1398 795 1445 ec
825 1376 1077 1448 denunciarent
1106 1374 1284 1457 futurum,
1303 1376 1344 1445 si

298 1494 335 1565 in
369 1494 496 1565 iisdem
533 1492 671 1573 delictis
708 1500 997 1585 perseverassent,
1030 1502 1073 1566 ut
1108 1490 1221 1561 ulium
1261 1493 1346 1563 mit-

299 1619 392 1681 teret
424 1632 527 1681 novae
561 1609 648 1703 legis
681 1609 840 1692 latorem,
860 1618 921 1691 et,
958 1611 1096 1703 ingrato
1129 1606 1266 1701 populo
1299 1608 1346 1679 ub

299 1726 506 1797 haereditete
531 1733 718 1807 summoto,
743 1724 850 1797 ulium
878 1726 945 1797 sibi
974 1724 1116 1819 plebem
1134 1724 1346 1798 fideliorem

300 1845 345 1916 de
381 1844 512 1914 exteris
544 1842 709 1936 gentibus
738 1851 978 1937 congregaret.
1029 1841 1088 1912 Illi
1118 1850 1240 1913 sutem
1272 1865 1346 1913 nou

300 1960 405 2031 modo
439 1968 713 2053 perseverarunt,
749 1982 871 2029 verum
904 1960 1013 2031 etium
1047 1981 1108 2029 eos
1139 1960 1244 2051 ipsos,
1284 1958 1347 2051 qui

300 2076 542 2159 mittebantur,
560 2074 824 2145 interfecerunt.
871 2073 998 2167 Ituque
1013 2074 1195 2144 dumnevit
1215 2097 1281 2145 eos
1300 2076 1347 2144 ub

300 2194 374 2264 hoec
395 2193 558 2277 facinora,
581 2214 647 2262 nec
670 2192 800 2284 adjecit
822 2191 970 2262 ulterius
989 2190 1177 2285 prophetes
1197 2192 1348 2263 mittere

207 2368 209 2371 .
301 2310 344 2379 ad
361 2309 532 2402 populum
549 2316 806 2390 contumacem,
822 2308 883 2379 sed
908 2306 1039 2379 Filium
1055 2330 1159 2380 suum
1175 2309 1287 2392 misit,
1305 2320 1348 2379 ut

245 2444 247 2449 '
300 2437 427 2520 gentes
451 2427 630 2497 universas
654 2426 699 2497 ud
723 2426 874 2518 gretiam
898 2424 966 2496 Dei
990 2434 1210 2499 convocaret
1263 2424 1348 2498 Nec

301 2541 380 2619 illos
406 2551 535 2627 tumen,
561 2542 646 2615 lieet
671 2542 798 2634 impios
822 2543 1045 2636 etingrutos,
1069 2540 1117 2615 ub
1134 2564 1199 2635 spe
1219 2540 1348 2613 scintis

301 2659 462 2741 exclusit,
481 2658 542 2731 sed
567 2659 613 2732 ud
635 2659 729 2751 ipsos
748 2659 969 2751 potissimum
994 2658 1102 2741 misit
1123 2666 1175 2739 ut.
1198 2657 1231 2729 si
1251 2658 1348 2730 forte

301 2776 507 2868 peruissent,
524 2798 595 2846 non
607 2775 813 2850 amitterent
825 2774 918 2865 qued
935 2782 1160 2866 accepemus
1175 2774 1206 2845 si
1221 2782 1347 2846 uuteru

304 2892 421 2966 Deum
447 2916 550 2969 suum
575 2914 647 2964 non
666 2892 910 2984 suscepissent,
928 2899 1005 2964 tum
1028 2890 1226 2963 heredibus
1247 2892 1347 2963 ubdi-

303 3010 400 3091 cetis,
421 3018 545 3102 gentes
567 3009 604 3079 in
625 3007 851 3101 adoptionem
878 3008 1051 3083 venirent.
1099 3007 1215 3084 Jussit
1237 3010 1348 3103 igitur

304 3148 386 3197 eum
417 3148 575 3205 summus
603 3124 710 3197 Peter
738 3126 951 3199 descendere
978 3125 1016 3193 in
1045 3132 1186 3207 terrum,
1213 3134 1253 3195 et
1281 3125 1347 3197 hu-

304 3266 449 3315 manum
479 3265 603 3335 corpus
637 3242 803 3325 induere3
841 3251 884 3312 ut
916 3241 1097 3334 subjectus
1127 3242 1346 3334 puoeiouibus

304 3361 426 3441 curuis,
462 3359 629 3438 virtutem
658 3381 699 3428 uc
735 3357 942 3451 patientium
975 3381 1047 3429 non
1076 3358 1190 3429 solum
1219 3359 1345 3442 verbis,

304 3476 366 3545 sed
388 3477 497 3547 etiem
524 3476 627 3547 fectis
653 3475 807 3548 doceret.
857 3474 1017 3548 Remus
1035 3485 1091 3553 est
1108 3497 1192 3568 ergo
1211 3498 1260 3547 ex
1278 3478 1346 3547 vir-

304 3592 387 3685 gine
408 3592 482 3663 sine
505 3600 605 3685 putre
631 3600 800 3685 tunquam
826 3590 954 3675 b0m03
979 3600 1021 3661 ut
1047 3592 1345 3683 quemudruodum

305 3710 341 3778 in
358 3709 471 3801 prime
483 3709 669 3781 nativitate
682 3705 828 3800 spiritali
838 3716 987 3790 creatus,
998 3716 1036 3777 et
1049 3705 1142 3803 (sor.
1156 3706 1288 3781 deletu
1297 3720 1346 3793 et

305 3823 413 3897 MSto
430 3823 569 3895 iuterim
586 3834 641 3897 est
657 3820 805 3906 iubente
818 3820 957 3918 Dave)
968 3846 1014 3895 ex
1025 3824 1101 3900 solo
1112 3824 1192 3896 Deo
1203 3836 1347 3898 sanctus

306 3943 447 4035 spiritus
476 3942 590 4013 factus
620 3950 684 4027 est,
713 3942 763 4013 sic
792 3942 829 4012 in
859 3942 1014 4015 secunde
1040 3942 1171 4017 cernuli
1199 3968 1245 4017 ex
1273 3945 1348 4017 suls

306 4068 419 4130 matre
439 4058 590 4152 genitus
608 4081 689 4131 curo
715 4042 983 4141 sunctufieret;
1012 4068 1054 4129 ut
1073 4082 1137 4152 per
1151 4084 1235 4131 eum
1256 4086 1345 4141 curo,

306 4200 386 4266 quae
403 4174 561 4263 subjectu
577 4183 724 4266 peccato
741 4174 865 4255 fueret,
883 4174 928 4245 ub
948 4175 1093 4245 interitu
1111 4174 1330 4249 libereretur.
