2867 4817
225 343 279 407 IN
303 341 492 407 niumm.
516 342 584 405 AD
607 343 640 406 S.
663 340 894 406 CYPRIAN.
916 341 1070 406 EPIST.
1110 340 1176 407 aet

113 513 475 686 subsuta
485 512 663 685 t'fft‘tt
676 518 738 663 a
751 512 1176 684 susannis·

164 685 288 770 P.250.
300 686 320 749 l.
331 688 361 749 8.
377 684 667 772 pseudoohristum]
680 684 850 750 Imitatum
860 691 912 749 est
922 684 1010 749 istud
1019 706 1060 749 ex
1070 707 1109 750 ea
1130 686 1176 751 ite

115 772 290 836 unumne
314 771 469 857 Epistola
494 771 648 836 Semudae
671 770 765 836 Pauli
786 770 829 837 ad
849 770 1043 836 Corinthios.
1124 772 1176 837 iiio

114 864 224 941 patet,
254 858 358 943 inquit
385 858 555 936 Panielius,
584 856 817 922 vehementiam
846 856 989 941 epistoh
1018 856 1176 942 Stephani

113 964 215 1028 papis
230 943 263 1007 iii
278 965 375 1009 musa
388 944 485 1009 fnhse
498 966 554 1009 eur
567 950 637 1009 tam
651 944 856 1009 vehementer
865 942 965 1009 etiam
975 950 1090 1009 eontra
1102 966 1175 1009 eum

113 1030 299 1095 seriberent
309 1030 486 1116 Cyprianus
496 1037 531 1095 et
540 1029 756 1093 Firmilianus.
782 1028 885 1094 Recte
894 1050 983 1094 sane.
1006 1028 1175 1095 Nononiin

112 1115 210 1181 aliud
231 1136 336 1181 sauss
357 1116 492 1193 exstitit,
508 1137 565 1180 eui·
586 1114 801 1192 Firmilianus,
822 1114 877 1199 qui
893 1114 928 1179 in
945 1121 1019 1180 tota
1039 1116 1175 1200 epistola

113 1224 281 1265 summum
291 1222 433 1265 amorem
443 1200 577 1266 unitatis
585 1200 739 1274 deelarat,
751 1199 797 1265 sie
806 1207 915 1265 tamen
930 1200 964 1265 in
975 1201 1174 1286 Stephanum

112 1287 299 1362 invehatur,
309 1294 346 1353 ut
357 1309 430 1351 eum
438 1286 663 1371 disputationis
672 1295 755 1351 aestu
766 1286 1041 1371 abreptumfuisse
1051 1293 1173 1371 pateat.

113 1372 209 1437 Nihil
231 1373 332 1437 lenius
350 1396 388 1437 ao
407 1372 593 1459 plaeabilius
613 1371 783 1457 Cypriam,
798 1373 930 1457 ejusque
946 1372 1045 1436 animi
1063 1374 1172 1438 mode-

110 1460 206 1524 ratio
228 1481 299 1523 eum
321 1458 354 1522 iu
375 1459 521 1523 omnibus
539 1458 610 1522 aliis
631 1459 823 1536 robustum
844 1458 982 1522 maxime
1003 1458 1037 1521 iii
1057 1458 1119 1522 hae
1133 1460 1174 1523 de

110 1546 281 1629 baptismo
295 1544 511 1609 controversia
529 1542 664 1618 enituit;
689 1544 746 1607 sed
765 1550 876 1607 tamen
889 1566 963 1608 enm
977 1544 1138 1610 interdum
1153 1568 1174 1609 a

110 1652 246 1695 summa
263 1630 317 1696 illa
335 1630 467 1695 lenitate
486 1630 529 1694 ad
547 1628 814 1694 vehementiorem
836 1652 940 1694 eausae
960 1630 1173 1695 defensionem

109 1716 285 1782 transiisse
304 1715 494 1802 perspicitur
513 1738 552 1780 ex
572 1714 707 1815 epistola
726 1716 769 1779 ad
790 1715 988 1801 Pompeium.
1034 1715 1173 1781 Videtur

109 1811 229 1867 antem
244 1802 437 1887 Cyprianum
452 1808 487 1866 et
501 1801 722 1865 Firmilianum
736 1801 815 1865 illud
825 1801 859 1866 iii
873 1802 985 1887 primis
994 1802 1170 1881 offendisse,

109 1889 205 1974 quod
217 1887 398 1973 Stephanus
408 1894 538 1972 putaret
548 1887 754 1951 abstinendos
764 1888 1008 1973 rebaptizantes.
1034 1889 1173 1973 Propter

108 1976 186 2039 lna
201 1982 310 2039 autem
324 1975 431 2051 verba,
448 1994 518 2059 quae
532 1978 627 2059 putat
641 1993 705 2036 non
716 1995 786 2037 esse
797 1973 855 2038 Ste
877 1974 962 2052 hani,
974 1974 1123 2039 dubitare
1137 1997 1172 2040 se

106 2062 163 2126 ait
178 2060 380 2126 Christianus
396 2059 505 2145 Lupus
519 2058 553 2122 in
570 2058 696 2123 seholiis
716 2058 782 2123 suis
795 2060 837 2124 ad
852 1996 968 2124 ibrum
983 2060 1171 2125 Tertulliani

107 2148 157 2211 de
172 2145 472 2231 Praesoriptiouibus
490 2145 641 2209 adversus
660 2144 829 2209 haeretioos
847 2167 922 2210 ane
945 2146 1042 2211 istola
1057 2146 1171 2210 Firmi-

108 2232 193 2297 liani
209 2233 253 2296 sit
267 2254 350 2296 vera.
395 2232 515 2298 Tamen
530 2252 623 2294 nemo
642 2231 798 2295 haetenus
816 2238 893 2296 ante
914 2168 1039 2317 liupum
1059 2232 1092 2296 id
1110 2232 1171 2296 sibi

108 2318 242 2393 sumsit,
253 2326 291 2381 ut
302 2318 405 2382 diuers
416 2318 549 2381 auderet
560 2337 631 2381 eain
646 2338 715 2381 esse
730 2316 844 2381 salsam
858 2324 916 2382 aut
926 2317 967 2381 de
978 2318 1047 2418 ejus
1061 2324 1170 2383 aueto-

107 2404 217 2468 ritate
231 2402 402 2469 dubitarat.
445 2402 491 2466 Et
505 2410 591 2467 oerte
606 2402 670 2466 ista
684 2401 821 2467 facilitas
835 2403 1004 2468 neumandi
1018 2403 1170 2469 falsitatis

108 2490 239 2575 scripte
253 2495 394 2554 veterum
409 2488 500 2552 valde
514 2488 685 2553 temeraria
699 2495 750 2553 est
765 2496 799 2553 et
813 2488 997 2574 perioulosa.
1043 2489 1127 2553 Nam
1142 2490 1169 2555 si

108 2575 232 2660 auique
245 2574 341 2639 lioeat
354 2575 463 2639 inanes
478 2574 632 2659 ejusmodi
647 2574 848 2660 oonjeoturas
861 2575 959 2660 sequi,
976 2575 1096 2639 nullum
1107 2576 1181 2641 erit'

107 2660 320 2745 antiquitatis
331 2666 578 2737 monumentum,
591 2660 676 2745 quod
687 2660 811 2745 iniquas
822 2660 1015 2745 suspiciones
1025 2662 1167 2748 effugiat.

109 2748 238 2812 Banna.
269 2746 322 2812 Ita
336 2746 492 2811 Baluzius.
528 2744 627 2811 Haud
641 2746 765 2810 interea
778 2746 855 2810 inihi
870 2747 956 2810 visus
970 2754 1020 2811 est
1033 2747 1168 2813 voluisse

107 2836 176 2898 hoe
191 2832 330 2897 seribere
344 2831 543 2897 Christianus
559 2830 677 2916 Lupus,
695 2831 872 2896 Firmilioni
887 2832 1022 2918 epistola
1041 2856 1083 2897 an
1097 2856 1168 2920 ger·

106 2918 280 2995 manauit,
295 2940 329 2983 se
348 2918 514 2993 dubitare,
538 2917 579 2982 de
598 2917 864 3003 appellationibus
883 2926 992 2984 autem
1005 2919 1168 3004 probrosis

106 3004 277 3091 Cipriano
297 3025 319 3068 a
340 3003 397 3069 Ste
418 3004 503 3067 hano
522 3003 697 3077 attributis,
718 3025 761 3067 an
783 3004 833 3068 hae
848 3004 890 3069 ab
909 3026 948 3069 so
964 3026 1076 3069 revera
1116 3026 1167 3069 ro
1292 3011 1298 3019 '

105 3076 190 3157 151ae
199 3090 337 3190 ,iussn
353 3111 387 3154 se
457 3089 565 3190 sare.
595 3088 672 3154 vii.
688 3089 812 3190 sutus
830 3091 899 3189 ejus
917 3091 963 3191 ⁸5¹.
980 3091 1059 3191 utri
1104 3091 1166 3155 ani

105 3175 463 3347 vittilpdyllnll
476 3175 1166 3347 hlahtliittudulnhlfittffi

106 3352 153 3415 de
168 3348 392 3413 haerstioorum
406 3347 449 3411 ba
471 3347 567 3411 tiemo
589 3348 757 3411 sententiae
776 3355 891 3423 stator,
908 3350 961 3433 qui
976 3355 1026 3412 est
1041 3349 1166 3413 Auetor

107 3438 162 3501 De
177 3432 410 3519 mamae,
481 3433 534 3497 fin.
552 3454 603 3518 op.
620 3432 652 3497 S.
662 3432 821 3517 Cypriani.
868 3432 1020 3499 conferas
1040 3455 1110 3519 quae
1125 3435 1166 3499 de

108 3519 298 3587 Firmiliaiii
312 3518 447 3604 epistola
461 3540 559 3603 supra
573 3525 779 3583 annotantur.

157 3606 243 3670 Ibid.
266 3604 287 3667 l.
301 3624 348 3669 io.
368 3604 446 3685 Quas
465 3604 587 3689 omnia]
606 3605 659 3669 lta
682 3604 850 3691 legendum
868 3604 944 3669 olim
959 3604 1045 3682 duxi,
1065 3605 1165 3690 prius·

107 3714 213 3779 quam
228 3691 274 3755 sio
285 3712 318 3755 se
328 3690 446 3791 habere
453 3690 613 3791 perissem
628 3690 801 3755 editionem
814 3690 1002 3791 prinoipem,
1007 3689 1165 3791 siquidem

171 3786 228 3841 tea
238 3776 653 3862 Pamehusqosproquoeeii
663 3776 829 3841 MStosuo
839 3777 950 3854 edidit,
961 3776 1041 3855 aliis,
1051 3777 1164 3856 fateor,

155 3864 202 3928 ris
215 3861 351 4012 diffidis
372 3862 651 4011 eonpeutimptibus.
679 3861 760 4011 182}
779 3862 915 4012 loptapse
935 3863 1047 3928 (limos
1068 3863 1166 3948 serip-

106 3958 243 4099 sellliid.
253 4033 275 4096 l.
291 3952 956 4202 idaddiibdddibiffidmiliiidelii}
965 4055 1034 4099 esse
1044 4033 1164 4099 luxata

106 4121 198 4205 Quid
220 4121 248 4183 si
268 4119 392 4205 legatur
410 4118 564 4183 mammo
686 4141 819 4197 ,onore
839 4120 999 4205 irrepente
1018 4141 1058 4183 ex
1077 4119 1165 4205 igno

104 4207 221 4273 tantia
234 4212 392 4282 notariun,
408 4209 446 4267 ut
461 4204 558 4269 etiam
571 4204 739 4269 adnotavit
754 4204 969 4291 Hieronymus
983 4206 1017 4269 iii
1031 4205 1166 4290 epistola

102 4296 150 4363 ad
166 4292 305 4359 Avitum
324 4290 365 4355 de
383 4290 543 4355 erroribus
562 4290 717 4377 Origsuis,
742 4290 798 4354 ubi
814 4292 863 4357 ait
880 4290 1004 4356 diffieile
1023 4313 1092 4355 esse
1110 4313 1166 4355 uo-
