2867 4817
339 277 653 343 ROMANORUM
679 278 996 343 PONTIFICUM.
1123 280 1187 345 155

135 472 272 521 novum
293 450 427 544 aliquid
451 459 640 545 prasumat
662 461 786 523 eontra
809 451 1012 545 hujusmodi
1036 474 1187 546 orange-

134 564 244 637 lionm
261 568 498 651 traditionem,
516 577 553 638 at
578 566 783 638 orthodoxae
806 567 889 638 fidei
910 567 1187 661 Christianaequo

135 681 316 777 religionis
344 684 610 777 integritatem
652 683 710 753 rel
745 682 938 776 quidquam
973 684 1186 753 contrarium

135 798 330 869 annitendo
354 800 553 881 immutare,
579 798 653 870 sive
678 798 885 869 subtrahero
911 798 958 868 de
981 799 1187 892 integritate

108 912 221 993 sfidei
243 921 371 985 nostrae
391 914 593 997 tentaverit,
616 912 674 984 vel
698 934 788 985 ausu
813 911 982 1007 sacrilego
1007 912 1074 984 hoo
1096 936 1187 1007 prae-

136 1028 359 1099 sumentibus
376 1029 586 1099 consentire.

188 1141 242 1213 Ut
258 1144 439 1214 sinceritas
454 1143 623 1235 perfeotae
645 1150 777 1213 nostrae
793 1142 877 1213 fidei
898 1150 1026 1213 vestrae
1046 1145 1185 1215 oaritnti

136 1256 357 1329 manifestim
389 1256 531 1342 clareat,
561 1264 771 1350 presentem
800 1264 928 1327 nostrae
960 1257 1185 1349 professionis

135 1372 302 1465 paginam
334 1395 398 1464 per
429 1370 480 1442 ill.
512 1369 704 1441 Notarium
737 1371 915 1465 scriptam,
945 1394 1028 1442 oum
1056 1381 1185 1445 nostrae

90 1508 262 1558 romanus
290 1488 557 1580 subscriptione,
593 1508 711 1557 eoram
741 1487 904 1558 omnibus
938 1486 1117 1572 relectam,
1147 1490 1184 1560 in

136 1603 355 1674 oonfessione
376 1602 474 1674 beati
497 1601 596 1673 Petri
619 1600 859 1696 apostolorum
881 1603 1056 1694 principis,
1078 1604 1185 1698 depo-

136 1719 280 1801 suimus,
310 1727 479 1812 tanquam
507 1722 585 1813 ipso
614 1718 828 1789 testificante
851 1717 896 1789 de
917 1718 1073 1809 puritate
1102 1742 1185 1791 oon-

135 1834 291 1903 soientiae
306 1842 447 1918 nostrae,
465 1836 523 1905 oui
546 1834 663 1905 claves
686 1833 817 1927 ligandi
839 1840 947 1924 atque
968 1831 1127 1904 solvendi
1147 1836 1184 1904 in

136 1956 231 2019 terra
262 1957 301 2018 et
334 1950 372 2020 in
405 1950 496 2021 ooelo
532 1950 692 2020 omnium
730 1946 894 2019 Salvator
931 1956 969 2019 et
1007 1947 1185 2020 Dominus

89 2065 294 2153 15tradidib.

186 2178 244 2250 Ill.
260 2178 374 2272 gratia
391 2167 471 2249 ner
484 2180 669 2272 episeopus
690 2186 820 2250 sanotoe
843 2176 1025 2250 oatholioae
1042 2184 1080 2248 et
1101 2199 1185 2270 apo-

135 2293 269 2365 stoliooe
292 2294 448 2365 eoolesiae
467 2294 564 2365 urbis
595 2293 718 2363 Romae
743 2294 826 2364 huio
849 2292 1056 2386 professioni
1079 2299 1184 2363 reotae

135 2416 173 2481 st
196 2409 401 2480 orthodoxas
417 2410 511 2492 fidei,
528 2411 621 2480 nont
642 2410 802 2500 superius
825 2408 968 2503 legitur,
985 2406 1183 2500 subscripsi,

135 2548 285 2618 eamque
301 2525 347 2596 ad
364 2549 490 2620 eorpus
506 2535 621 2609 tuum,
637 2525 743 2597 beate
761 2524 869 2595 Pstre
885 2523 1055 2618 apostole,
1069 2524 1183 2595 obtuli

71 2657 128 2716 ’πο
136 2640 432 2712 consolidandam.
482 2640 552 2712 Tit.
570 2642 618 2713 ix.
643 2648 723 2736 pag.
743 2643 902 2713 32-44.
932 2640 1018 2712 edit.
1048 2640 1183 2713 Gamo·

136 2758 252 2841 rianae,
270 2756 379 2827 Paris.
395 2754 503 2828 1680.
