<?xml version="1.0" encoding="UTF-8"?>
<!DOCTYPE html PUBLIC "-//W3C//DTD XHTML 1.0 Transitional//EN"
    "http://www.w3.org/TR/xhtml1/DTD/xhtml1-transitional.dtd">
<html xmlns="http://www.w3.org/1999/xhtml" xml:lang="en" lang="en">
 <head>
  <title>
</title>
<meta http-equiv="Content-Type" content="text/html;charset=utf-8" />
  <meta name='ocr-system' content='tesseract 3.04.00' />
  <meta name='ocr-capabilities' content='ocr_page ocr_carea ocr_par ocr_line ocrx_word'/>
</head>
<body>
  <div class='ocr_page' id='page_1' title='image "./scriptorumeccle03routgoog_0763.png"; bbox 0 0 2867 4817; ppageno 0'>
   <div class='ocr_carea' id='block_1_1' title="bbox 517 317 1157 384">
    <p class='ocr_par' dir='ltr' id='par_1_1' title="bbox 517 317 1157 384">
     <span class='ocr_line' id='line_1_1' title="bbox 517 317 1157 384; baseline 0.002 -3"><span class='ocrx_word' id='word_1_1' title='bbox 517 317 751 382; x_wconf 88' lang='lat' dir='ltr'><strong>EPITOME.</strong></span> <span class='ocrx_word' id='word_1_2' title='bbox 1092 319 1157 384; x_wconf 73' lang='lat'><strong>311</strong></span> 
     </span>
    </p>
   </div>
   <div class='ocr_carea' id='block_1_2' title="bbox 111 489 1267 2196">
    <p class='ocr_par' dir='ltr' id='par_1_2' title="bbox 111 489 1267 2196">
     <span class='ocr_line' id='line_1_2' title="bbox 111 489 1267 590; baseline 0.003 -30"><span class='ocrx_word' id='word_1_3' title='bbox 111 491 281 584; x_wconf 81' lang='lat' dir='ltr'><strong>genitoris</strong></span> <span class='ocrx_word' id='word_1_4' title='bbox 297 489 468 572; x_wconf 85' lang='lat' dir='ltr'><strong>addictus,</strong></span> <span class='ocrx_word' id='word_1_5' title='bbox 485 511 552 560; x_wconf 88' lang='lat' dir='ltr'><strong>nee</strong></span> <span class='ocrx_word' id='word_1_6' title='bbox 568 490 722 560; x_wconf 84' lang='lat' dir='ltr'><strong>foeminis</strong></span> <span class='ocrx_word' id='word_1_7' title='bbox 743 512 899 583; x_wconf 92' lang='lat' dir='ltr'><strong>unquam</strong></span> <span class='ocrx_word' id='word_1_8' title='bbox 919 512 986 562; x_wconf 86' lang='lat' dir='ltr'><strong>neo</strong></span> <span class='ocrx_word' id='word_1_9' title='bbox 1001 491 1158 562; x_wconf 86' lang='lat' dir='ltr'><strong>maribus</strong></span> <span class='ocrx_word' id='word_1_10' title='bbox 1264 587 1267 590; x_wconf 67' lang='lat'>‚</span> 
     </span>
     <span class='ocr_line' id='line_1_3' title="bbox 111 595 1159 700; baseline 0.001 -24"><span class='ocrx_word' id='word_1_11' title='bbox 111 606 303 676; x_wconf 78' lang='lat' dir='ltr'><strong>abstinuit:</strong></span> <span class='ocrx_word' id='word_1_12' title='bbox 340 604 532 697; x_wconf 82' lang='lat' dir='ltr'><strong>orbemque</strong></span> <span class='ocrx_word' id='word_1_13' title='bbox 560 613 679 676; x_wconf 88' lang='lat' dir='ltr'><strong>totum</strong></span> <span class='ocrx_word' id='word_1_14' title='bbox 703 595 776 676; x_wconf 91' lang='lat' dir='ltr'><strong>non</strong></span> <span class='ocrx_word' id='word_1_15' title='bbox 804 614 879 676; x_wconf 89' lang='lat' dir='ltr'><strong>tem</strong></span> <span class='ocrx_word' id='word_1_16' title='bbox 905 606 1025 700; x_wconf 78' lang='lat' dir='ltr'><strong>gloria</strong></span> <span class='ocrx_word' id='word_1_17' title='bbox 1051 630 1159 698; x_wconf 92' lang='lat' dir='ltr'><strong>quam</strong></span> 
     </span>
     <span class='ocr_line' id='line_1_4' title="bbox 112 721 1159 802; baseline 0.002 -12"><span class='ocrx_word' id='word_1_18' title='bbox 112 721 269 791; x_wconf 90' lang='lat' dir='ltr'><strong>libidinis</strong></span> <span class='ocrx_word' id='word_1_19' title='bbox 302 742 416 802; x_wconf 82' lang='lat' dir='ltr'><strong>causa,</strong></span> <span class='ocrx_word' id='word_1_20' title='bbox 451 743 518 790; x_wconf 86' lang='lat' dir='ltr'><strong>nec</strong></span> <span class='ocrx_word' id='word_1_21' title='bbox 551 728 693 790; x_wconf 89' lang='lat' dir='ltr'><strong>tantum</strong></span> <span class='ocrx_word' id='word_1_22' title='bbox 727 722 772 790; x_wconf 91' lang='lat' dir='ltr'><strong>ad</strong></span> <span class='ocrx_word' id='word_1_23' title='bbox 808 722 983 792; x_wconf 87' lang='lat' dir='ltr'><strong>necandas</strong></span> <span class='ocrx_word' id='word_1_24' title='bbox 1022 721 1159 792; x_wconf 82' lang='lat' dir='ltr'>belluas</span> 
     </span>
     <span class='ocr_line' id='line_1_5' title="bbox 112 834 1159 929; baseline 0.001 -24"><span class='ocrx_word' id='word_1_25' title='bbox 112 842 288 927; x_wconf 87' lang='lat' dir='ltr'><strong>quantum</strong></span> <span class='ocrx_word' id='word_1_26' title='bbox 314 834 359 905; x_wconf 90' lang='lat' dir='ltr'><strong>ad</strong></span> <span class='ocrx_word' id='word_1_27' title='bbox 385 835 550 906; x_wconf 87' lang='lat' dir='ltr'><strong>serendos</strong></span> <span class='ocrx_word' id='word_1_28' title='bbox 571 835 709 918; x_wconf 88' lang='lat' dir='ltr'><strong>liberos,</strong></span> <span class='ocrx_word' id='word_1_29' title='bbox 735 837 944 929; x_wconf 78' lang='lat' dir='ltr'><strong>peragravit.</strong></span> <span class='ocrx_word' id='word_1_30' title='bbox 995 836 1159 928; x_wconf 84' lang='lat' dir='ltr'>Cumque</span> 
     </span>
     <span class='ocr_line' id='line_1_6' title="bbox 113 950 1159 1045; baseline 0.002 -25"><span class='ocrx_word' id='word_1_31' title='bbox 113 957 208 1020; x_wconf 89' lang='lat' dir='ltr'><strong>esset</strong></span> <span class='ocrx_word' id='word_1_32' title='bbox 233 951 396 1034; x_wconf 87' lang='lat' dir='ltr'><strong>invictus,</strong></span> <span class='ocrx_word' id='word_1_33' title='bbox 413 951 459 1020; x_wconf 90' lang='lat' dir='ltr'><strong>ab</strong></span> <span class='ocrx_word' id='word_1_34' title='bbox 484 973 556 1021; x_wconf 90' lang='lat' dir='ltr'><strong>una</strong></span> <span class='ocrx_word' id='word_1_35' title='bbox 572 957 693 1021; x_wconf 91' lang='lat' dir='ltr'><strong>tamen</strong></span> <span class='ocrx_word' id='word_1_36' title='bbox 720 950 896 1043; x_wconf 85' lang='lat' dir='ltr'><strong>Omphale</strong></span> <span class='ocrx_word' id='word_1_37' title='bbox 920 952 1159 1045; x_wconf 90' lang='lat' dir='ltr'><strong>triumphatus</strong></span> 
     </span>
     <span class='ocr_line' id='line_1_7' title="bbox 114 1064 1159 1159; baseline 0.001 -23"><span class='ocrx_word' id='word_1_38' title='bbox 114 1074 180 1148; x_wconf 88' lang='lat' dir='ltr'><strong>est,</strong></span> <span class='ocrx_word' id='word_1_39' title='bbox 206 1066 264 1136; x_wconf 90' lang='lat' dir='ltr'><strong>cui</strong></span> <span class='ocrx_word' id='word_1_40' title='bbox 290 1065 389 1136; x_wconf 86' lang='lat' dir='ltr'><strong>olava</strong></span> <span class='ocrx_word' id='word_1_41' title='bbox 414 1072 452 1135; x_wconf 89' lang='lat' dir='ltr'><strong>et</strong></span> <span class='ocrx_word' id='word_1_42' title='bbox 478 1064 588 1157; x_wconf 88' lang='lat' dir='ltr'><strong>spolio</strong></span> <span class='ocrx_word' id='word_1_43' title='bbox 614 1065 725 1136; x_wconf 88' lang='lat' dir='ltr'><strong>leonis</strong></span> <span class='ocrx_word' id='word_1_44' title='bbox 750 1065 893 1148; x_wconf 88' lang='lat' dir='ltr'><strong>tradito,</strong></span> <span class='ocrx_word' id='word_1_45' title='bbox 916 1065 1061 1137; x_wconf 90' lang='lat' dir='ltr'><strong>indutus</strong></span> <span class='ocrx_word' id='word_1_46' title='bbox 1083 1067 1159 1159; x_wconf 88' lang='lat' dir='ltr'><strong>ipse</strong></span> 
     </span>
     <span class='ocr_line' id='line_1_8' title="bbox 114 1180 1158 1274; baseline 0.003 -23"><span class='ocrx_word' id='word_1_47' title='bbox 114 1182 283 1252; x_wconf 89' lang='lat' dir='ltr'><strong>foeminea</strong></span> <span class='ocrx_word' id='word_1_48' title='bbox 310 1189 409 1252; x_wconf 89' lang='lat' dir='ltr'><strong>veste</strong></span> <span class='ocrx_word' id='word_1_49' title='bbox 438 1188 545 1273; x_wconf 85' lang='lat' dir='ltr'><strong>atque</strong></span> <span class='ocrx_word' id='word_1_50' title='bbox 578 1182 624 1251; x_wconf 89' lang='lat' dir='ltr'><strong>ad</strong></span> <span class='ocrx_word' id='word_1_51' title='bbox 657 1181 765 1273; x_wconf 87' lang='lat' dir='ltr'><strong>pedes</strong></span> <span class='ocrx_word' id='word_1_52' title='bbox 798 1180 956 1252; x_wconf 89' lang='lat' dir='ltr'><strong>mulieris</strong></span> <span class='ocrx_word' id='word_1_53' title='bbox 989 1181 1158 1274; x_wconf 86' lang='lat' dir='ltr'><strong>abjectus,</strong></span> 
     </span>
     <span class='ocr_line' id='line_1_9' title="bbox 114 1295 1159 1390; baseline 0.002 -23"><span class='ocrx_word' id='word_1_54' title='bbox 114 1321 234 1390; x_wconf 76' lang='lat' dir='ltr'><strong>pensa,</strong></span> <span class='ocrx_word' id='word_1_55' title='bbox 260 1319 337 1389; x_wconf 86' lang='lat' dir='ltr'><strong>quae</strong></span> <span class='ocrx_word' id='word_1_56' title='bbox 360 1296 503 1378; x_wconf 84' lang='lat' dir='ltr'><strong>faceret,</strong></span> <span class='ocrx_word' id='word_1_57' title='bbox 525 1296 671 1387; x_wconf 86' lang='lat' dir='ltr'><strong>accepit.</strong></span> <span class='ocrx_word' id='word_1_58' title='bbox 724 1295 826 1366; x_wconf 85' lang='lat' dir='ltr'><strong>Idem</strong></span> <span class='ocrx_word' id='word_1_59' title='bbox 846 1304 970 1388; x_wconf 85' lang='lat' dir='ltr'><strong>postea</strong></span> <span class='ocrx_word' id='word_1_60' title='bbox 989 1298 1159 1369; x_wconf 85' lang='lat' dir='ltr'><strong>instinctu</strong></span> 
     </span>
     <span class='ocr_line' id='line_1_10' title="bbox 114 1407 1159 1505; baseline 0.003 -26"><span class='ocrx_word' id='word_1_61' title='bbox 114 1409 242 1479; x_wconf 81' lang='lat' dir='ltr'><strong>furoris</strong></span> <span class='ocrx_word' id='word_1_62' title='bbox 267 1409 391 1492; x_wconf 87' lang='lat' dir='ltr'><strong>elatus,</strong></span> <span class='ocrx_word' id='word_1_63' title='bbox 421 1431 546 1500; x_wconf 81' lang='lat' dir='ltr'><strong>parvos</strong></span> <span class='ocrx_word' id='word_1_64' title='bbox 575 1407 703 1478; x_wconf 91' lang='lat' dir='ltr'><strong>liberos</strong></span> <span class='ocrx_word' id='word_1_65' title='bbox 731 1416 769 1477; x_wconf 91' lang='lat' dir='ltr'><strong>et</strong></span> <span class='ocrx_word' id='word_1_66' title='bbox 793 1431 941 1479; x_wconf 82' lang='lat' dir='ltr'><strong>uxorem</strong></span> <span class='ocrx_word' id='word_1_67' title='bbox 972 1410 1159 1505; x_wconf 81' lang='lat' dir='ltr'><strong>Megaram</strong></span> 
     </span>
     <span class='ocr_line' id='line_1_11' title="bbox 113 1520 1159 1619; baseline 0.001 -24"><span class='ocrx_word' id='word_1_68' title='bbox 113 1524 314 1595; x_wconf 85' lang='lat' dir='ltr'><strong>trucidavit.</strong></span> <span class='ocrx_word' id='word_1_69' title='bbox 349 1521 533 1594; x_wconf 89' lang='lat' dir='ltr'><strong>Postremo</strong></span> <span class='ocrx_word' id='word_1_70' title='bbox 551 1532 669 1593; x_wconf 88' lang='lat' dir='ltr'><strong>sumta</strong></span> <span class='ocrx_word' id='word_1_71' title='bbox 685 1520 860 1592; x_wconf 86' lang='lat' dir='ltr'><strong>Deianirae</strong></span> <span class='ocrx_word' id='word_1_72' title='bbox 877 1526 1035 1619; x_wconf 89' lang='lat' dir='ltr'><strong>conjugis</strong></span> <span class='ocrx_word' id='word_1_73' title='bbox 1047 1535 1159 1610; x_wconf 85' lang='lat' dir='ltr'><strong>veste,</strong></span> 
     </span>
     <span class='ocr_line' id='line_1_12' title="bbox 115 1636 1160 1733; baseline -0.001 -23"><span class='ocrx_word' id='word_1_74' title='bbox 115 1661 201 1710; x_wconf 90' lang='lat' dir='ltr'><strong>cum</strong></span> <span class='ocrx_word' id='word_1_75' title='bbox 230 1637 405 1708; x_wconf 89' lang='lat' dir='ltr'><strong>difflueret</strong></span> <span class='ocrx_word' id='word_1_76' title='bbox 433 1637 620 1719; x_wconf 86' lang='lat' dir='ltr'><strong>ulceribus,</strong></span> <span class='ocrx_word' id='word_1_77' title='bbox 651 1636 781 1706; x_wconf 89' lang='lat' dir='ltr'><strong>doloris</strong></span> <span class='ocrx_word' id='word_1_78' title='bbox 809 1637 1008 1729; x_wconf 89' lang='lat' dir='ltr'><strong>impatiens,</strong></span> <span class='ocrx_word' id='word_1_79' title='bbox 1035 1663 1160 1733; x_wconf 89' lang='lat' dir='ltr'><strong>rogum</strong></span> 
     </span>
     <span class='ocr_line' id='line_1_13' title="bbox 115 1752 1161 1842; baseline 0.002 -18"><span class='ocrx_word' id='word_1_80' title='bbox 115 1755 184 1826; x_wconf 93' lang='lat' dir='ltr'><strong>sibi</strong></span> <span class='ocrx_word' id='word_1_81' title='bbox 201 1755 238 1824; x_wconf 89' lang='lat' dir='ltr'><strong>in</strong></span> <span class='ocrx_word' id='word_1_82' title='bbox 256 1752 382 1823; x_wconf 87' lang='lat' dir='ltr'><strong>Oetaeo</strong></span> <span class='ocrx_word' id='word_1_83' title='bbox 399 1761 521 1822; x_wconf 90' lang='lat' dir='ltr'><strong>monte</strong></span> <span class='ocrx_word' id='word_1_84' title='bbox 539 1752 747 1834; x_wconf 83' lang='lat' dir='ltr'><strong>construxit,</strong></span> <span class='ocrx_word' id='word_1_85' title='bbox 765 1775 877 1842; x_wconf 88' lang='lat' dir='ltr'><strong>eoque</strong></span> <span class='ocrx_word' id='word_1_86' title='bbox 894 1775 932 1822; x_wconf 91' lang='lat' dir='ltr'><strong>se</strong></span> <span class='ocrx_word' id='word_1_87' title='bbox 949 1755 1069 1824; x_wconf 83' lang='lat' dir='ltr'><strong>virum</strong></span> <span class='ocrx_word' id='word_1_88' title='bbox 1086 1778 1161 1825; x_wconf 87' lang='lat' dir='ltr'><strong>cre-</strong></span> 
     </span>
     <span class='ocr_line' id='line_1_14' title="bbox 115 1866 1161 1950; baseline -0.001 -9"><span class='ocrx_word' id='word_1_89' title='bbox 115 1870 239 1941; x_wconf 85' lang='lat' dir='ltr'><strong>mavit.</strong></span> <span class='ocrx_word' id='word_1_90' title='bbox 292 1868 351 1938; x_wconf 86' lang='lat' dir='ltr'><strong>Sic</strong></span> <span class='ocrx_word' id='word_1_91' title='bbox 377 1867 536 1950; x_wconf 86' lang='lat' dir='ltr'><strong>efficitur,</strong></span> <span class='ocrx_word' id='word_1_92' title='bbox 561 1876 613 1949; x_wconf 90' lang='lat' dir='ltr'><strong>ut,</strong></span> <span class='ocrx_word' id='word_1_93' title='bbox 639 1867 778 1937; x_wconf 88' lang='lat' dir='ltr'><strong>etiamsi</strong></span> <span class='ocrx_word' id='word_1_94' title='bbox 804 1866 850 1936; x_wconf 93' lang='lat' dir='ltr'><strong>ob</strong></span> <span class='ocrx_word' id='word_1_95' title='bbox 880 1869 1048 1938; x_wconf 77' lang='lat' dir='ltr'><strong>virtutem</strong></span> <span class='ocrx_word' id='word_1_96' title='bbox 1074 1871 1161 1941; x_wconf 90' lang='lat' dir='ltr'><strong>deus</strong></span> 
     </span>
     <span class='ocr_line' id='line_1_15' title="bbox 115 1981 1162 2076; baseline -0.002 -19"><span class='ocrx_word' id='word_1_97' title='bbox 115 1986 214 2058; x_wconf 89' lang='lat' dir='ltr'><strong>credi</strong></span> <span class='ocrx_word' id='word_1_98' title='bbox 234 1985 417 2076; x_wconf 90' lang='lat' dir='ltr'><strong>potuisset,</strong></span> <span class='ocrx_word' id='word_1_99' title='bbox 435 1984 481 2053; x_wconf 92' lang='lat' dir='ltr'><strong>ob</strong></span> <span class='ocrx_word' id='word_1_100' title='bbox 503 1981 578 2054; x_wconf 88' lang='lat' dir='ltr'><strong>baec</strong></span> <span class='ocrx_word' id='word_1_101' title='bbox 600 1992 721 2052; x_wconf 88' lang='lat' dir='ltr'><strong>tamen</strong></span> <span class='ocrx_word' id='word_1_102' title='bbox 741 1982 848 2052; x_wconf 91' lang='lat' dir='ltr'><strong>homo</strong></span> <span class='ocrx_word' id='word_1_103' title='bbox 869 1983 976 2053; x_wconf 81' lang='lat' dir='ltr'><strong>fuisse</strong></span> <span class='ocrx_word' id='word_1_104' title='bbox 998 1986 1162 2055; x_wconf 85' lang='lat' dir='ltr'><strong>credatur</strong></span> 
     </span>
     <span class='ocr_line' id='line_1_16' title="bbox 117 2095 560 2196; baseline -0.009 -24"><span class='ocrx_word' id='word_1_105' title='bbox 117 2099 213 2196; x_wconf 84' lang='lat' dir='ltr'><strong>(sor.</strong></span> <span class='ocrx_word' id='word_1_106' title='bbox 230 2106 394 2171; x_wconf 87' lang='lat' dir='ltr'><strong>cernatur</strong></span> <span class='ocrx_word' id='word_1_107' title='bbox 410 2095 560 2191; x_wconf 78' lang='lat' dir='ltr'><strong>Dacia).</strong></span> 
     </span>
    </p>
   </div>
   <div class='ocr_carea' id='block_1_3' title="bbox 517 2293 764 2365">
    <p class='ocr_par' dir='ltr' id='par_1_3' title="bbox 517 2293 764 2365">
     <span class='ocr_line' id='line_1_17' title="bbox 517 2293 764 2365; baseline -0.008 0"><span class='ocrx_word' id='word_1_108' title='bbox 517 2293 627 2365; x_wconf 83' lang='lat' dir='ltr'><strong>CAP.</strong></span> <span class='ocrx_word' id='word_1_109' title='bbox 654 2294 764 2365; x_wconf 86' lang='lat' dir='ltr'><strong>vlll.</strong></span> 
     </span>
    </p>
   </div>
   <div class='ocr_carea' id='block_1_4' title="bbox 118 2426 1267 4242">
    <p class='ocr_par' dir='ltr' id='par_1_4' title="bbox 118 2426 1267 4242">
     <span class='ocr_line' id='line_1_18' title="bbox 169 2426 1165 2521; baseline -0.002 -23"><span class='ocrx_word' id='word_1_110' title='bbox 169 2427 412 2521; x_wconf 84' lang='lat' dir='ltr'><strong>AEsculapium</strong></span> <span class='ocrx_word' id='word_1_111' title='bbox 441 2427 643 2521; x_wconf 85' lang='lat' dir='ltr'><strong>Tarquitius</strong></span> <span class='ocrx_word' id='word_1_112' title='bbox 668 2426 776 2497; x_wconf 89' lang='lat' dir='ltr'><strong>tradit</strong></span> <span class='ocrx_word' id='word_1_113' title='bbox 801 2450 847 2496; x_wconf 85' lang='lat' dir='ltr'><strong>ex</strong></span> <span class='ocrx_word' id='word_1_114' title='bbox 872 2427 1016 2497; x_wconf 89' lang='lat' dir='ltr'><strong>incertis</strong></span> <span class='ocrx_word' id='word_1_115' title='bbox 1040 2450 1165 2518; x_wconf 89' lang='lat' dir='ltr'><strong>paren-</strong></span> 
     </span>
     <span class='ocr_line' id='line_1_19' title="bbox 119 2543 1166 2636; baseline -0.001 -23"><span class='ocrx_word' id='word_1_116' title='bbox 119 2543 217 2614; x_wconf 90' lang='lat' dir='ltr'><strong>tibus</strong></span> <span class='ocrx_word' id='word_1_117' title='bbox 242 2551 376 2625; x_wconf 90' lang='lat' dir='ltr'><strong>natum,</strong></span> <span class='ocrx_word' id='word_1_118' title='bbox 404 2550 442 2613; x_wconf 91' lang='lat' dir='ltr'><strong>et</strong></span> <span class='ocrx_word' id='word_1_119' title='bbox 467 2543 514 2612; x_wconf 91' lang='lat' dir='ltr'><strong>ob</strong></span> <span class='ocrx_word' id='word_1_120' title='bbox 539 2543 575 2614; x_wconf 92' lang='lat' dir='ltr'><strong>id</strong></span> <span class='ocrx_word' id='word_1_121' title='bbox 601 2546 812 2636; x_wconf 87' lang='lat' dir='ltr'><strong>expositum,</strong></span> <span class='ocrx_word' id='word_1_122' title='bbox 840 2552 947 2636; x_wconf 89' lang='lat' dir='ltr'><strong>atque</strong></span> <span class='ocrx_word' id='word_1_123' title='bbox 974 2567 996 2613; x_wconf 91' lang='lat' dir='ltr'><strong>a</strong></span> <span class='ocrx_word' id='word_1_124' title='bbox 1020 2553 1166 2613; x_wconf 87' lang='lat' dir='ltr'><strong>venato-</strong></span> 
     </span>
     <span class='ocr_line' id='line_1_20' title="bbox 118 2658 1165 2740; baseline -0.002 -12"><span class='ocrx_word' id='word_1_125' title='bbox 118 2659 217 2729; x_wconf 87' lang='lat' dir='ltr'><strong>ribus</strong></span> <span class='ocrx_word' id='word_1_126' title='bbox 234 2658 434 2740; x_wconf 87' lang='lat' dir='ltr'><strong>collectum‚</strong></span> <span class='ocrx_word' id='word_1_127' title='bbox 452 2659 585 2728; x_wconf 88' lang='lat' dir='ltr'><strong>caninis</strong></span> <span class='ocrx_word' id='word_1_128' title='bbox 607 2659 775 2729; x_wconf 85' lang='lat' dir='ltr'><strong>uberibus</strong></span> <span class='ocrx_word' id='word_1_129' title='bbox 797 2660 997 2740; x_wconf 87' lang='lat' dir='ltr'><strong>educatum,</strong></span> <span class='ocrx_word' id='word_1_130' title='bbox 1019 2658 1165 2729; x_wconf 83' lang='lat' dir='ltr'><strong>Chironi</strong></span> 
     </span>
     <span class='ocr_line' id='line_1_21' title="bbox 119 2773 1165 2866; baseline -0.001 -23"><span class='ocrx_word' id='word_1_131' title='bbox 119 2777 158 2843; x_wconf 90' lang='lat' dir='ltr'><strong>in</strong></span> <span class='ocrx_word' id='word_1_132' title='bbox 184 2774 403 2866; x_wconf 83' lang='lat' dir='ltr'><strong>disciplinam</strong></span> <span class='ocrx_word' id='word_1_133' title='bbox 428 2775 562 2844; x_wconf 91' lang='lat' dir='ltr'><strong>datum.</strong></span> <span class='ocrx_word' id='word_1_134' title='bbox 614 2773 685 2844; x_wconf 93' lang='lat' dir='ltr'><strong>Hic</strong></span> <span class='ocrx_word' id='word_1_135' title='bbox 714 2774 882 2865; x_wconf 89' lang='lat' dir='ltr'><strong>Epidauri</strong></span> <span class='ocrx_word' id='word_1_136' title='bbox 913 2782 1070 2842; x_wconf 87' lang='lat' dir='ltr'><strong>moratus</strong></span> <span class='ocrx_word' id='word_1_137' title='bbox 1100 2783 1165 2854; x_wconf 87' lang='lat' dir='ltr'><strong>est,</strong></span> 
     </span>
     <span class='ocr_line' id='line_1_22' title="bbox 121 2888 1165 2982; baseline -0.003 -23"><span class='ocrx_word' id='word_1_138' title='bbox 121 2889 322 2981; x_wconf 83' lang='lat' dir='ltr'><strong>Cynosuris,</strong></span> <span class='ocrx_word' id='word_1_139' title='bbox 348 2897 389 2959; x_wconf 93' lang='lat' dir='ltr'><strong>ut</strong></span> <span class='ocrx_word' id='word_1_140' title='bbox 418 2889 544 2959; x_wconf 88' lang='lat' dir='ltr'><strong>Cicero</strong></span> <span class='ocrx_word' id='word_1_141' title='bbox 572 2890 633 2970; x_wconf 90' lang='lat' dir='ltr'><strong>ait,</strong></span> <span class='ocrx_word' id='word_1_142' title='bbox 657 2888 824 2982; x_wconf 89' lang='lat' dir='ltr'><strong>sepultus,</strong></span> <span class='ocrx_word' id='word_1_143' title='bbox 855 2911 938 2957; x_wconf 89' lang='lat' dir='ltr'><strong>cum</strong></span> <span class='ocrx_word' id='word_1_144' title='bbox 968 2897 1061 2958; x_wconf 89' lang='lat' dir='ltr'><strong>esset</strong></span> <span class='ocrx_word' id='word_1_145' title='bbox 1089 2889 1165 2957; x_wconf 89' lang='lat' dir='ltr'><strong>ictu</strong></span> 
     </span>
     <span class='ocr_line' id='line_1_23' title="bbox 120 3002 1167 3096; baseline -0.002 -22"><span class='ocrx_word' id='word_1_146' title='bbox 120 3004 279 3075; x_wconf 88' lang='lat' dir='ltr'><strong>fulminis</strong></span> <span class='ocrx_word' id='word_1_147' title='bbox 303 3007 523 3075; x_wconf 90' lang='lat' dir='ltr'><strong>interemtus.</strong></span> <span class='ocrx_word' id='word_1_148' title='bbox 576 3002 707 3096; x_wconf 88' lang='lat' dir='ltr'><strong>Apollo</strong></span> <span class='ocrx_word' id='word_1_149' title='bbox 729 3013 851 3073; x_wconf 90' lang='lat' dir='ltr'><strong>autem</strong></span> <span class='ocrx_word' id='word_1_150' title='bbox 875 3013 977 3095; x_wconf 86' lang='lat' dir='ltr'><strong>pater</strong></span> <span class='ocrx_word' id='word_1_151' title='bbox 999 3005 1074 3095; x_wconf 89' lang='lat' dir='ltr'><strong>ejus</strong></span> <span class='ocrx_word' id='word_1_152' title='bbox 1094 3018 1167 3072; x_wconf 86' lang='lat' dir='ltr'><strong>non</strong></span> 
     </span>
     <span class='ocr_line' id='line_1_24' title="bbox 121 3119 1167 3214; baseline -0.004 -23"><span class='ocrx_word' id='word_1_153' title='bbox 121 3122 333 3214; x_wconf 84' lang='lat' dir='ltr'><strong>dedignatus</strong></span> <span class='ocrx_word' id='word_1_154' title='bbox 366 3127 420 3189; x_wconf 88' lang='lat' dir='ltr'><strong>est</strong></span> <span class='ocrx_word' id='word_1_155' title='bbox 449 3119 605 3189; x_wconf 90' lang='lat' dir='ltr'><strong>alienum</strong></span> <span class='ocrx_word' id='word_1_156' title='bbox 638 3141 782 3211; x_wconf 85' lang='lat' dir='ltr'><strong>gregem</strong></span> <span class='ocrx_word' id='word_1_157' title='bbox 815 3142 968 3210; x_wconf 86' lang='lat' dir='ltr'><strong>pascere,</strong></span> <span class='ocrx_word' id='word_1_158' title='bbox 1001 3125 1043 3188; x_wconf 90' lang='lat' dir='ltr'><strong>ut</strong></span> <span class='ocrx_word' id='word_1_159' title='bbox 1075 3119 1167 3188; x_wconf 88' lang='lat' dir='ltr'><strong>acci-</strong></span> 
     </span>
     <span class='ocr_line' id='line_1_25' title="bbox 120 3233 1167 3327; baseline -0.002 -23"><span class='ocrx_word' id='word_1_160' title='bbox 120 3243 224 3327; x_wconf 88' lang='lat' dir='ltr'><strong>peret</strong></span> <span class='ocrx_word' id='word_1_161' title='bbox 241 3257 409 3305; x_wconf 89' lang='lat' dir='ltr'><strong>uxorem:</strong></span> <span class='ocrx_word' id='word_1_162' title='bbox 435 3242 474 3303; x_wconf 93' lang='lat' dir='ltr'><strong>et</strong></span> <span class='ocrx_word' id='word_1_163' title='bbox 496 3233 667 3302; x_wconf 86' lang='lat' dir='ltr'><strong>dilectum</strong></span> <span class='ocrx_word' id='word_1_164' title='bbox 690 3255 838 3324; x_wconf 90' lang='lat' dir='ltr'><strong>puerum</strong></span> <span class='ocrx_word' id='word_1_165' title='bbox 856 3255 938 3303; x_wconf 89' lang='lat' dir='ltr'><strong>cum</strong></span> <span class='ocrx_word' id='word_1_166' title='bbox 961 3233 1167 3325; x_wconf 85' lang='lat' dir='ltr'><strong>peremisset</strong></span> 
     </span>
     <span class='ocr_line' id='line_1_26' title="bbox 121 3347 1166 3442; baseline 0 -24"><span class='ocrx_word' id='word_1_167' title='bbox 121 3351 337 3442; x_wconf 88' lang='lat' dir='ltr'><strong>imprudens,</strong></span> <span class='ocrx_word' id='word_1_168' title='bbox 360 3351 514 3442; x_wconf 91' lang='lat' dir='ltr'><strong>gemitus</strong></span> <span class='ocrx_word' id='word_1_169' title='bbox 532 3370 613 3419; x_wconf 88' lang='lat' dir='ltr'><strong>suos</strong></span> <span class='ocrx_word' id='word_1_170' title='bbox 636 3348 811 3439; x_wconf 83' lang='lat' dir='ltr'><strong>inscripsit</strong></span> <span class='ocrx_word' id='word_1_171' title='bbox 833 3348 871 3416; x_wconf 92' lang='lat' dir='ltr'><strong>in</strong></span> <span class='ocrx_word' id='word_1_172' title='bbox 894 3347 990 3418; x_wconf 89' lang='lat' dir='ltr'><strong>flore.</strong></span> <span class='ocrx_word' id='word_1_173' title='bbox 1043 3347 1166 3431; x_wconf 89' lang='lat' dir='ltr'><strong>Marti,</strong></span> 
     </span>
     <span class='ocr_line' id='line_1_27' title="bbox 123 3462 1168 3554; baseline 0 -22"><span class='ocrx_word' id='word_1_174' title='bbox 123 3463 200 3532; x_wconf 84' lang='lat' dir='ltr'><strong>viro</strong></span> <span class='ocrx_word' id='word_1_175' title='bbox 228 3464 428 3546; x_wconf 86' lang='lat' dir='ltr'><strong>fortissimo,</strong></span> <span class='ocrx_word' id='word_1_176' title='bbox 458 3462 622 3534; x_wconf 89' lang='lat' dir='ltr'><strong>adulterii</strong></span> <span class='ocrx_word' id='word_1_177' title='bbox 651 3464 785 3534; x_wconf 83' lang='lat' dir='ltr'><strong>crimen</strong></span> <span class='ocrx_word' id='word_1_178' title='bbox 812 3486 883 3532; x_wconf 92' lang='lat' dir='ltr'><strong>non</strong></span> <span class='ocrx_word' id='word_1_179' title='bbox 913 3462 1036 3542; x_wconf 86' lang='lat' dir='ltr'><strong>defuit,</strong></span> <span class='ocrx_word' id='word_1_180' title='bbox 1061 3464 1168 3554; x_wconf 87' lang='lat' dir='ltr'><strong>siqui-</strong></span> 
     </span>
     <span class='ocr_line' id='line_1_28' title="bbox 123 3576 1166 3667; baseline -0.001 -19"><span class='ocrx_word' id='word_1_181' title='bbox 123 3579 209 3648; x_wconf 92' lang='lat' dir='ltr'><strong>dem</strong></span> <span class='ocrx_word' id='word_1_182' title='bbox 234 3579 367 3647; x_wconf 83' lang='lat' dir='ltr'><strong>oatenis</strong></span> <span class='ocrx_word' id='word_1_183' title='bbox 392 3601 475 3647; x_wconf 86' lang='lat' dir='ltr'><strong>cum</strong></span> <span class='ocrx_word' id='word_1_184' title='bbox 500 3577 661 3647; x_wconf 89' lang='lat' dir='ltr'><strong>adultera</strong></span> <span class='ocrx_word' id='word_1_185' title='bbox 687 3579 826 3646; x_wconf 86' lang='lat' dir='ltr'><strong>vinctus</strong></span> <span class='ocrx_word' id='word_1_186' title='bbox 855 3576 1056 3667; x_wconf 84' lang='lat' dir='ltr'><strong>spectaculo</strong></span> <span class='ocrx_word' id='word_1_187' title='bbox 1085 3577 1166 3647; x_wconf 86' lang='lat' dir='ltr'><strong>fuit.</strong></span> 
     </span>
     <span class='ocr_line' id='line_1_29' title="bbox 125 3690 1170 3784; baseline 0.001 -23"><span class='ocrx_word' id='word_1_188' title='bbox 125 3691 253 3762; x_wconf 85' lang='lat' dir='ltr'><strong>Castor</strong></span> <span class='ocrx_word' id='word_1_189' title='bbox 269 3701 307 3760; x_wconf 89' lang='lat' dir='ltr'><strong>et</strong></span> <span class='ocrx_word' id='word_1_190' title='bbox 323 3690 454 3762; x_wconf 89' lang='lat' dir='ltr'><strong>Pollux</strong></span> <span class='ocrx_word' id='word_1_191' title='bbox 477 3692 608 3764; x_wconf 85' lang='lat' dir='ltr'><strong>alienas</strong></span> <span class='ocrx_word' id='word_1_192' title='bbox 624 3715 767 3784; x_wconf 85' lang='lat' dir='ltr'><strong>sponsas</strong></span> <span class='ocrx_word' id='word_1_193' title='bbox 783 3715 854 3762; x_wconf 92' lang='lat' dir='ltr'><strong>non</strong></span> <span class='ocrx_word' id='word_1_194' title='bbox 877 3692 1022 3784; x_wconf 91' lang='lat' dir='ltr'><strong>impune</strong></span> <span class='ocrx_word' id='word_1_195' title='bbox 1044 3715 1170 3783; x_wconf 93' lang='lat' dir='ltr'><strong>rapue-</strong></span> 
     </span>
     <span class='ocr_line' id='line_1_30' title="bbox 124 3804 1170 3898; baseline 0 -23"><span class='ocrx_word' id='word_1_196' title='bbox 124 3814 220 3884; x_wconf 88' lang='lat' dir='ltr'><strong>runt,</strong></span> <span class='ocrx_word' id='word_1_197' title='bbox 246 3827 334 3898; x_wconf 91' lang='lat' dir='ltr'><strong>quos</strong></span> <span class='ocrx_word' id='word_1_198' title='bbox 360 3804 539 3876; x_wconf 88' lang='lat' dir='ltr'><strong>Homerus</strong></span> <span class='ocrx_word' id='word_1_199' title='bbox 564 3830 636 3877; x_wconf 92' lang='lat' dir='ltr'><strong>non</strong></span> <span class='ocrx_word' id='word_1_200' title='bbox 661 3806 799 3898; x_wconf 72' lang='lat' dir='ltr'><strong>poetica</strong></span> <span class='ocrx_word' id='word_1_201' title='bbox 829 3807 892 3875; x_wconf 89' lang='lat' dir='ltr'><strong>sed</strong></span> <span class='ocrx_word' id='word_1_202' title='bbox 921 3806 1070 3897; x_wconf 84' lang='lat' dir='ltr'><strong>simplici</strong></span> <span class='ocrx_word' id='word_1_203' title='bbox 1096 3804 1170 3875; x_wconf 91' lang='lat' dir='ltr'><strong>fide</strong></span> 
     </span>
     <span class='ocr_line' id='line_1_31' title="bbox 124 3919 1169 4013; baseline 0.004 -23"><span class='ocrx_word' id='word_1_204' title='bbox 124 3931 285 3992; x_wconf 89' lang='lat' dir='ltr'><strong>mortuos</strong></span> <span class='ocrx_word' id='word_1_205' title='bbox 315 3920 540 4013; x_wconf 88' lang='lat' dir='ltr'><strong>sepultosque</strong></span> <span class='ocrx_word' id='word_1_206' title='bbox 573 3929 735 3992; x_wconf 86' lang='lat' dir='ltr'><strong>testatur.</strong></span> <span class='ocrx_word' id='word_1_207' title='bbox 786 3920 997 4001; x_wconf 87' lang='lat' dir='ltr'><strong>Mercurius,</strong></span> <span class='ocrx_word' id='word_1_208' title='bbox 1027 3919 1087 4010; x_wconf 93' lang='lat' dir='ltr'><strong>qui</strong></span> <span class='ocrx_word' id='word_1_209' title='bbox 1121 3921 1169 3994; x_wconf 85' lang='lat' dir='ltr'><strong>de</strong></span> 
     </span>
     <span class='ocr_line' id='line_1_32' title="bbox 125 4032 1267 4128; baseline 0 -23"><span class='ocrx_word' id='word_1_210' title='bbox 125 4044 249 4127; x_wconf 90' lang='lat' dir='ltr'><strong>stupro</strong></span> <span class='ocrx_word' id='word_1_211' title='bbox 271 4035 422 4105; x_wconf 90' lang='lat' dir='ltr'><strong>Veneris</strong></span> <span class='ocrx_word' id='word_1_212' title='bbox 444 4037 569 4128; x_wconf 89' lang='lat' dir='ltr'><strong>genuit</strong></span> <span class='ocrx_word' id='word_1_213' title='bbox 591 4035 860 4126; x_wconf 83' lang='lat' dir='ltr'><strong>Androgynum,</strong></span> <span class='ocrx_word' id='word_1_214' title='bbox 884 4032 970 4104; x_wconf 91' lang='lat' dir='ltr'><strong>deus</strong></span> <span class='ocrx_word' id='word_1_215' title='bbox 993 4056 1069 4104; x_wconf 88' lang='lat' dir='ltr'><strong>esse</strong></span> <span class='ocrx_word' id='word_1_216' title='bbox 1094 4058 1168 4106; x_wconf 89' lang='lat' dir='ltr'><strong>me-</strong></span> <span class='ocrx_word' id='word_1_217' title='bbox 1261 4113 1267 4122; x_wconf 51' lang='lat'>‚</span> 
     </span>
     <span class='ocr_line' id='line_1_33' title="bbox 124 4145 1168 4242; baseline 0.003 -22"><span class='ocrx_word' id='word_1_218' title='bbox 124 4151 208 4234; x_wconf 90' lang='lat' dir='ltr'><strong>ruit,</strong></span> <span class='ocrx_word' id='word_1_219' title='bbox 225 4149 308 4242; x_wconf 88' lang='lat' dir='ltr'><strong>quia</strong></span> <span class='ocrx_word' id='word_1_220' title='bbox 324 4148 434 4240; x_wconf 83' lang='lat' dir='ltr'><strong>lyram</strong></span> <span class='ocrx_word' id='word_1_221' title='bbox 452 4150 581 4241; x_wconf 89' lang='lat' dir='ltr'><strong>reperit</strong></span> <span class='ocrx_word' id='word_1_222' title='bbox 602 4158 641 4219; x_wconf 91' lang='lat' dir='ltr'><strong>et</strong></span> <span class='ocrx_word' id='word_1_223' title='bbox 662 4145 870 4240; x_wconf 75' lang='lat' dir='ltr'><strong>palestram.</strong></span> <span class='ocrx_word' id='word_1_224' title='bbox 922 4147 1030 4222; x_wconf 84' lang='lat' dir='ltr'><strong>Liber</strong></span> <span class='ocrx_word' id='word_1_225' title='bbox 1049 4145 1168 4236; x_wconf 85' lang='lat' dir='ltr'><strong>Pater,</strong></span> 
     </span>
    </p>
   </div>
   <div class='ocr_carea' id='block_1_5' title="bbox 0 0 1454 4817">
    <p class='ocr_par' dir='ltr' id='par_1_5' title="bbox 0 0 1454 4817">
     <span class='ocr_line' id='line_1_34' title="bbox 0 0 1454 4817; baseline 0 0"><span class='ocrx_word' id='word_1_226' title='bbox 0 0 1454 4817; x_wconf 95' lang='lat' dir='ltr'><strong> </strong></span> 
     </span>
    </p>
   </div>
  </div>
 </body>
</html>
