2867 4817
249 378 253 385 .
326 322 391 385 DE
415 322 820 389 PRAESCRIPTIONE
844 324 969 389 HAER.
1110 324 1174 387 155

122 494 183 566 Dei
202 495 393 567 voluntate
417 497 616 589 dispositos,
638 506 681 567 nt
702 495 877 569 haercticis
902 497 1067 567 materias
1093 496 1175 567 sub-

120 613 370 697 ministrarent,
387 636 472 683 cum
489 613 617 708 legum,
635 622 799 706 oportere
816 613 970 682 haereses
988 634 1074 696 esse,
1091 636 1173 705 quae

118 731 189 801 sine
205 731 393 823 seripturis
409 754 488 801 esse
503 754 576 801 uon
592 738 751 823 possunt.

163 846 238 917 Sed
283 849 469 940 quaeritur,
504 871 526 918 a
567 872 637 940 quo
679 846 884 918 intellectus
922 847 1335 923 intervertaturcsrmn.

95 986 251 1051 ssorum,
269 987 353 1055 quae
378 966 424 1034 ad
448 964 599 1035 haereses
624 962 781 1035 facienti
808 961 844 1032 A
862 963 1003 1035 diabolo
1027 964 1172 1050 scilicet,

117 1081 214 1171 cnjus
231 1087 320 1149 sunt
342 1088 463 1173 partes
485 1081 741 1150 intervertendi
758 1082 967 1153 veritatem:
993 1083 1054 1174 qui
1080 1084 1172 1176 ipsas

117 1219 258 1288 quoque
288 1220 346 1267 res
373 1205 675 1267 sacramentorum
701 1198 900 1268 divinornm
931 1199 968 1268 in
996 1197 1171 1270 idolorum

115 1314 294 1405 mysteriis
310 1312 513 1384 aemulatur.
559 1313 685 1407 Tingit
701 1322 740 1383 et
758 1316 832 1406 ipse
849 1316 1030 1405 quosdam,
1049 1316 1172 1408 utique

115 1430 303 1499 credentes
323 1440 362 1501 et
387 1428 512 1500 fideles
542 1452 642 1501 nuos:
669 1432 929 1523 expositionem
960 1431 1172 1502 delictorum

77 1548 157 1617 rode
188 1546 333 1618 lavaero
360 1548 597 1640 repromittit:
623 1557 661 1617 et
685 1549 714 1618 si
736 1547 852 1618 adhuc
877 1548 996 1617 initiat
1025 1546 1172 1639 Mithra,

114 1664 233 1757 signet
267 1662 342 1733 illic
368 1665 407 1733 in
437 1663 612 1735 frontibus
641 1664 775 1734 milites
804 1686 912 1733 suos:
949 1662 1105 1735 celebrat
1135 1674 1173 1736 et

114 1782 215 1872 panis
250 1780 492 1863 oblationem3
530 1790 568 1851 et
595 1782 788 1875 imaginem
822 1782 1087 1852 resurrectionis
1120 1782 1173 1851 in-

114 1896 226 1980 ducit,
245 1907 284 1967 et
301 1898 368 1967 sub
393 1896 513 1990 gladio
538 1899 680 1968 redimit
697 1920 876 1967 eoronam.
928 1897 1049 1982 Quid?
1076 1900 1171 1990 quod

114 2020 150 2081 et
185 2034 371 2082 summum
405 2012 610 2105 pontificem
645 2017 681 2085 iu
722 2015 801 2083 unis
842 2014 974 2106 nuptiis
1014 2014 1171 2085 statuit?

75 2126 241 2219 15Habet
268 2140 307 2199 et
324 2130 497 2222 virgines3
523 2130 691 2201 habetet
714 2131 949 2201 continentes.
1001 2130 1170 2202 Ceterum

113 2245 140 2313 si
178 2244 320 2313 Numae
355 2244 521 2338 Pompilii
561 2247 830 2339 superstitiones
864 2246 1107 2332 revolvemus3
1141 2250 1171 2321 si

111 2362 350 2434 sacerdotalia
378 2362 504 2447 officia,
529 2365 681 2459 insignia
710 2372 748 2434 et
770 2363 963 2457 privilegia,
987 2367 1016 2435 si
1043 2366 1171 2435 sacrifi-

111 2482 276 2551 cantium
299 2481 505 2563 ministeria,
523 2488 561 2551 et
586 2483 824 2551 instrumento
846 2490 883 2552 et
906 2504 988 2551 vasa
1014 2482 1168 2573 ipsorum

111 2598 377 2680 sacrificiorum,
394 2620 436 2667 ac
461 2597 682 2691 piaculorum
705 2607 744 2668 et
761 2606 925 2667 votorum
947 2599 1168 2669 curiositates

68 2715 412 2797 zoconsideremus3
455 2738 572 2785 nonne
606 2716 795 2785 manifeste
830 2712 991 2786 diabolus
1025 2716 1169 2786 morosi-

110 2840 227 2902 tatem
260 2830 359 2901 illam
388 2830 551 2903 Judaicae
579 2832 667 2926 legis
695 2832 856 2902 imitatus
882 2831 961 2903 esti
988 2832 1059 2917 Qui
1084 2854 1168 2926 ergo

109 2951 206 3041 ipsas
222 2972 291 3031 res,
310 2950 355 3019 de
380 2948 508 3041 quibus
531 2957 751 3019 sacramente
772 2948 905 3019 Christi
923 2947 1169 3019 administren-

110 3074 182 3150 tur,
200 3077 277 3137 tam
305 3065 513 3135 aemnlanter
531 3065 711 3135 affectavit
729 3066 938 3157 exprimere,
957 3064 994 3134 in
1017 3065 1169 3157 negotiis

110 3182 347 3265 idololatriae3
364 3184 488 3275 utique
505 3191 543 3251 et
559 3182 655 3252 idem
673 3190 711 3252 et
729 3182 856 3251 eodem
873 3180 1016 3273 ingenio
1033 3181 1165 3273 gestiit,

66 3310 151 3382 25et
176 3299 298 3393 potuit
326 3300 562 3368 instrumenta
591 3321 733 3390 quoque
757 3297 954 3367 divinorum
979 3319 1106 3379 rerum,
1129 3305 1168 3366 et

110 3427 319 3487 anctorum
346 3412 405 3504 (ul.
435 3422 748 3486 sacramentorum.
784 3410 861 3483 Vid.
884 3416 969 3506 not.)
998 3411 1168 3483 Christia-

109 3557 252 3615 norum,
274 3556 417 3602 sensum
448 3531 492 3602 de
520 3530 690 3612 sensibus,
714 3532 823 3601 verba
849 3531 894 3601 de
918 3530 1044 3610 verbis,
1068 3552 1168 3621 paru·

111 3649 214 3719 bolas
240 3650 287 3719 de
313 3646 497 3739 parabolis,
519 3647 674 3739 proianae
697 3654 735 3715 et
757 3644 899 3717 aemulae
925 3645 1007 3715 fidei
1037 3652 1167 3714 attem-

110 3790 248 3859 perare.
311 3764 360 3834 Et
392 3764 483 3846 ideo,
518 3786 635 3855 neque
668 3786 691 3833 a
725 3760 865 3833 diabolo
899 3761 1057 3831 immisso
1089 3776 1308 3841 cssellphaw'.

61 3915 102 3971 30
111 3882 286 3976 spiritalia
319 3882 499 3973 nequitiae,
529 3903 577 3951 cx
611 3880 741 3972 quibus
777 3880 886 3949 etiam
920 3878 1073 3948 haereses
1108 3900 1167 3947 ve-

111 4000 229 4081 niunt,
259 3999 424 4069 dubitare
457 3998 536 4090 quis
566 3997 702 4079 debet3
740 4019 855 4087 neque
888 3995 934 4067 ab
969 3994 1167 4065 idololatria

111 4116 248 4186 distare
272 4116 432 4197 hereses
449 4137 561 4207 quum
585 4122 623 4184 et
640 4114 803 4195 auctoris,
822 4122 859 4183 et
877 4115 990 4206 operis
1008 4111 1165 4203 ejusdem

111 4234 201 4313 sint,
224 4232 325 4324 cnjus
351 4240 390 4302 et
412 4230 621 4303 idololatria.
675 4228 793 4300 Deum
815 4238 877 4303 cut
900 4230 1040 4323 fingunt
1057 4228 1166 4299 olium

608 4354 676 4417 xil
