2867 4817
461 298 608 364 LIBER
631 299 825 365 PRIMUS.
1099 287 1164 367 2¹68

116 471 306 543 doctomm
338 472 515 543 daemonas
544 473 699 567 appellat
729 482 768 545 et
794 475 930 557 heroas,
959 497 1032 545 non
1061 482 1164 546 nosse

3 681 9 687 Ι
116 587 287 672 coelestia,
317 596 354 659 et
381 590 419 659 in
444 588 510 661 hac
539 613 656 662 rerum
682 592 831 662 materia
853 592 1021 662 crassiore
1043 591 1165 663 condi-

116 707 227 777 tionis
244 730 317 777 suae
334 715 427 778 sorte
445 716 585 777 exortes
602 708 743 779 versari.

170 824 314 897 XXIV.
338 822 469 895 Vestra
494 833 577 895 sunt
604 824 693 907 haec,
718 836 836 895 vestra
860 832 944 896 sunt
970 822 1165 918 irreligiose

118 941 272 1033 opinata,
289 950 327 1012 et
351 940 575 1036 irreligiosius
596 942 739 1012 credita.
790 940 968 1025 Quinimo‚
988 949 1031 1011 ut
1046 942 1164 1011 verius

118 1056 316 1151 proloquar,
333 1058 533 1151 haruspices
554 1057 618 1129 has
641 1056 788 1140 fabulas,
805 1058 1034 1150 conjectores,
1052 1056 1162 1140 arioli,

120 1183 231 1259 vates,
255 1184 292 1246 et
316 1197 495 1267 nunquam
520 1196 591 1245 non
616 1175 696 1245 vani
720 1175 973 1245 concinnavere
997 1174 1162 1245 fanatici:

121 1290 184 1382 qui
201 1314 246 1361 ne
263 1313 336 1362 suae
353 1300 445 1362 artes
468 1292 653 1373 intereant,
670 1314 711 1361 ac
728 1313 774 1361 ne
791 1292 899 1383 stipes
916 1293 1062 1387 exiguas
1080 1313 1164 1361 con-

120 1404 313 1478 sultoribus
339 1410 521 1480 excutiant
539 1409 616 1500 jam
641 1408 738 1492 raris,
763 1407 793 1478 si
818 1410 957 1498 quando
980 1430 1043 1480 vos
1068 1406 1162 1479 velle

122 1546 199 1594 rem
229 1525 348 1596 venire
377 1526 414 1595 in
443 1526 610 1596 invidiam
640 1532 897 1617 compererim,
927 1525 1162 1621 indignantur,

123 1640 352 1735 negliguntur
363 1641 412 1711 dii
425 1640 608 1712 clamitant
624 1647 732 1734 atque
748 1641 786 1711 in
798 1641 939 1734 templis
949 1641 1027 1733 jam
1039 1642 1174 1713 raritas

124 1778 263 1827 summa
301 1764 364 1826 est.
424 1756 553 1827 Jacent
590 1758 744 1850 antiquae
784 1757 913 1829 derisui
950 1757 1162 1840 cerimoniis,

124 1882 164 1945 et
203 1886 378 1945 sacromm
417 1874 593 1967 quondam
626 1875 803 1943 veterrimi
831 1875 920 1944 ritus
952 1873 1163 1968 religionum

125 2013 295 2061 novarum
317 1990 621 2084 superstitionibus
648 1991 862 2073 occiderunt,
885 1991 1012 2060 merito
1040 1989 1171 2061 huma--

125 2130 213 2178 num
238 2130 349 2201 genus
375 2115 431 2178 tot
454 2107 673 2179 miseriarum
699 2108 870 2201 angustiis
897 2108 1077 2201 premitur,
1108 2116 1164 2178 tot

126 2224 285 2296 labomm
303 2225 525 2295 excruciatur
546 2225 718 2296 aerumnis
770 2224 820 2295 Et
841 2224 1001 2295 homines
1017 2223 1162 2295 brutum

126 2365 247 2437 genus,
264 2350 302 2413 et
319 2342 412 2433 quod
436 2342 544 2413 situm
567 2342 632 2414 sub
655 2339 789 2412 lumine
806 2349 870 2424 est,
888 2342 1050 2413 caecitate
1066 2342 1163 2437 inge-

126 2460 203 2533 nita
230 2467 448 2552 nequeuntes
477 2460 604 2542 videre,
639 2458 771 2529 audent
804 2480 1000 2529 asseverare
1033 2458 1163 2542 lirriosi,

127 2576 222 2670 quod
238 2600 300 2648 vos
317 2578 459 2649 credere
475 2600 547 2647 non
563 2575 768 2647 erubescitis
784 2576 869 2646 sani.

178 2693 304 2767 XXV.
331 2692 387 2765 Ac
407 2718 452 2765 ne
472 2694 549 2788 quis
573 2717 636 2766 nos
661 2702 782 2765 tamen
806 2691 1000 2763 diffidentia
1023 2715 1166 2786 respon-

127 2811 245 2895 sionis,
262 2810 525 2903 tranquillitatis
548 2810 728 2881 existimet
748 2810 833 2878 deos
857 2808 988 2879 donam
1011 2810 1171 2879 muneri·

127 2928 203 3012 bus,
229 2928 389 2999 innoxias
413 2928 579 3022 affingere
603 2926 658 2997 his
683 2934 833 3008 mentes,
857 2933 964 3017 atque
992 2927 1038 2996 ab
1062 2928 1164 3009 ¹omni

127 3044 390 3137 perturbatione
419 3044 589 3127 dimotas3
625 3043 868 3125 concedamus,
898 3045 990 3114 sicut
1021 3043 1164 3115 libitum

128 3160 227 3231 vobis
244 3169 309 3244 est,
327 3158 509 3231 intendere
525 3160 563 3229 in
580 3182 643 3232 nos
659 3159 737 3243 iras,
751 3160 962 3254 sanguinem·
973 3158 1054 3231 illos
1066 3161 1164 3232 sitire

127 3285 293 3359 nostram,
319 3286 357 3347 et
375 3276 587 3369 jamdudum
613 3298 677 3347 nos
699 3300 828 3370 cupere
851 3275 1053 3348 mortalium
1082 3276 1165 3348 sub·

127 3414 270 3463 movere
292 3393 337 3462 de
362 3391 498 3463 seculis.
550 3390 621 3463 Sed
646 3394 675 3464 si
698 3416 770 3463 non
795 3401 851 3463 est
871 3390 1072 3476 molestum,
1092 3416 1165 3463 non

127 3530 243 3603 grave,
261 3510 290 3580 si
307 3510 503 3581 communis
524 3509 629 3581 officii
652 3533 707 3581 res
724 3519 788 3593 est,
805 3532 878 3580 non
894 3533 940 3581 ex
962 3510 1084 3604 gretia,
1102 3510 1164 3582 sed

128 3649 174 3697 ex
208 3650 291 3698 vero
320 3627 582 3720 disceptationis
614 3627 718 3722 hujus
749 3629 943 3721 disceptare
972 3635 1164 3711 momenta,

127 3742 249 3815 audire
273 3767 295 3813 a
319 3743 417 3815 vobis
442 3744 673 3837 exposcimus,
699 3766 860 3837 quoenam
887 3744 933 3814 sit
961 3742 1036 3813 haee
1064 3743 1163 3827 ratio,

128 3884 205 3953 quae
218 3884 331 3945 eausa,
344 3867 604 3955 propterquam
621 3860 658 3931 in
669 3882 734 3932 nos
745 3868 887 3931 tantum
899 3866 937 3930 et
950 3858 999 3929 dii
1016 3860 1164 3931 saeviant

127 3978 253 4073 superi,
271 3986 309 4049 et
325 3979 475 4072 asperati
491 3978 651 4050 homines
667 3978 898 4049 inardescant.
950 3976 1163 4073 Religiones,

128 4096 301 4189 inquiunt,
322 4096 456 4189 impias,
473 4105 580 4189 atque
602 4094 778 4168 inauditos
802 4095 919 4167 cultus
936 4103 1113 4166 terrarum*
1126 4098 1165 4167 in

128 4212 213 4283 orbe
242 4213 410 4285 tractatis.
463 4213 557 4298 Quid
588 4211 611 4283 ὃ
638 4213 826 4306 participes
854 4211 999 4285 rationis
1027 4214 1166 4285 audetis
