2867 4817
216 272 349 337 APUD
373 272 645 339 CONCILIUM
671 272 1076 339 CHALCEDONIUM.
1131 276 1174 339 83

120 442 372 521 immutabiliter,
396 443 538 522 indivise,
559 443 814 530 inseparabiliter
834 444 1078 530 agnoscendum,
1099 466 1172 510 nus-

120 568 219 630 quam
233 546 360 611 sublata
374 547 513 611 essentia
529 554 717 612 naturarum
738 554 870 633 propter
883 546 1040 625 unionem,
1055 547 1171 633 megis-

119 670 185 734 que
220 650 308 714 salva
344 650 541 737 proprietate
574 650 739 736 utriusque
773 660 907 728 nature,
941 657 975 715 et
1006 650 1040 713 in
1073 672 1169 715 unam

117 774 298 837 personam,
322 760 420 839 atque
443 752 647 818 existentiam
672 759 923 829 concurrentem,
946 774 1009 815 non
1034 752 1067 815 in
1089 752 1169 817 dues

81 867 272 939 spersonas
307 854 474 940 partitum,
503 860 602 940 atque
635 854 781 928 divisum,
810 875 913 939 neque
948 853 1166 939 disjunctum,

117 957 177 1020 sed
198 978 306 1034 unum,
322 964 356 1022 et
376 958 513 1021 eundem
535 957 652 1021 Filium
666 956 887 1043 Unigenitum,
903 955 1008 1021 Deum
1023 955 1169 1021 Verbum

118 1054 234 1120 Jesum
255 1056 429 1135 Christum,
444 1057 528 1122 sicut
548 1065 626 1123 ante
646 1058 811 1144 prophetes
837 1057 877 1123 de
900 1081 949 1136 eo,
964 1064 998 1123 et
1019 1057 1087 1143 ipso
1108 1080 1167 1123 nos

117 1158 143 1223 J
143 1180 217 1223 esus
231 1158 377 1224 Christus
387 1158 535 1238 erudivit,
546 1168 580 1225 et
589 1168 719 1246 patmm
733 1160 823 1225 nobis
834 1161 1011 1246 symbolum
1021 1160 1166 1225 tradidit

119 1261 184 1326 His
198 1262 296 1348 igitur
309 1283 382 1327 cum
396 1262 482 1328 omni
503 1264 643 1348 undique
657 1264 803 1340 veritate,
819 1269 853 1328 et
867 1263 1042 1350 diligentia,
1057 1270 1092 1329 et
1106 1264 1166 1328 sol·

56 1363 282 1433 relicitudine
307 1388 328 1430 a
350 1365 443 1429 nobis
465 1365 622 1431 definitis:
646 1366 763 1431 statuit
784 1372 908 1445 sancta,
929 1372 963 1431 et
984 1367 1167 1433 universalis

118 1468 269 1553 synodus,
280 1468 416 1533 alteram
429 1467 525 1532 fidem
540 1469 616 1533 nulli
630 1468 724 1533 licere
738 1469 889 1553 prolerre,
899 1469 948 1535 vel
959 1469 1166 1551 conscribere,

117 1569 168 1634 vol
183 1592 381 1657 componere,
397 1572 446 1637 vel
460 1572 590 1648 sentire,
605 1573 655 1637 vel
676 1572 789 1637 dooere
811 1572 914 1637 aliter.
960 1572 1027 1637 Eos
1046 1580 1167 1652 autem,

118 1673 174 1758 qui
194 1674 264 1737 ausi
285 1682 360 1739 sunt
382 1696 569 1761 componere
590 1675 686 1739 lidem
707 1675 853 1753 alteram,
869 1680 927 1740 aut
941 1675 1093 1760 prolerre,
1109 1682 1168 1740 aut

117 1775 242 1851 docere,
258 1784 317 1841 ant
331 1778 460 1842 tradere
477 1777 614 1842 alterum
629 1776 806 1862 symbolum
821 1776 938 1841 volenti
952 1776 1001 1841 vel
1016 1776 1167 1855 converti,

59 1896 106 1953 15
116 1878 167 1943 vol
181 1900 222 1943 ex
235 1880 384 1965 gentibus
404 1880 448 1944 ad
469 1880 682 1965 cognitionem
696 1877 843 1944 veritatis
855 1878 971 1958 venire,
986 1879 1035 1944 vel
1054 1902 1093 1943 ex
1108 1878 1132 1941 J
1133 1902 1167 1943 u·

116 1980 205 2061 daeis,
221 1982 271 2045 vel
284 1983 398 2048 hoeresi
412 2003 609 2068 quacunque,
625 1982 653 2045 si
674 1981 814 2067 episcopi
836 1981 964 2061 luerint,
979 1987 1038 2046 aut
1052 1980 1166 2061 clerici,

115 2084 237 2149 alienos
251 2107 320 2149 esse
334 2085 498 2171 episcopos
512 2085 553 2148 ab
568 2084 764 2169 episcopatu,
782 2089 815 2148 et
830 2083 960 2149 clericos
974 2106 995 2148 a
1012 2084 1115 2160 cler03
1140 2084 1167 2149 si

115 2211 191 2253 vero
203 2188 360 2265 monachi,
374 2195 433 2254 aut
447 2188 519 2252 laici
533 2187 663 2265 luerint,
675 2186 950 2252 anathematizari.
983 2186 1167 2268 (Hactenus

115 2297 208 2357 vetus
224 2287 341 2355 Latina
354 2290 466 2367 versio,
482 2311 553 2375 quae
567 2312 589 2354 a
602 2311 654 2353 me
671 2290 841 2375 desumpta
860 2296 965 2353 estex
981 2288 1091 2354 Codice
1109 2288 1166 2353 Oa·

63 2408 228 2457 womaro
246 2392 347 2457 Veteri
359 2392 502 2456 Eccleciae
516 2393 663 2456 Rmoaae
677 2413 698 2455 a
711 2390 736 2453 J
737 2414 810 2456 oen.
821 2390 1044 2455 chdclstino
1055 2391 1165 2475 edito.)

118 2496 200 2561 Post
220 2494 388 2562 lectionem
407 2516 483 2560 vero
503 2494 697 2560 definitionis
720 2515 830 2559 omnes
853 2494 1079 2580 religiosissimi
1102 2496 1166 2582 epi·

117 2598 204 2684 scopi
233 2598 467 2663 clamaverunt:
506 2597 588 2663 Haeo
616 2597 696 2661 fides
725 2602 863 2682 patrum.
924 2597 1167 2683 Metropolitani

115 2702 212 2766 modo
226 2700 444 2765 subscribant:
468 2698 679 2786 praesentibus
700 2698 778 2783 ipsis
795 2697 955 2783 judicibus
976 2700 1072 2764 modo
1094 2700 1166 2765 sub·

115 2798 275 2869 scribant:
292 2826 363 2891 quae
376 2804 458 2868 bene
472 2802 604 2867 delinita
614 2810 700 2879 sunt,
711 2800 896 2866 dilationem
906 2822 969 2865 non
980 2801 1165 2887 suscipiant.

66 2908 200 2975 25Haeo
223 2907 302 2973 fides
324 2907 552 2993 apostolomm,
576 2905 649 2969 huie
672 2925 783 2969 omnes
807 2903 1032 2982 consentimus,
1057 2926 1166 2971 omnes

115 3116 284 3180 dixerunt:
309 3114 387 3195 Quae
401 3135 423 3178 a
437 3111 556 3177 sanctie
569 3110 716 3195 patribus
731 3114 857 3174 statuta
871 3113 955 3187 sunt,
971 3117 1005 3174 et
1020 3110 1166 3176 omnibus

116 3218 313 3305 placuenmt,
327 3213 498 3280 manifesta
511 3213 590 3277 fient
604 3232 696 3277 sacro
709 3209 830 3276 vertici.
