2867 4817
221 1170 274 1266 S.
313 1168 626 1269 CAECILII
661 1170 1042 1270 CYPRIANI

578 1408 683 1451 uana

170 1572 262 1656 DE
303 1570 681 1657 IDOLORUM
716 1572 1085 1658 VANITATE.

522 1812 751 1848 —0---

109 1990 206 2080 Quod
227 1992 326 2067 idola
348 1995 403 2067 dii
424 2022 493 2069 ooo
515 1998 587 2069 sint
597 2023 608 2078 ,·
634 2005 665 2069 ct
689 1994 782 2091 quod
801 1996 900 2068 Deam
921 2020 1010 2068 untts·
1026 1997 1073 2067 sit
1082 2022 1095 2077 ,·
1125 2005 1157 2068 et

84 2128 99 2183 5
190 2112 286 2206 quod
295 2137 363 2207 per
381 2110 559 2187 Christum
576 2112 669 2185 solus
686 2112 899 2185 credentibus
916 2110 998 2184 dcto
1013 2114 1070 2184 sit.

109 2282 135 2353 I.
159 2279 342 2432 DEOS
364 2312 436 2359 non
456 2312 533 2359 esse
558 2312 646 2381 quos
671 2289 758 2359 colit
775 2288 903 2383 vulgus
925 2288 1008 2359 hinc
1028 2297 1156 2361 notum

257 2414 335 2476 est:
361 2428 462 2499 reges
484 2405 570 2475 olim
594 2405 749 2487 fuerunt,
766 2406 827 2497 qui
845 2405 891 2476 ob
908 2404 1064 2499 regalem
1081 2428 1156 2476 me-

107 2524 251 2593 moriam
279 2520 350 2591 coli
377 2522 470 2615 apud
492 2543 573 2591 suos
595 2522 825 2613 postmodum
848 2522 957 2591 etiam
980 2522 1018 2591 in
1040 2529 1157 2593 morte

108 2646 301 2730 coepernnt.
353 2638 441 2707 Inde
464 2636 534 2707 illis
560 2638 726 2707 instituta
750 2638 894 2730 templa,
919 2638 1002 2707 inde
1027 2638 1071 2708 ad
1096 2638 1157 2709 de-

71 2752 311 2824 rofimctorum
327 2753 447 2824 multus
463 2777 528 2847 per
548 2755 741 2847 imaginem
759 2753 968 2823 detinendos
991 2774 1157 2844 expressa

108 2870 313 2953 simulacra3
358 2878 395 2940 et
424 2868 656 2941 immolabant
689 2869 833 2952 hostias,
867 2877 905 2939 et
939 2869 1013 2939 dies
1047 2869 1156 2940 festos

109 2990 205 3055 tanto
231 2986 366 3056 honore
389 2984 625 3056 celebrabant.
678 2984 769 3055 Inde
792 2986 940 3077 posteris
956 2984 1157 3055 factasunt

110 3121 202 3171 sacra
224 3124 308 3194 quae
333 3102 454 3193 primis
478 3101 619 3171 fuerant
644 3109 826 3193 assumpta
847 3100 982 3171 solatia.
1035 3100 1083 3170 Et
1106 3102 1158 3171 vi-

110 3216 252 3289 deamus
269 3241 315 3288 an
338 3220 384 3288 sit
401 3226 439 3287 ct
460 3216 539 3288 haec
562 3216 656 3308 apud
680 3215 837 3309 singulos
858 3217 996 3287 veritas.
1048 3215 1157 3287 Meli·

73 3368 100 3425 ¹5
111 3344 220 3407 certes
238 3342 277 3407 et
296 3333 501 3405 Leucothea
523 3333 791 3425 praecipitantur
806 3334 845 3403 in
867 3334 987 3414 maria,
1005 3341 1043 3402 et
1065 3332 1157 3403 fiunt

110 3452 336 3542 postmodum
361 3451 466 3521 maris
490 3450 647 3519 numina.
695 3448 860 3520 Castores
884 3447 1029 3519 alternis
1051 3450 1158 3519 mori·

111 3576 216 3638 untur
244 3576 288 3637 ut
316 3568 447 3637 vivant.
498 3565 721 3658 AEsoulapius
750 3574 791 3635 ut
821 3567 858 3635 in
885 3564 1005 3635 Deum
1035 3574 1156 3659 surgat

112 3682 326 3755 fulminatur.
389 3681 563 3753 Hercules
601 3690 643 3752 ut
680 3682 862 3753 hominem
901 3691 1010 3753 exuat
1043 3681 1158 3752 OEteis

111 3800 249 3893 ignibus
271 3808 525 3872 concrematur.
576 3798 709 3892 Apollo
733 3796 893 3869 Admeto
918 3822 1027 3891 pecus
1048 3800 1156 3892 pavit.

72 3954 105 3992 ιο
114 3914 346 3989 laomedonti
371 3940 490 3987 muros
516 3914 709 4009 Neptunus
738 3916 903 3999 instituit,
929 3938 996 3986 nec
1024 3938 1159 3986 merce-

114 4032 193 4103 dem
216 4034 331 4126 operis
353 4031 478 4103 infelix
501 4040 655 4103 structor
677 4032 825 4125 occepit.
876 4030 1035 4103 Antrum
1057 4032 1158 4102 lovis

113 4149 148 4216 in
177 4149 285 4220 Creta
313 4150 447 4232 visitur,
473 4157 511 4218 et
540 4147 742 4242 scpulcmm
772 4149 849 4241 ejus
882 4150 1090 4230 ostenditur,
1120 4156 1159 4218 et

114 4262 157 4335 ab
174 4288 216 4335 eo
237 4264 430 4336 Saturnum
452 4265 614 4358 fugatum
632 4288 708 4336 esse
730 4265 957 4335 manifestum
975 4272 1051 4347 est;
1076 4264 1158 4333 inde
