2867 4817
531 306 763 371 EPITOME.
1103 312 1168 376 307

120 478 186 548 nisi
219 498 311 547 unus
345 488 467 550 teneat
499 480 788 573 gubernaculum,
825 482 894 551 nisi
928 503 1020 552 unns
1059 482 1170 553 frana

119 592 334 675 moderetur,
372 602 542 688 regatque
581 585 746 666 universa
785 595 956 678 membra,
994 606 1167 687 tunquam

118 728 220 777 mens
242 730 323 777 una.
375 707 414 779 Si
437 708 541 780 multi
569 711 640 780 sint
667 712 704 779 in
732 712 897 781 examine
922 733 1030 803 apum
1055 734 1166 806 reges,

118 822 286 913 peribunt
302 832 364 893 ant
381 824 652 918 dissipabuntur,
670 824 757 895 dum

205 951 346 1037 Regibus
360 951 490 1017 incessit
503 972 620 1039 magno
634 953 793 1018 discordia
807 960 914 1017 motu:

721 1056 826 1139 (Vrao.
842 1055 960 1119 Gnoso.
973 1054 1035 1119 IV.
1050 1054 1122 1137 68.)

118 1176 148 1244 si
174 1173 293 1266 plnres
317 1176 354 1243 in
382 1182 543 1246 armento
571 1175 687 1257 duces,
715 1184 791 1246 tam
815 1175 877 1246 diu
898 1177 1165 1269 praeliabuntur,

118 1291 232 1360 donec
256 1311 348 1360 unns
375 1289 554 1360 obtineat:
581 1292 610 1360 si
637 1290 743 1361 multi
765 1292 802 1361 in
828 1294 989 1363 exercitu
1013 1294 1166 1386 impera·

118 1413 223 1487 tores,
250 1426 317 1475 nec
341 1406 455 1498 pareri
480 1406 612 1497 poterit
640 1429 662 1476 a
685 1406 811 1489 milite,
839 1430 922 1477 cum
949 1408 1087 1478 diversa
1106 1410 1167 1499 ju-

118 1521 280 1603 beantur,
308 1542 374 1591 nec
401 1519 447 1591 ab
474 1520 516 1591 iis
542 1520 627 1612 ipsis
656 1522 774 1591 unitas
801 1521 963 1603 obtineri,
990 1546 1073 1593 curn
1098 1523 1165 1594 sibi

117 1636 266 1728 quisque
288 1658 351 1728 pro
375 1635 531 1709 moribus
549 1634 642 1730 (for.
667 1637 809 1719 viribus,
833 1634 972 1730 Dacis.)
993 1637 1164 1709 consulat.

118 1751 178 1821 Sic
201 1752 239 1822 in
262 1751 327 1822 hac
352 1752 478 1821 mnndi
503 1750 683 1843 republica
700 1752 766 1821 nisi
786 1774 878 1822 unus
895 1753 1019 1822 fuisset
1043 1753 1165 1823 mode-

116 1875 221 1950 rator,
239 1868 300 1959 qni
318 1874 356 1938 et
381 1866 552 1948 conditor,
569 1873 633 1936 aut
656 1864 773 1935 soluta
795 1866 919 1937 fidsset
942 1868 1017 1937 baec
1038 1868 1162 1951 moles,

116 1992 180 2052 ant
208 2004 275 2051 nec
305 1980 389 2069 (cor.
419 2003 474 2063 ne,
504 1978 643 2073 Daca.)
674 1982 778 2051 condi
806 1982 949 2072 quidem
977 1985 1161 2074 potuisset.

117 2096 293 2168 Praeterea
314 2099 352 2171 in
374 2095 496 2167 multis
513 2120 584 2166 non
600 2105 720 2189 potest
743 2119 819 2166 esse
841 2106 971 2181 toturn,
989 2121 1071 2169 cum
1092 2100 1163 2168 sin-

115 2212 191 2306 guli
216 2235 280 2283 sua
303 2212 427 2293 officia,
453 2234 532 2283 suas
558 2211 742 2282 obtineant
771 2220 976 2303 potestates.
1028 2213 1162 2284 Nullus

115 2328 225 2421 igitur
258 2350 379 2402 eorum
410 2328 542 2420 poterit
571 2327 795 2418 omnipotens
830 2329 1034 2419 nuncupari,
1065 2330 1160 2420 qnod

116 2452 171 2513 est
206 2466 330 2513 verum
360 2454 635 2537 cognomentum
664 2441 745 2524 Dei,
776 2443 941 2534 qnoniam
975 2443 1011 2511 id
1045 2441 1161 2513 solum

114 2558 256 2649 poterit,
274 2559 368 2650 quod
393 2560 430 2629 in
455 2560 531 2650 ipso
557 2566 631 2640 est3
657 2556 753 2648 qnod
777 2564 899 2626 autem
922 2557 960 2627 in
983 2556 1072 2638 aliis,
1089 2579 1160 2627 non

114 2672 260 2742 audebit
285 2673 470 2769 attingere.
523 2670 608 2741 Non
635 2668 820 2742 Vulcanus
843 2671 909 2742 sibi
932 2694 1059 2764 aquam
1085 2672 1161 2741 vin-

115 2786 258 2871 dicabit,
276 2795 338 2858 aut
357 2786 549 2881 Neptunus
565 2788 694 2879 ignem,
708 2808 781 2855 non
798 2786 906 2857 Ceres
922 2788 1052 2857 artium
1068 2789 1160 2878 peri·

115 2905 213 2985 tiam,
237 2926 304 2973 nec
330 2902 496 2973 Minerva
518 2902 660 2995 frugum
683 2899 777 2996 (sor.
803 2902 947 2994 fruges),
964 2925 1036 2971 non
1062 2924 1160 2974 arma
1229 2979 1239 2985 ,

115 3016 327 3099 Mercurius,
344 3040 411 3089 nec
430 3016 530 3087 Mars
546 3015 668 3109 lyram,
685 3039 757 3085 non
777 3016 920 3109 Jupiter
935 3017 1158 3100 medicinam,

113 3155 179 3204 nec
203 3130 391 3226 Asclepius
415 3131 572 3203 fulmen:
595 3131 732 3203 facilius
752 3130 842 3200 illud
863 3130 909 3201 ab
929 3130 999 3200 alio
1020 3132 1159 3222 jactum

113 3248 291 3342 suscipiet,
309 3270 417 3340 quam
439 3250 514 3341 ipse
542 3247 731 3339 torquebit.
775 3246 814 3316 Si
836 3269 919 3339 ergo
941 3245 1070 3338 singuli
1086 3268 1158 3316 non

112 3373 260 3457 possunt
287 3365 414 3449 omnia,
442 3364 558 3433 minue
583 3364 717 3433 babent
740 3364 877 3442 virium,
901 3362 1018 3430 minus
1042 3369 1160 3453 potes-

113 3482 215 3551 tatis:
242 3480 272 3549 is
289 3486 410 3550 autem
429 3477 528 3548 Deus
544 3477 727 3549 habendus
743 3486 808 3558 est,
822 3478 882 3568 qui
899 3483 1018 3570 potest
1030 3484 1158 3559 totum,

113 3616 219 3685 quam
237 3596 297 3686 qui
315 3592 360 3665 de
377 3600 454 3663 toto
471 3592 668 3662 minimum.

528 3789 638 3860 CAP.
665 3790 737 3859 ΙΙΙ.

163 3939 267 4011 Unus
291 3941 400 4035 igitur
425 3938 525 4011 Deus
550 3947 614 4020 est,
640 3936 829 4030 perfectus,
857 3945 1017 4019 aeternus,
1043 3938 1156 4007 incor-

112 4053 297 4149 mptibilis,
315 4053 547 4149 impassibilis,
565 4052 654 4123 nulli
671 4052 722 4122 rei
738 4054 952 4144 potestative
964 4052 1154 4144 subjectus,

112 4172 187 4264 ipse
225 4172 344 4241 omnia
381 4170 570 4264 possidens,
610 4168 729 4239 omnia
767 4190 902 4261 regens,
944 4190 1051 4260 quem
1087 4190 1155 4236 nec

155 4304 223 4347 VOL.
240 4306 273 4346 ll.
620 4302 673 4343 Η
