2867 4817
283 252 491 318 ANNO'I'T.
514 254 565 317 IN
587 252 785 317 GELASII
809 252 1052 318 EXCERPT.
1124 252 1185 315 141

136 430 159 459 ‘⁴
174 423 215 486 de
228 443 249 508 5
265 424 493 509 quaestionibus
511 426 598 510 apud
619 424 821 489 Ferrandum
838 422 919 489 disc.
934 445 960 488 c.
978 424 1024 488 18.
1041 430 1075 488 ct
1089 444 1110 487 a
1123 422 1185 487 Jo-

137 514 158 544 “
173 508 278 574 banne
291 511 339 574 11.
355 532 440 596 papa
450 510 485 575 in
495 510 641 596 Epistola
654 510 697 575 ad
708 510 867 576 Avienum
881 510 940 574 sub
956 508 1074 575 Gelasii
1085 509 1188 573 nostri

138 601 160 630 ‘⁴
174 596 302 660 nomine
316 594 434 661 diserte
447 595 585 672 citatus;
609 597 638 661 ci
653 596 751 662 etiam
770 597 812 661 ab
831 596 1006 661 Anastasio
1020 593 1187 659 bibliotho-

139 860 159 888 “
175 876 289 940 corpus
300 861 334 919 et
345 855 530 941 sanguinem
540 854 670 920 Domini
680 854 782 919 nostri
796 853 1031 919 conversionem
1042 852 1187 917 substan·

140 944 160 975 “
174 940 284 1006 tislcm
297 940 515 1006 testimonium
532 940 639 1006 reddit
658 941 813 1007 Gelasins.
857 939 1070 1022 Quamobrem
1091 939 1188 1023 scrip

139 1031 162 1060 “
175 1034 264 1092 tores
277 1027 440 1112 pontificii,
460 1026 625 1107 Batonius,
641 1026 862 1104 Bellsrminus‚
878 1025 1051 1111 Gregorius
1066 1025 1106 1089 de
1121 1024 1188 1089 Va-

140 1117 160 1148 “
175 1111 283 1187 lentia,
308 1111 437 1190 Suarez,
464 1113 589 1199 aliique,
615 1135 696 1199 opus
721 1113 808 1178 istud
834 1111 961 1178 Gelasio
986 1132 1078 1197 papae
1102 1110 1187 1175 omni

141 1198 283 1264 “studio
304 1198 488 1284 abjudicare
509 1206 684 1265 conantur:
716 1199 767 1263 his
791 1198 918 1264 Gelasio
940 1197 1102 1283 Gyziceno,
1126 1196 1187 1261 illis

139 1290 161 1319 ‘⁶
176 1284 303 1350 Gelasio
317 1284 515 1364 Oaesariensi,
529 1285 754 1350 tribuentibus.
791 1284 914 1348 Verum
928 1284 1049 1348 frustra
1059 1304 1186 1347 omnes:

139 1377 162 1493 t:
175 1378 662 1523 mecm
679 1370 1189 1537 rs,

140 1548 162 1578 “
177 1541 293 1629 Seript.
310 1543 396 1609 Eool.
413 1544 514 1629 oapi.
528 1566 561 1630 p.
573 1545 664 1631 342.)
690 1480 747 1607 plii
767 1543 905 1692 quinpuo
927 1504 1003 1607 elim
1023 1504 1125 1606 libros
1142 1540 1188 1605 di·

139 1628 277 1693 “visum
290 1629 416 1694 videtur
429 1630 515 1695 istud
536 1630 657 1695 Gelasii
672 1651 760 1716 opus,
777 1629 839 1695 toti
862 1650 912 1693 em
932 1628 1016 1692 enim
1032 1633 1189 1693 memorat

140 1722 164 1755 “
174 1715 255 1780 liber
268 1715 477 1782 Pontificalis.
521 1719 725 1797 Μοινόβιβλον
738 1722 848 1781 tamen
861 1721 955 1780 vocat
970 1713 1105 1779 Photius
1118 1713 1189 1777 cod.

140 1808 161 1838 “
178 1822 252 1869 102.
267 1801 332 1867 sive
346 1824 411 1867 non
425 1802 584 1889 integrum
599 1803 632 1866 in
646 1804 795 1868 Graecum
814 1821 991 1867 sermonem
1004 1820 1189 1863 conversum

175 1887 281 1966 luent,
296 1909 362 1952 srve
381 1911 414 1952 ιιι
428 1888 553 1953 duversa
566 1889 654 1974 apud
667 1889 797 1953 Grreeos
810 1887 970 1953 volumina
983 1906 1047 1950 non
1061 1884 1190 1949 distinc-

140 1980 163 2011 “
176 1978 258 2037 tnm.
287 1973 392 2039 Extat
399 1974 461 2039 iste
471 1974 551 2039 liber
561 1975 594 2039 in
606 1974 766 2039 Antidoto
776 1974 928 2038 sdversus
938 1973 1075 2037 haereses
1090 1969 1188 2035 Besil.

139 2066 163 2096 ‘⁴
180 2060 274 2143 1528.
289 2059 344 2125 fol.
359 2070 393 2125 ct
407 2082 480 2125 cum
492 2060 563 2125 aliis
577 2067 720 2125 vetorum
734 2059 861 2146 scriptis
874 2061 915 2124 de
930 2058 1053 2123 duabus
1066 2056 1190 2121 naturis

141 2152 163 2184 ‘⁴
177 2152 212 2210 et
232 2167 297 2210 nna
317 2168 452 2231 persona
472 2146 505 2210 in
525 2146 654 2213 Christo
676 2146 786 2233 Tignri
809 2166 823 2210 1
851 2162 901 2226 71.
924 2144 976 2209 sol.
999 2144 1134 2229 denique
1155 2142 1189 2206 in

141 2241 163 2269 “
178 2230 332 2296 Biblioth.
349 2232 440 2297 Patr.
459 2240 538 2298 tom.
551 2231 649 2297 VIII.
666 2256 698 2319 p.
709 2232 803 2318 699.''
871 2254 917 2296 aee
936 2230 1060 2297 Gavius.
1105 2229 1190 2293 Non-

138 2317 220 2383 nihil
234 2317 357 2383 interea
370 2318 566 2384 difficultatis
578 2341 630 2384 res
644 2319 751 2397 habet,
768 2316 852 2404 quia,
867 2318 942 2383 lieet
960 2316 1067 2381 brevis
1081 2315 1124 2381 sit
1137 2315 1190 2380 hio

139 2405 231 2481 liber,
245 2424 310 2467 non
322 2411 449 2469 tantum
465 2405 652 2470 Gennadius
706 2405 786 2469 medo
800 2404 933 2469 marm
948 2425 1020 2468 eum
1038 2401 1189 2489 appellat,

140 2492 199 2555 sed
220 2497 254 2555 et
268 2491 461 2576 exemplaria
480 2492 627 2575 quadam
647 2491 669 2556 li
692 2491 720 2554 ri
736 2490 932 2555 Pontifioalis
951 2491 1010 2554 sub
1024 2486 1190 2553 Anastasii

140 2575 269 2641 nomino
283 2575 361 2641 editi
376 2576 514 2662 quinque
532 2577 631 2641 libros
649 2578 815 2642 decadem
835 2598 870 2641 re
885 2576 1013 2641 Gelasio
1033 2574 1189 2641 tribuunt.

140 2663 238 2744 Quod
249 2663 293 2726 ad
309 2662 461 2727 Photium
475 2662 604 2735 attinet,
620 2663 698 2727 nihil
720 2663 781 2727 huo
801 2662 940 2748 pertiuet
963 2682 1051 2747 opus,
1068 2661 1108 2724 de
1127 2680 1190 2743 quo

140 2749 177 2813 in
190 2746 377 2813 Bibliotheca
392 2770 450 2813 sua
463 2748 533 2834 agit
546 2748 677 2813 illustris
696 2749 843 2835 scriptor,
857 2770 879 2813 a
899 2748 1026 2813 Gelasio
1044 2746 1191 2831 episcopo

140 2834 299 2901 Goesamoe
320 2841 433 2899 contra
458 2836 633 2899 Anomoeos
659 2836 770 2900 Graece
795 2834 957 2921 scriptum.
1002 2832 1191 2897 Existimom

141 2920 271 3007 quidem
294 2942 354 3007 ege
378 2920 499 3006 scripta
523 2920 615 3007 plura
639 2922 680 2985 de
701 2921 825 2985 duabus
850 2921 883 2985 in
905 2920 1033 2986 Christo
1057 2918 1189 2996 naturis,

141 3028 279 3092 qnorum
299 3029 375 3092 pars
396 3013 524 3071 tantum
545 3006 691 3093 supersit,
714 3007 850 3072 edidisse
870 3006 1031 3072 Gelasium
1052 3026 1189 3091 papam3

140 3093 369 3179 potiusquam
389 3092 465 3158 olim
483 3092 517 3156 in
540 3093 647 3178 plures
670 3092 769 3157 libros
794 3092 949 3178 partitum
975 3092 1071 3155 fuisse
1099 3112 1191 3176 opus—

140 3179 259 3253 culum,
271 3181 356 3279 quod
367 3178 472 3243 adhuc
482 3186 596 3244 restat.
620 3178 742 3243 Verum
751 3178 803 3243 hic
816 3176 1132 3243 animadvertendum
1142 3182 1191 3240 est

141 3266 256 3329 codem
266 3265 362 3330 trtulo
369 3265 499 3351 prandes
509 3265 669 3329 celmanis
678 3264 817 3330 fibellum
829 3263 978 3350 Cypriani
992 3264 1033 3327 de
1044 3262 1147 3347 Opere
1158 3270 1192 3326 et

143 3350 362 3437 Eleemosynis
373 3351 531 3437 designari
545 3349 587 3414 ab
599 3350 797 3436 HIeronymo
808 3350 842 3414 in
852 3350 976 3436 epistole
986 3349 1031 3413 od
1044 3349 1190 3412 Poema-

144 3438 268 3509 olims,-
295 3460 392 3523 porro
405 3444 514 3502 autem
534 3446 645 3522 septem
657 3438 795 3502 maximo
809 3436 963 3501 minuatne
986 3434 1118 3500 Divinas
1138 3436 1191 3497 In·

142 3523 331 3590 stitutiones
350 3546 425 3624 suas
443 3523 542 3624 ipsius
563 3522 724 3673 appellare
741 3522 946 3589 Lactantium
960 3522 993 3586 in
1012 3522 1083 3607 ipso
1103 3520 1194 3585 initio

142 3610 311 3695 Epitomes
322 3631 425 3696 opens
433 3610 585 3693 ejusdem.
634 3609 873 3694 dquaestionem
883 3630 958 3673 vero
967 3608 1053 3692 quod
1063 3607 1191 3683 attinet,

141 3718 186 3761 an
200 3696 262 3761 hoc
275 3696 421 3761 volumen
434 3697 476 3760 ab
491 3696 603 3759 eodem
612 3694 740 3760 Gelasio
749 3695 893 3761 Romano
905 3695 1052 3781 episcopo
1067 3715 1192 3777 compo

141 3781 242 3846 situm
262 3782 314 3861 sit,
334 3782 421 3847 illam
442 3788 535 3846 extra
556 3781 687 3846 dubium
708 3788 832 3867 ponunt
852 3781 954 3865 ῥήσεις
975 3801 996 3844 a
1020 3779 1193 3865 Spondano

142 3874 410 3944 commemorata,
426 3888 506 3953 quas
520 3867 647 3953 quidem
665 3890 706 3931 ex
726 3868 845 3933 Gelasii
864 3868 924 3932 hoc
946 3888 1040 3952 opere
1056 3865 1193 3930 Sanctus

142 3954 207 4018 Ful
247 3955 334 4019 ntius
344 3954 378 4018 in
391 3954 532 4039 Bpsstolo
540 3954 601 4017 xiv.
613 3953 771 4039 excerpsit
788 3955 817 4036 §.
830 3953 894 4017 xix.
906 3974 979 4040 pag.
995 3972 1044 4033 14.
1055 3952 1115 4016 vol.
1126 3951 1192 4015 XI.

140 4038 206 4104 Bit
225 4040 232 4055 '
248 4040 338 4105 tdecoe
363 4041 499 4105 Parnon
526 4039 753 4104 Galloadeboae.
799 4041 840 4103 In
865 4040 926 4103 hao
951 4039 1034 4104 enim
1059 4036 1193 4123 epistola

141 4126 333 4212 Fulgentius
359 4125 525 4191 Ferrando
553 4126 747 4211 respondens
776 4126 818 4190 ad
847 4126 1027 4211 propositas
1056 4124 1193 4208 quinque

140 4212 345 4299 quaestiones,
375 4212 430 4277 ubi
468 4210 656 4276 Latinorum
685 4218 812 4277 tantum
849 4219 977 4297 patrum
1009 4210 1191 4295 Augustini,
