2867 4817
171 333 520 399 TERTULLIANI
545 336 612 399 DE
636 334 928 400 PRAESCRIPT.
954 334 1080 400 HAER.
1127 334 1191 398 1as

134 512 213 603 ejus
247 512 285 580 in
319 520 441 581 nostra
472 519 664 603 potestate.
715 508 884 583 Haereses
918 532 1002 581 vero
1036 519 1189 583 mortem

133 636 319 710 mamam,
336 636 375 697 et
391 627 534 721 majoris
551 628 644 722 ignis
658 628 819 698 ardorem
837 626 1039 711 inferentes,
1050 628 1190 700 malunt

134 745 280 836 quidam
306 746 437 827 mirari,
454 746 550 838 quod
575 744 644 815 hoc
669 746 814 838 possint,
833 768 939 837 quam
965 746 1123 817 devitare
1144 770 1190 817 ne

135 860 294 953 possint;
329 884 413 930 cnm
442 861 599 932 habeant
629 862 809 932 devitandi
845 869 1070 953 potestatem.
1123 860 1190 932 Oe—

107 985 255 1061 sterum
288 976 377 1045 nihil
406 976 587 1061 valebunt,
621 980 650 1047 si
684 978 763 1049 illas
797 986 938 1049 tantum
967 978 1083 1049 valere
1117 1001 1189 1048 non

134 1094 321 1163 mirentur.
372 1090 452 1163 Aut
477 1095 573 1164 enim
603 1096 689 1166 dum
714 1098 898 1179 mirantur,
921 1097 957 1165 in
984 1092 1188 1165 scandalum

134 1209 467 1281 subministrantur:
493 1220 557 1281 aut
583 1214 666 1304 quia
694 1212 987 1295 scandalizantur,
1014 1212 1095 1282 ideo
1122 1214 1189 1282 mi·

133 1336 267 1410 rantur,
285 1330 395 1421 quasi,
413 1328 509 1421 quod
535 1337 676 1399 tautum
694 1329 846 1411 valeant,
864 1352 910 1400 ex
936 1328 1054 1421 aliqua
1070 1331 1189 1400 veniat

134 1444 298 1514 veritate.
351 1445 488 1516 Mirum
514 1446 651 1517 scilicet
675 1456 718 1516 ut
738 1445 872 1518 malum
897 1448 989 1516 vires
1019 1468 1098 1517 suas
1128 1444 1190 1515 ha-

91 1563 239 1636 robeat:
265 1566 333 1634 nisi
358 1564 454 1655 qnod
479 1564 631 1636 haereses
656 1565 752 1656 apud
777 1587 838 1635 eos
863 1563 1019 1634 multum
1037 1563 1188 1646 valeant,

132 1682 195 1772 qni
212 1683 252 1751 in
267 1680 339 1751 fide
355 1703 428 1751 non
446 1679 576 1751 valent.
628 1680 672 1751 In
698 1704 818 1775 pugna
842 1680 1004 1774 pugilum
1022 1688 1060 1750 et
1077 1679 1188 1774 gladi-

131 1806 284 1881 atorum,
308 1797 519 1891 plerumque
543 1822 615 1868 nou
642 1798 726 1891 quia
753 1798 853 1868 fortis
879 1806 944 1879 est,
962 1798 1072 1867 vincit
1099 1800 1185 1890 quis,

130 1925 195 1986 ant
222 1918 309 2008 quia
340 1938 413 1986 non
442 1924 562 2008 potest
588 1916 705 1998 vinci3
742 1914 803 1985 sed
833 1915 1000 2007 quoniam
1030 1913 1090 1985 ille
1125 1916 1184 2009 qui

130 2036 249 2103 rictus
273 2042 340 2115 est,
357 2033 465 2103 nullis
486 2034 616 2103 viribus
641 2031 730 2101 fnit:
757 2032 846 2101 adeo
873 2030 968 2100 idem
994 2026 1055 2100 ille
1071 2032 1185 2102 victor

87 2150 225 2242 15bene
259 2148 395 2220 valenti
428 2158 556 2242 postea
587 2158 820 2241 comparatus,
856 2148 964 2218 etiam
998 2158 1183 2239 superatus

130 2268 278 2337 recedit.
331 2264 418 2335 Non
435 2265 540 2337 aliter
554 2265 707 2335 haereses
725 2266 770 2335 de
787 2264 1020 2357 quorumdam
1038 2265 1184 2335 infirmi-

130 2385 267 2456 tatibus
292 2384 427 2455 habent
443 2385 538 2477 quod
555 2382 685 2466 valent,
702 2380 792 2451 nihil
810 2380 969 2451 valentes
987 2382 1015 2451 si
1038 2382 1074 2451 in
1093 2381 1182 2451 bene

130 2500 313 2571 valentem
329 2502 438 2572 fidem
455 2503 645 2572 incurrant.

181 2618 312 2689 Solent
336 2620 480 2711 quidem
507 2620 566 2689 isti
596 2618 804 2689 infirmiores
832 2619 940 2689 etiam
968 2620 1013 2690 de
1040 2620 1183 2711 quibus·
1201 2637 1338 2687 cnam.

87 2734 215 2805 20dam
241 2737 400 2827 personis
424 2736 470 2806 ab
494 2734 621 2807 haeresi
647 2738 769 2827 captis,
787 2736 953 2805 aedilicari
978 2737 1016 2805 in
1033 2738 1181 2806 ruinam.

130 2851 253 2936 Quare
278 2852 341 2922 ille
365 2852 423 2922 vel
447 2851 510 2924 ille
536 2851 742 2935 fidelissimi,
759 2852 1031 2945 prudentissimi,
1054 2858 1092 2923 et
1113 2854 1183 2922 usi-

131 2970 299 3040 tatissimi
327 2970 364 3039 in
390 2970 547 3054 ecclesia,
575 2972 613 3041 in
642 2969 741 3040 illam
774 2978 913 3062 partem
940 2970 1181 3041 transierunt?

129 3088 222 3171 Quis
251 3086 322 3157 hoc
356 3088 486 3169 dicens,
513 3111 585 3157 non
617 3089 693 3180 ipse
721 3086 786 3157 sibi
821 3089 1031 3179 respondet3
1065 3112 1180 3181 neque

126 3204 334 3296 prudentes,
351 3226 468 3296 neque
483 3203 617 3285 fideles,
634 3226 750 3294 neque
771 3204 921 3273 usitatos
943 3206 1179 3289 aestimandos

84 3342 218 3410 25quos
246 3318 401 3389 lraereses
429 3320 610 3411 potuerint
640 3319 851 3391 demutaret
878 3320 927 3389 Et
950 3320 1019 3391 hoc
1049 3322 1178 3391 mirum

125 3436 285 3529 (opinor)
315 3443 358 3506 nt
385 3436 554 3528 probatus
583 3434 691 3528 aliqui
726 3445 830 3520 retro,
860 3445 983 3529 postea
1009 3439 1177 3510 excidat?

126 3552 215 3623 Saul
250 3552 367 3622 bonus
400 3574 475 3645 prae
507 3552 644 3633 ceteris,
679 3551 789 3622 livore
831 3561 954 3645 postea
995 3556 1195 3625 evertitura
1189 3570 1311 3637 rma
1307 3638 1331 3651 ...

125 3667 248 3739 David
282 3669 337 3737 vir
376 3667 491 3738 bonus
532 3668 727 3739 secuudum
761 3690 822 3736 cor
856 3666 1011 3753 Domini,
1054 3678 1134 3762 post
1119 3638 1328 3765 ιειιιιξῖξζξ,
1288 3652 1339 3686 ‘¹¹¹'

124 3787 236 3856 credis
261 3793 301 3855 et
328 3786 442 3878 stupri
468 3808 548 3856 reus
572 3793 637 3856 est.
689 3784 859 3856 Salomon
876 3786 973 3856 omni
997 3788 1121 3880 gratia,
1139 3782 1235 3883 et³
1213 3766 1319 3831 Μ

82 3903 301 3997 30mp1entra
325 3902 478 3971 donatus
497 3924 520 3969 a
537 3900 701 3984 Domino,
720 3904 764 3973 ad
790 3902 1025 3973 idololatriam
1053 3926 1075 3973 a
1098 3926 1176 3973 mu-

126 4017 271 4089 lieribus
299 4018 494 4088 inducitur.
544 4015 620 4088 Soli
646 4021 741 4090 enim
765 4019 834 4091 Dei
857 4018 947 4090 Filio
973 4020 1177 4091 servabatur

128 4137 201 4207 sine
224 4134 359 4207 delicto
386 4156 605 4227 permanere,
655 4134 751 4219 Quid
777 4160 862 4229 ergo
886 4136 915 4207 si
936 4137 1128 4228 episcopus,
1147 4138 1175 4206 si

128 4251 302 4337 diaconae,
320 4252 351 4323 si
370 4250 492 4327 vidua.
506 4251 534 4319 si
550 4252 660 4345 virgo,
673 4251 702 4321 si
720 4252 852 4335 doctor,
871 4252 899 4322 si
917 4252 1026 4322 etiam
1044 4240 1176 4344 martyr

620 4371 686 4436 aa
