2867 4817
341 266 658 333 ROMANORUM
680 265 1002 332 PONTIFICUM.
1133 266 1195 331 151

140 452 304 541 uugnstae
330 443 510 515 memorie
536 441 720 513 Msreiano
742 442 965 535 imperatore,
987 442 1025 511 in
1046 438 1196 513 Celebe-

141 563 238 633 dons
253 559 441 642 concurrit,
458 558 517 630 oni
533 557 747 651 apostoliens
772 577 865 649 pape
882 555 958 627 Leo
980 578 1045 649 per
1061 556 1197 651 legatos

142 685 182 749 et
198 674 346 747 viosrios
362 674 524 767 prefuit3
546 675 657 768 eujus,
671 671 742 745 Dei
754 672 870 768 gratis
885 681 1073 758 reserante,
1091 694 1197 747 vens-

141 792 246 865 rabili
271 802 371 862 tomo
399 789 531 863 firmati
559 797 678 884 patres
706 789 968 863 sententialiter
996 789 1198 887 promulga-

116 916 284 995 5verunt,
308 930 357 979 ex
385 905 523 977 duabus
547 914 586 976 et
610 906 649 977 in
678 906 816 978 duabus
845 906 989 990 naturis,
1017 908 1091 979 sive
1116 908 1198 979 sub-

143 1025 297 1107 stantiis,
332 1024 371 1094 id
406 1030 472 1105 est,
504 1019 651 1095 Deitste
683 1032 792 1117 atque
821 1023 1052 1107 humanitate,
1086 1044 1197 1095 unum

143 1141 381 1233 eumdemque
398 1137 530 1211 Filium
552 1137 623 1211 Dei
640 1138 838 1211 Dominum
855 1139 879 1211 J
881 1162 981 1212 esum
999 1139 1198 1225 Christum

143 1266 184 1329 et
198 1257 294 1351 quod
310 1257 349 1327 in
364 1253 465 1327 nullo
485 1266 671 1349 perempto
692 1258 741 1328 sit
763 1256 963 1329 differentis
981 1264 1197 1339 naturarum,

136 1374 252 1469 magis
281 1381 415 1456 sutem,
439 1371 538 1444 snlra
566 1374 794 1466 proprietate,
824 1383 977 1467 utraque
1007 1381 1135 1445 natura
1160 1374 1198 1444 in

97 1511 254 1567 rounam
287 1511 475 1583 personam
513 1497 623 1583 atque
661 1489 925 1562 subsistentiam
959 1491 1199 1574 eononrrerit3

145 1608 281 1679 etenim
297 1629 345 1677 ex
361 1605 490 1698 quibus
507 1628 590 1677 eum
612 1608 785 1678 veraciter
806 1606 996 1679 subsistere
1013 1608 1198 1685 eredimus,

144 1726 185 1795 in
213 1724 348 1797 eisdem
377 1723 562 1795 inoonfuse
591 1724 873 1817 inseparabiliter
905 1732 944 1796 et
971 1724 1133 1807 indivise,
1160 1735 1200 1796 st

144 1863 235 1925 esse,
251 1849 290 1913 et
312 1840 554 1934 contemplari,
571 1840 803 1913 nibilominus
825 1842 1068 1936 praedioumus.
1111 1841 1200 1925 Qui·

145 1958 215 2029 bus
225 1958 449 2051 seqniesoere
461 1955 624 2029 nolentes
636 1957 864 2052 blasphemus
878 1957 1080 2045 Diosoorus,
1094 1959 1200 2030 simul

97 2083 186 2153 ¹5et
208 2074 340 2147 delirus
364 2074 556 2171 Entyubes,
578 2074 815 2147 anathematis
830 2076 920 2168 justi
941 2096 1098 2158 eensurs,
1116 2097 1199 2147 oum

144 2191 345 2263 fautoribus
361 2192 442 2275 suis,
459 2192 619 2285 percussi-
632 2200 726 2263 sunt.

198 2306 289 2379 Hes
303 2305 414 2413 igitur
435 2316 559 2379 saneta
580 2317 689 2401 atque
710 2308 922 2383 universalis
944 2318 1096 2402 quatuor
1116 2332 1200 2382 oon-

145 2422 239 2507 oilis,
273 2418 384 2495 etiam
417 2432 580 2497 mustum
613 2426 779 2518 quintum
812 2424 1002 2499 concilium
1031 2449 1201 2499 veneran-

146 2539 236 2611 dum
257 2547 459 2613 moestum
482 2549 548 2625 est,
564 2548 604 2613 st
624 2542 691 2613 snb
712 2542 781 2635 piae
802 2543 981 2614 memoria
997 2541 1200 2615 Justininno

96 2656 318 2750 soprinoipe,
334 2658 430 2751 apud
450 2656 878 2753 Constantinopolitanam
896 2658 1022 2730 urbem
1045 2668 1101 2731 est
1117 2682 1201 2731 eon·

146 2778 348 2867 gregatum,
381 2773 482 2867 enjus
521 2771 667 2845 mlutari
700 2773 875 2858 oonsultu,
909 2798 1002 2847 unus
1039 2796 1115 2847 esse
1154 2776 1200 2847 de

147 2896 272 2959 saneto
287 2886 462 2960 Trinitate
480 2887 657 2961 Dominus
672 2897 794 2963 noster
805 2889 829 2961 J
831 2912 911 2963 esus
924 2890 1086 2963 Christus
1102 2914 1201 2965 verr.-

146 3004 239 3080 eiter
259 3006 469 3098 predicatus
492 3013 568 3078 est:
593 3016 633 3077 et
653 3007 911 3081 oonfimdentes
938 3030 980 3080 so
1003 3009 1200 3081 dividentes

147 3142 255 3197 norst
277 3122 355 3215 ejus
377 3123 629 3196 iuoarnationis
651 3146 832 3211 moenum,
857 3126 960 3198 istius
982 3127 1079 3198 voois
1101 3128 1200 3221 spiri-

98 3268 138 3330 ²5
148 3234 215 3313 teli
229 3260 400 3313 muoroue
415 3241 582 3335 prostrati
599 3249 694 3312 sunt

200 3352 246 3428 In
269 3352 339 3428 boo
365 3353 549 3450 Origenes,
573 3379 657 3429 oum
676 3357 796 3451 impiis
818 3356 998 3451 discipulis
1015 3367 1053 3431 et
1077 3380 1200 3454 sequa·

148 3469 262 3555 eibos,
279 3466 436 3567 Didymo
456 3481 495 3546 et
510 3472 676 3569 Evagrio,
693 3482 733 3546 et
752 3474 814 3568 qni
826 3482 1023 3547 orestorem
1041 3478 1198 3551 omnium

148 3584 272 3663 Deum
293 3594 334 3663 et
357 3610 503 3664 omnem
526 3589 737 3663 rationalem
763 3592 840 3685 ejus
864 3600 1062 3665 creaturam
1086 3595 1201 3690 genti-

148 3702 243 3779 libus
258 3701 388 3777 fabulis
409 3707 588 3798 proseenti
610 3716 704 3791 sunt,
722 3716 860 3781 veternae
883 3717 967 3781 snut
989 3710 1202 3783 sondemus·

98 3819 241 3898 ³0tioni
257 3819 432 3895 submissi.

202 3934 248 4011 In
276 3958 321 4007 eo
349 3936 555 4013 'l'heodorus
589 3938 870 4035 Mopsuestenus
898 3951 1002 4015 autor
1031 3942 1201 4030 Nestorii,

149 4052 353 4146 pariterque
377 4052 567 4141 Diodoms,
584 4065 623 4129 et
646 4080 771 4131 omnes
793 4062 1000 4134 execrandae
1022 4061 1202 4134 divisimus

150 4172 326 4271 distipuli,
346 4175 408 4267 qui
430 4183 469 4247 et
489 4172 850 4251 Semini-Nestorium
875 4181 991 4253 vooati
1017 4195 1110 4264 sunt,
1135 4180 1202 4253 sub
