2867 4817
263 309 327 376 116
620 305 963 372 TERTULLIANI

263 485 388 578 capitis
409 484 610 577 deputatur,
628 507 700 554 una
725 491 763 553 et
784 480 969 574 disciplina
993 483 1119 575 capitis
1144 481 1310 575 exigitur,

262 604 371 673 etiam
405 602 450 671 nd
484 623 543 671 eas
572 601 735 694 virgines,
764 621 852 692 quas
885 599 1038 691 pueritia
1069 597 1255 682 defendit3
1288 621 1313 668 a

262 723 376 812 primo
407 719 501 788 enim
521 715 663 814 femina
689 718 872 788 nominata
895 724 960 786 cst.
1013 713 1074 786 Sic
1096 715 1248 808 denique
1270 723 1312 786 et

263 833 373 905 Israel
390 833 562 905 observat.
614 834 686 904 Sed
713 835 743 904 si
768 856 841 903 non
864 831 1086 902 observaret:
1111 839 1233 902 nostra
1248 829 1310 900 lex

262 951 440 1045 ampliata,
451 959 558 1043 atque
575 950 739 1043 suppleta
754 949 962 1020 defenderet
978 948 1045 1018 sibi
1061 948 1338 1040 adjectionem,5

263 1070 455 1163 virginibus
471 1092 611 1160 quoque
628 1069 787 1161 injiciens
804 1065 1056 1136 velamentum.
1108 1064 1313 1136 Excusetur

260 1209 356 1258 nunc
383 1194 481 1270 aetas,
507 1209 588 1278 quae
611 1208 736 1256 sexum
767 1207 871 1255 suum
899 1185 1049 1277 ignorat,
1072 1182 1312 1276 simplicitatis

261 1300 483 1397 privilegium
510 1309 640 1372 teneat.
694 1300 791 1370 Nam
808 1309 845 1371 et
864 1300 949 1383 Eva,
967 1309 1005 1369 et
1022 1298 1152 1382 Adam,
1169 1299 1233 1370 ubi
1257 1300 1312 1370 eis

261 1421 412 1513 contigit
437 1441 568 1512 sapere,
590 1426 783 1487 texuerunt
807 1418 939 1498 statim,
961 1415 1056 1508 quod
1081 1427 1312 1510 agnoverant.

262 1537 369 1608 Certe
386 1537 424 1606 in
441 1535 568 1628 quibus
584 1536 737 1628 pueritia
752 1535 926 1617 mutavit;
951 1534 1043 1604 sicut
1060 1543 1198 1604 naturae
1215 1532 1312 1630 (sor,
1326 1559 1362 1598 10

261 1653 413 1748 naturd),
431 1655 536 1724 itaet
553 1651 748 1744 disciplinae
766 1648 859 1747 (sor.
879 1649 1079 1743 disciplinis)
1096 1651 1205 1722 debet
1220 1662 1313 1724 aetas

261 1792 337 1840 esse
359 1769 545 1840 munifica:
574 1767 681 1850 Nam,
705 1776 744 1838 et
768 1767 946 1849 membris,
972 1775 1011 1837 et
1036 1765 1159 1837 officiis
1183 1766 1314 1838 mulie-

259 1886 357 1956 ribus
386 1887 617 1979 resignantur.
670 1881 784 1955 Nulla
809 1886 907 1978 virgo
933 1892 997 1967 eet,
1017 1907 1066 1954 ex
1093 1907 1164 1976 quo
1188 1893 1313 1977 potest

259 2004 403 2086 nubere,
421 2003 587 2096 quoniam
612 2009 700 2072 aetas
724 2003 801 2095 jam
826 2003 865 2072 in
885 2025 929 2072 ea
948 2002 1069 2094 nupsit
1085 2024 1150 2072 auo
1167 2002 1253 2086 viro,
1270 2002 1312 2073 id

259 2129 314 2192 est
347 2121 510 2212 tempori.
562 2117 635 2190 Sed
668 2117 787 2211 aliqua
819 2141 858 2190 ae
892 2117 973 2189 Deo
1002 2120 1127 2202 vovit3
1158 2119 1236 2211 jam
1268 2128 1310 2190 et
1323 2148 1360 2206 15

260 2239 393 2308 crinem
420 2237 549 2307 exinde
579 2236 815 2329 transfigurat,
845 2244 884 2307 et
906 2259 1048 2307 omnem
1072 2235 1238 2306 habitum·
1260 2236 1308 2306 ad

259 2352 425 2425 mulieres
441 2353 627 2424 convertit.
678 2351 810 2422 Totum
828 2377 912 2447 ergo
929 2361 1116 2436 assevemt,
1132 2361 1171 2424 ct
1187 2360 1308 2425 toturn

258 2471 401 2564 virginis
443 2477 609 2562 praestet:
652 2469 747 2562 quod
780 2479 925 2563 propter
958 2469 1076 2541 Deum
1109 2471 1307 2555 abscondit,

256 2588 361 2683 plane
387 2586 585 2658 obumbret.
638 2586 794 2657 Interest
819 2597 948 2671 nostra,
975 2588 1071 2680 quod
1096 2587 1167 2659 Dei
1193 2591 1309 2683 gratia

257 2713 432 2788 exerceat,
466 2704 574 2775 solius
607 2702 678 2773 Dei
708 2705 935 2776 conscientia
968 2705 1226 2790 commendare,
1259 2731 1362 2778 neco

257 2823 351 2914 quod
384 2845 407 2892 a
437 2820 515 2891 Deo
549 2841 740 2913 speramus,
770 2820 816 2890 ab
848 2820 994 2892 homine
1027 2843 1308 2914 compensemus.

258 2938 353 3022 Quid
370 2938 528 3010 denudas
545 2944 629 3007 ante
648 2935 778 3019 Deum,
796 2937 890 3030 quod
908 2945 991 3008 ante
1011 2938 1173 3008 homines
1190 2939 1308 3033 tegis?

258 3054 505 3126 Verecundior
520 3054 602 3123 eris
630 3053 670 3122 in
698 3053 851 3146 publico,
873 3077 981 3146 quam
1003 3055 1041 3124 in
1063 3055 1236 3127 ecclesia?
1260 3055 1309 3128 Si

256 3165 329 3238 Dei
357 3171 476 3265 pratia
502 3177 560 3250 cat,
590 3176 622 3238 ct
656 3169 826 3263 accepisti,
857 3168 943 3264 quid
971 3167 1150 3266 plurimis,
1179 3171 1307 3263 inquit,

257 3285 293 3375 (1
314 3284 394 3355 Cor.
412 3287 457 3356 iv.
476 3288 525 3379 7.)
544 3285 645 3379 quari
661 3308 731 3356 nou
748 3286 951 3381 occeperis?
972 3286 1067 3371 Quid
1084 3287 1171 3359 alias
1187 3298 1356 3380 osten-25

256 3403 391 3473 tatione
410 3403 461 3472 tui
473 3401 636 3495 judicas?
662 3426 708 3472 an
725 3403 811 3473 alias
827 3403 940 3498 gloria
955 3413 1020 3474 tua
1039 3403 1083 3474 ad
1101 3404 1236 3476 bonum
1253 3408 1308 3478 in-

257 3519 372 3590 vitas?
389 3517 503 3612 Atqui
519 3527 557 3591 et
574 3520 649 3612 ipsa
665 3520 874 3613 periclitaris
891 3522 1065 3604 amittere,
1079 3522 1109 3592 si
1124 3521 1306 3616 gloriaris3

257 3645 295 3707 et
324 3636 409 3708 alius
438 3637 483 3707 ad
512 3637 636 3708 eadem
670 3636 829 3730 pericula
856 3639 963 3731 cogis.
1016 3637 1135 3710 Facile
1162 3639 1309 3733 eligitur

256 3752 349 3849 (sor.
368 3753 525 3846 eliditur)
544 3755 638 3846 quod
655 3753 843 3825 affectione
863 3755 986 3849 gloriae
1004 3757 1203 3828 assumitur.
1230 3756 1309 3831 Vc·

256 3871 329 3943 lare
346 3873 454 3966 virgo,
476 3872 505 3942 si
527 3873 626 3965 virgo
653 3895 710 3956 es;
737 3873 845 3944 debes
870 3874 966 3942 enim
996 3873 1212 3946 erubescere.
1265 3875 1359 3964 Si30

257 3989 354 4082 virgo
372 4010 419 4070 ea,
438 3987 555 4080 plures
573 3986 693 4059 oculos
714 3990 789 4081 pati
811 3989 895 4060 noli.
948 3989 1068 4061 Nemo
1092 3993 1244 4063 miretur
1268 3994 1307 4064 in

256 4111 356 4176 tuam
373 4105 521 4189 faciem3
547 4127 653 4176 nemo
670 4107 895 4178 mendacium
912 4115 1017 4179 tuum
1035 4109 1174 4179 sentiat.
1205 4109 1307 4182 Bene

254 4222 414 4292 mentiris
440 4231 599 4314 nuptum,
620 4223 649 4292 si
676 4231 784 4315 caput
802 4222 907 4295 veles.
960 4224 1039 4297 Imo
1064 4227 1208 4298 mentiri
1233 4251 1307 4300 non
