2867 4817
449 345 596 409 LIBER
619 343 817 409 PRIMUS.
1092 340 1158 411 269

109 530 171 593 est
188 522 381 615 proprium)
399 521 616 615 fugientibus
633 522 774 615 ignosce
792 520 845 591 tui
862 520 1012 589 nominis
1025 529 1062 590 et
1079 519 1158 591 reli-

109 640 230 733 gionis
260 638 406 711 cultum.
458 637 544 708 Non
571 648 625 709 est
652 638 780 709 mirum
810 639 839 708 si
865 638 1054 732 ignoraris:
1084 660 1158 709 ma-

104 758 199 849 joris
233 766 287 827 est
320 756 559 827 admirationis
593 756 621 826 si
656 756 793 827 sciaris:
829 756 896 825 nisi
926 755 1017 826 forte
1050 756 1158 827 audet

113 874 312 965 quisquam,
337 871 404 943 hoc
435 874 534 943 enim¹
558 872 695 943 furiosae
723 881 834 943 restat
863 874 1015 957 insaniae,
1047 874 1159 943 ambi·

112 1012 210 1083 gere,
237 988 409 1072 dubitare,
427 1011 472 1057 an
497 989 631 1059 sitista
654 986 762 1069 Deus,
780 1010 825 1057 an
848 1011 919 1057 non
944 988 1009 1059 sit:
1037 988 1159 1081 explo-

114 1114 195 1175 rata
218 1104 301 1175 fidei
327 1104 486 1185 veritate,
512 1128 557 1173 an
586 1105 735 1175 rumoris
764 1105 852 1175 cassi
882 1105 1082 1197 opinatione
1111 1105 1158 1174 sit

114 1222 283 1292 creditus.
344 1220 521 1291 Audimus
555 1222 650 1291 enirn
684 1221 853 1313 quosdam
890 1221 1157 1314 philosophandi

115 1338 236 1409 studio
266 1337 413 1419 deditos,
440 1339 568 1429 partim
600 1336 708 1407 ullam
741 1362 870 1431 negare
899 1340 972 1408 vim
1002 1361 1078 1409 esse
1107 1338 1160 1408 di·

116 1456 246 1537 vinam,
263 1455 391 1546 partim
408 1477 454 1523 an
475 1455 522 1524 sit
538 1455 696 1547 quotidie
713 1478 886 1547 quaerere3
912 1455 998 1525 alios
1021 1456 1159 1526 casibus

116 1572 284 1654 fortuitis,
298 1578 336 1640 et
348 1573 632 1643 concursionibus
645 1572 839 1643 temerariis
852 1578 1029 1643 summam
1042 1595 1159 1643 rerum

116 1698 331 1771 constmere,
349 1697 455 1781 atque
478 1688 689 1758 diversitatis
711 1689 849 1781 impetu
870 1688 1050 1760 fabricari:
1076 1694 1159 1760 cum

117 1810 246 1903 quibus
267 1808 335 1879 hoc
352 1817 512 1901 tempore
532 1807 669 1878 nullum
692 1808 794 1877 nobis
811 1810 954 1877 omnino
975 1831 1080 1901 super
1094 1808 1159 1878 tali

117 1928 187 1999 erit
221 1926 456 1997 obstinatione
490 1924 582 2021 (for.
612 1927 815 2019 opinatione
858 1924 1054 2017 Wolberas)
1086 1950 1160 1996 cer-

118 2052 250 2114 tamen.
301 2042 416 2112 Aiunt
452 2044 547 2113 enim
582 2066 666 2113 sana
695 2044 888 2113 sentientes
920 2043 1160 2113 contradicere

118 2160 223 2230 rebus
241 2159 359 2231 stultis
375 2158 535 2231 stultitiae
552 2183 627 2231 esse
643 2160 795 2253 majoris.

169 2278 338 2350 XXXII.
366 2279 491 2351 Sermo
516 2302 598 2350 oum
623 2279 678 2349 his
703 2280 805 2349 nobis
827 2288 892 2361 est,
918 2280 978 2372 qui
1001 2280 1159 2349 divinum

120 2420 196 2469 esse
230 2398 489 2468 consentientes
521 2420 643 2490 genus,
678 2397 723 2467 de
762 2396 952 2489 majoribus
986 2397 1159 2479 dubitant,

121 2538 203 2584 cum
227 2514 335 2585 iidem
360 2536 436 2584 esse
461 2512 601 2605 plebeia
625 2522 732 2607 atque
761 2512 949 2584 humiliora
973 2512 1159 2583 fateantur.

122 2630 217 2715 Quid
234 2654 328 2726 ergo,
345 2652 400 2702 rcs
417 2639 533 2701 tantas
555 2631 772 2725 argumentis
788 2632 943 2700 nitemur
961 2640 1069 2723 atque
1091 2630 1162 2702 ela-

122 2748 322 2821 borabimus
349 2746 533 2819 obtineret
568 2747 737 2819 Discedat
766 2746 841 2818 haec
866 2746 981 2841 longe,
1007 2757 1161 2841 atquea

122 2864 223 2935 nobis
237 2864 369 2957 procul,
382 2864 503 2958 procul
522 2865 664 2957 inquam
676 2864 732 2955 (ut
749 2864 892 2954 dicitur)
910 2874 1160 2935 averruncetur

123 2983 286 3052 amentia.
350 2981 408 3053 Ita
445 2990 499 3053 cst
537 2982 632 3052 enim
666 2980 903 3075 periculosum
943 2984 1161 3075 argumentis

123 3100 275 3195 aggredi,
294 3098 412 3169 Deum
431 3100 625 3192 principem
643 3099 879 3191 comprobare,
897 3122 1002 3189 quam
1025 3099 1161 3169 ratione

124 3218 321 3310 hujusmodi
344 3240 420 3288 esse
443 3216 555 3299 illum,
572 3216 664 3287 velle
690 3238 909 3310 cognoscere.
961 3215 1042 3286 Nec
1065 3218 1162 3308 quic-

125 3358 228 3427 quam
261 3306 471 3415 refert,⁰aut
500 3335 682 3426 discrepat,
713 3342 878 3403 utmmne
911 3355 1020 3426 neges
1049 3332 1160 3416 illum,
1193 3359 1197 3364 ”

125 3474 168 3521 an
192 3473 333 3534 asseras,
359 3460 465 3543 atque
491 3450 642 3520 existere
668 3450 828 3520 fatearis:
863 3472 945 3519 cum
974 3449 1011 3518 in
1037 3450 1160 3519 cadem

126 3566 226 3661 culpa
251 3568 306 3649 sit,
333 3576 370 3637 et
395 3566 539 3637 assertio
565 3565 646 3637 talis
668 3566 729 3647 rei,
755 3574 792 3635 et
819 3564 1006 3658 abnegatio
1032 3564 1163 3636 refuta-

126 3684 208 3755 toris
223 3682 406 3753 increduli.
975 3676 981 3683 ⁸

172 3797 363 3869 XXXIII.
395 3776 589 3891 Quisquam
619 3821 664 3868 ne
693 3805 748 3869 est
777 3797 971 3880 hominum,
1000 3798 1060 3890 qui
1089 3820 1162 3867 non

127 3938 204 3987 curn
227 3914 328 3986 istius
353 3914 518 4007 principis
543 3915 686 3985 notione
709 3915 805 3985 diem
827 3915 948 4007 primae
966 3914 1162 3984 nativitatis

126 4031 328 4103 intraverit?
354 4032 412 4103 oui
434 4054 506 4102 non
529 4032 575 4101 sit
597 4032 806 4125 ingenitum,
822 4054 894 4101 non
916 4030 1072 4112 affixum,
1089 4031 1162 4100 imo

125 4150 205 4242 ipsis
221 4172 313 4242 pene
329 4150 367 4219 in
388 4148 601 4243 genitalibus
618 4149 741 4219 matris
761 4172 832 4219 non
854 4149 1073 4241 impressum,
1090 4169 1162 4217 non

126 4266 277 4350 insitum,
295 4266 525 4360 esse-Regem
548 4282 589 4337 ac
613 4264 817 4350 Dominum,
837 4273 1047 4337 cunctorum
1070 4287 1163 4356 quae·
