2867 4817
285 340 349 401 212
619 336 998 406 ANNOTATIONES

286 510 319 574 iu
342 510 526 574 Creatorem
549 507 653 571 Deum
678 507 923 585 accusationem,
946 515 980 573 et
1001 506 1088 590 loqui
1105 526 1170 578 nou
1192 504 1330 589 habeut]

288 595 341 659 lta
365 594 468 659 locum
490 594 626 669 restitui.
671 593 779 678 Vulgo
799 595 920 659 editum
942 600 1001 671 eet,
1017 592 1133 657 Adime
1153 591 1218 655 ullis
1239 590 1333 675 lopas

286 678 1150 764 Moysiaprcplaasumetcremuoum‚ccaaaam
1251 678 1333 745 'm

286 766 402 833 tabam
447 765 526 830 Gum
541 788 615 834 vero
637 773 764 830 extaret
778 766 812 829 iu
833 765 908 831 edit.
926 766 1029 831 Palis.
1047 765 1139 829 anda
1154 764 1190 827 is
1256 785 1281 838 0,
1297 771 1334 827 et

287 853 421 917 haberet
443 851 543 915 codex
567 851 741 916 Wouwerii
764 861 793 917 ct
816 851 851 915 in
872 861 1044 928 creatorem,
1066 850 1267 935 positumque
1288 848 1334 920 sit

287 940 320 1002 in
342 939 434 1001 editt.
450 938 596 1001 Rhenani
618 944 651 1002 et
668 937 769 1001 Pan's.
790 938 902 1022 prima,
921 948 949 1001 et
969 938 1052 1022 loqui
1076 958 1135 1021 pro
1156 935 1263 1084 clppm',
1279 935 1334 1002 vix

288 1024 475 1092 dubitabam
504 1022 589 1108 quin,
619 1024 666 1088 ita
695 1030 733 1087 ut
755 1023 852 1100 vides,
882 1024 970 1087 locus
998 1021 1160 1087 emendari
1209 1022 1332 1085 eberat.

289 1111 461 1175 Rhenanus
484 1109 610 1193 quidem
633 1110 676 1173 ad
697 1110 828 1173 tertiam
854 1131 944 1174 suam
972 1108 1144 1173 editionem
1164 1107 1334 1192 legandum

288 1195 416 1280 conjicit
430 1194 475 1259 od
487 1196 654 1259 ammam
668 1216 727 1280 pro
741 1196 969 1271 causabam,
984 1194 1040 1259 sed
1054 1195 1184 1259 frustra

333 1282 414 1346 Ibid.
425 1281 444 1345 l.
461 1298 507 1344 12.
521 1281 596 1366 quia
610 1303 682 1345 cum
696 1282 770 1357 sint,
786 1303 850 1345 nou
864 1279 995 1367 parent]
1011 1280 1057 1345 Et
1067 1280 1135 1345 haec
1149 1286 1199 1343 eet
1209 1299 1334 1356 cauma

290 1389 388 1453 quare
403 1367 487 1431 inter
501 1388 556 1431 eos
570 1389 634 1431 non
648 1367 713 1431 sint
727 1367 909 1443 schismata,
926 1388 990 1429 nou
1004 1366 1088 1451 quod
1103 1387 1176 1430 vere
1190 1386 1254 1428 uon
1268 1364 1337 1428 siut

290 1452 508 1530 dissentiones,
520 1454 577 1516 sed
588 1453 662 1538 quia
673 1474 745 1516 cum
759 1474 869 1517 omnes
882 1475 942 1538 pro
955 1452 1085 1520 libidine
1098 1452 1238 1516 efficiunt
1248 1451 1336 1534 quod

291 1540 402 1623 cuique
425 1538 586 1623 placitum,
611 1560 675 1602 uon
700 1546 866 1624 apparent,
891 1547 925 1604 et
945 1539 1017 1602 ideo
1046 1537 1204 1623 ipsissima
1226 1536 1336 1601 unitas

290 1626 424 1701 videtur,
441 1646 511 1689 cum
527 1625 570 1689 sit
584 1624 801 1710 multiplicitas
816 1625 1054 1689 sententiarum.
1078 1624 1276 1687 Deaacenus.

336 1710 416 1774 Ibid.
433 1711 454 1775 l.
474 1730 521 1794 ¹3·
538 1710 682 1775 Schisma
703 1719 753 1775 eet
773 1711 882 1775 unitas
903 1710 995 1797 ipsis]
1012 1709 1156 1775 Schisma
1177 1709 1263 1794 quod
1284 1716 1337 1773 est

292 1796 402 1861 divisio
428 1818 449 1861 a
470 1796 642 1875 catholicis,
663 1797 821 1863 vinculum
846 1797 923 1881 ipsis
947 1804 998 1861 est
1016 1796 1159 1871 unitatis,
1182 1795 1335 1879 quemad·

291 1884 420 1947 modum
450 1889 525 1946 ante
554 1882 725 1968 scripserat
748 1891 870 1961 auctor,
899 1883 996 1946 Nihil
1018 1883 1140 1947 tataros
1163 1880 1237 1957 tua,
1267 1880 1340 1945 licet

291 1969 413 2032 dicem
433 1966 731 2047 adamiticam
751 1970 797 2035 ad
817 1970 910 2034 maius
929 1969 1068 2033 actae
1088 1969 1341 2054 capupnuticasm

291 2076 307 2117 c
381 2058 466 2130 irent,
482 2076 519 2119 ca
544 2104 551 2118 .
594 2074 618 2117 1.

307 2076 419 2203 Wlhid.
444 2139 463 2203 l.
490 2074 709 2224 14l1iroinde]
737 2136 811 2201 For.
830 2139 971 2222 pallade.
1017 2138 1123 2203 Voces
1150 2160 1172 2203 a
1200 2138 1340 2203 librariis

294 2225 411 2291 mutari
428 2225 539 2289 solent.

338 2312 417 2375 Ibid.
436 2310 455 2375 l.
476 2331 525 2389 24.
541 2310 631 2395 quasi
649 2310 716 2375 eine
737 2309 805 2373 lare
819 2310 991 2410 vagantur]
1009 2309 1165 2376 Voculam
1186 2310 1275 2395 quusi
1296 2332 1339 2375 ex

294 2397 432 2463 editione
447 2396 587 2483 principe
601 2397 734 2481 aliisque
747 2395 882 2461 restitui.
928 2396 968 2459 In
988 2396 1100 2459 eadem
1120 2405 1230 2460 tamen
1250 2417 1339 2460 men·

295 2484 371 2547 dose
392 2483 532 2568 positum
558 2482 727 2567 autquasi
750 2480 809 2545 ati
831 2482 914 2560 latoe,
939 2483 973 2545 iu
998 2483 1047 2546 ed.
1070 2482 1170 2547 tertia
1192 2481 1340 2546 Rheuaui

294 2570 382 2654 quusi
403 2568 462 2633 eidi
479 2569 548 2645 aa,
571 2568 604 2632 in
625 2568 738 2632 ultima
753 2567 898 2631 Rhenaui
918 2569 1008 2652 qucct'
1025 2568 1095 2645 ato,
1110 2569 1143 2634 iu
1165 2569 1214 2632 ed.
1232 2568 1337 2633 Paris.

295 2655 397 2739 prima
426 2654 514 2743 pansi
538 2653 678 2731 sibilatae,
708 2654 741 2718 iu
772 2653 875 2719 Paris.
910 2654 1004 2720 anda.
1029 2653 1089 2718 sibi
1121 2654 1190 2730 lata,
1220 2654 1341 2723 omisso

295 2742 392 2851 pacui,
409 2741 441 2806 in
463 2742 510 2805 ed.
530 2740 666 2805 Franek.
681 2740 772 2839 pauci
789 2738 849 2804 aidi
870 2740 992 2818 detaut
1013 2740 1046 2803 iu
1067 2740 1166 2805 tertia
1180 2740 1338 2805 Rhenaui.

302 2827 440 2891 landem
454 2826 555 2892 edidit
570 2826 729 2913 Rigaltlus
750 2848 790 2889 ex
807 2825 981 2890 Wouwerii
996 2833 1057 2890 vet.
1074 2825 1156 2889 libro
1176 2827 1241 2889 eino
1262 2826 1340 2902 haro,

294 2914 410 2977 ondsso
427 2914 528 3013 quasi.
573 2912 632 2977 Ait
654 2911 856 2976 doctissimus
876 2912 928 2977 ille
952 2911 1154 2977 Wouwcrius
1174 2911 1207 2975 in
1228 2912 1341 2975 Elaea-

289 2999 370 3062 dett.
387 3022 452 3063 aula
466 3021 550 3063 anuo
568 3000 646 3061 1008
669 2998 773 3074 editis,
791 3006 810 3033 “
822 2997 1006 3064 Editionem
1025 3006 1180 3082 sequutus
1193 2998 1241 3061 vir
1254 2997 1342 3062 illus-

296 3096 315 3119 “
331 3085 389 3149 tris
408 3088 461 3166 (an
476 3084 617 3184 Scaliger
626 3085 652 3167 l)
669 3083 849 3149 emendavit
861 3082 940 3148 Atii
961 3084 1021 3149 lata
1040 3094 1202 3169 masau.
1248 3082 1342 3169 Inge-

297 3178 315 3205 “
331 3170 427 3247 uioea,
444 3178 480 3235 ut
495 3192 608 3235 omma.
652 3170 804 3235 Fortasse
819 3191 883 3232 nou
896 3169 1067 3254 rejicienda
1079 3171 1262 3255 conjectura
1276 3192 1343 3254 qua

296 3264 314 3290 “
330 3256 515 3333 scribebam,
545 3254 611 3319 ordi
629 3256 706 3337 fide,
736 3265 875 3334 abacos,
908 3254 1062 3340 Gylircta
1090 3266 1253 3341 meatur,
1283 3256 1342 3321 sed

265 3352 268 3361 “
296 3349 315 3376 “
331 3340 457 3405 minime
480 3342 704 3406 discedendum
729 3342 915 3407 arbitrata
940 3349 1002 3406 vet.
1032 3342 1123 3407 cod.”
1168 3342 1250 3406 Hoeo
1278 3340 1340 3405 illa

296 3426 428 3511 Recepit
442 3449 516 3492 vero
530 3428 625 3505 istud,
641 3428 731 3512 quusi
745 3426 824 3493 Ab&
844 3428 905 3493 late
926 3438 1087 3513 coquantur,
1103 3428 1136 3492 in
1157 3428 1233 3491 edit.
1249 3449 1341 3491 auam

295 3513 493 3613 Christianus
518 3513 645 3597 Lupus;
670 3514 873 3579 nihilomiuus
897 3536 969 3579 oum
992 3514 1134 3599 Rigaltio
1153 3514 1231 3578 facit
1256 3514 1341 3577 Tho·

296 3620 424 3662 massus.

340 3684 377 3749 P.
405 3686 473 3769 158.
500 3683 521 3746 l.
545 3704 577 3769 3.
602 3685 766 3771 diligentia
790 3684 952 3769 adtonita]
981 3685 1061 3767 Qua
1085 3706 1211 3771 semper
1233 3693 1286 3751 eet
1308 3686 1342 3748 in

295 3778 382 3835 metu
397 3792 436 3835 ne
451 3770 527 3855 quid
541 3780 660 3855 peccet.
684 3770 816 3835 Risum.

339 3856 420 3921 Ibid.
437 3856 457 3921 l.
472 3880 503 3937 4.
519 3857 655 3922 adlectio
676 3856 857 3942 explorata]
876 3856 1144 3941 Adlsgendorum.
1167 3856 1286 3921 scilicet
1309 3857 1344 3921 in

294 3943 437 4008 ordinem
459 3942 713 4008 ecclesiasticum.
738 3942 869 4006 Risum.
916 3943 1075 4019 Adleotio,
1090 3942 1260 4019 ordinatio,
1276 3944 1341 4007 bns-

295 4036 424 4110 κληρεῖν.
449 4028 586 4092 Semnan.

339 4114 421 4178 Ibid.
438 4113 458 4178 l.
476 4117 507 4179 6.
526 4113 685 4200 apparitio
703 4114 834 4198 devota]
852 4116 1022 4199 Apparent
1036 4114 1193 4198 episeopis
1214 4114 1344 4199 presby-

294 4200 364 4275 teri,
388 4199 522 4264 diaconi.
568 4202 598 4263 A
625 4206 740 4284 parent
764 4199 1005 4286 magistratibus
1026 4200 1148 4278 scribis,
1171 4221 1344 4284 pmoonee,

292 4284 426 4349 accensi.
453 4285 574 4351 Glossue
591 4222 767 4363 dhiloxeni,
783 4286 995 4371 Appetitores,
1010 4284 1223 4366 Ἐκβιβασταί.
1254 4287 1346 4350 Εἰσὶν
