2867 4817
276 300 341 365 350
618 298 998 363 ANNOTATIONES

278 467 339 531 bus
358 466 553 551 compositus
571 474 630 531 est.
675 466 772 531 Unde
791 474 920 533 constat
940 488 1055 552 parum
1072 489 1201 535 curasse
1215 468 1332 533 AElfn'-

278 574 350 617 cum
365 552 414 616 vel
434 552 598 618 decretum
617 552 695 617 illud
716 552 894 619 Innocentii
909 553 937 617 l.
959 553 1096 619 Romani
1115 555 1265 655 episcopi,
1281 556 1332 620 vel

279 638 423 703 Africani
438 638 559 703 concilii
571 640 611 703 de
625 638 713 703 libris
724 640 884 705 canonicis
892 639 1117 706 definitionem.
1147 641 1203 705 Ad
1213 641 1332 707 hbrum

283 724 370 789 Petit
388 726 473 809 quod
493 725 621 801 attinet,
644 724 706 791 etsi
731 726 759 790 is
783 748 880 812 snpra
904 726 1026 811 pariter
1048 733 1148 812 atque
1172 727 1233 791 hoc
1258 727 1331 793 looo

279 810 509 877 Ecclesiasticus
537 833 558 875 a
587 810 747 898 Cypriane
774 819 929 897 tanquam
956 812 1123 899 Scriptura
1151 835 1244 880 sacra
1272 815 1331 879 ad·

280 897 395 963 duetus
415 904 476 973 est,
491 904 646 976 attamen,
664 899 750 984 quod
763 899 798 963 in
811 898 1016 985 sequentibus
1029 899 1071 963 de
1089 900 1230 965 efficacia
1247 900 1330 965 elee-

280 1005 419 1068 mosynae
434 982 512 1048 dicit
529 982 674 1070 Raphael
688 984 828 1071 augelus,
843 986 878 1050 id
892 986 1019 1050 demum
1034 986 1182 1051 Tabithae
1195 986 1329 1051 resusci-

280 1068 403 1133 tatione
425 1068 459 1133 in
478 1067 616 1135 Actibus
634 1078 768 1137 narrata
781 1071 1020 1157 Apostolorum,
1036 1080 1167 1137 sanctus
1187 1079 1283 1157 pater
1302 1072 1330 1137 it

280 1155 463 1241 probatum.
488 1155 561 1220 vid.
573 1157 603 1239 d.
612 1156 653 1223 iv.
668 1179 700 1243 p.
713 1158 788 1238 287.
1237 1170 1241 1175 ’

325 1240 363 1304 Ρ.
377 1244 449 1319 296.
464 1239 486 1306 l.
501 1243 550 1306 16.
567 1242 726 1329 operatio]
744 1242 818 1307 Hac
828 1265 904 1309 voce
918 1243 1038 1329 passim
1048 1244 1195 1329 designat
1204 1251 1329 1321 auctor,

281 1348 374 1391 omne
389 1326 475 1403 illud,
488 1329 574 1411 qued
584 1329 669 1428 apud
680 1351 739 1394 nes
749 1330 905 1394 bonorum
915 1352 936 1393 o
976 1352 1048 1395 rum
1057 1331 1224 1395 notatione
1237 1330 1331 1395 intel·

280 1413 410 1499 ligitur:
434 1414 519 1478 unde
540 1414 586 1479 sic
609 1436 642 1479 ιιι
662 1414 734 1480 libri
755 1415 851 1502 hujus
871 1352 976 1483 tituiii²
988 1416 1168 1495 adhibetur,
1186 1423 1225 1481 ut
1245 1416 1331 1481 idem

281 1498 324 1564 sit
340 1520 411 1563 oum
426 1498 643 1585 eleemosyna:
660 1509 694 1567 et
709 1509 807 1587 eaput
820 1503 958 1588 primum
972 1503 1060 1568 tertii
1070 1504 1195 1567 libriad
1206 1502 1331 1584 ann.

281 1584 474 1663 inscribitur,
497 1586 546 1651 Do
568 1584 639 1651 loto
659 1592 758 1673 operis
775 1597 804 1651 ct
821 1588 1049 1654 misericordie.
1087 1589 1155 1653 Ubi
1173 1588 1246 1655 vide
1260 1611 1334 1674 quas

282 1672 379 1736 dicta.
403 1672 497 1735 Fam.
527 1672 677 1739 Proxime
692 1681 767 1760 post
777 1675 978 1740 scribendum
992 1676 1206 1760 putoimitoto
1217 1675 1334 1753 Deum,

282 1756 429 1822 videlicet
443 1758 497 1843 qui
511 1758 545 1822 in
554 1758 597 1823 ba
619 1759 715 1825 tismo
726 1760 941 1827 remissionem
952 1769 1155 1862 peecatorum
1163 1762 1336 1828 condonat.

328 1844 364 1907 P.
379 1862 397 1909 2
422 1857 451 1926 7.
475 1844 495 1907 l.
515 1865 543 1909 1.
616 1846 695 1911 ubre
718 1854 753 1912 et
771 1848 981 1917 emundandis
1005 1850 1242 1937 purgandisque
1263 1871 1337 1938 peo-

283 1929 377 2010 eatis]
394 1864 473 1995 «ism
492 1930 601 1996 docuit
620 1934 807 2017 Cyprianus,
821 1934 881 1999 illa
898 1934 1010 2001 delicta
1029 1959 1098 2023 qao
1111 1938 1245 2021 suerunt
1264 1950 1338 2005 outo

282 2024 436 2081 walroclo
452 2016 498 2101 (h.
510 2038 537 2081 e.
552 2024 628 2083 ante
642 2019 852 2105 baptismum)
871 2020 986 2089 ouans·
997 2026 1145 2109 scapulae
1157 2036 1185 2090 et
1200 2027 1338 2113 malpi-

283 2103 399 2166 catieae
418 2103 564 2187 paruuli.
609 2104 658 2169 At
682 2128 758 2171 vero
788 2108 932 2172 loannes
953 2110 1118 2195 apostolus
1141 2112 1175 2175 in
1199 2112 1339 2198 epistola

284 2209 351 2265 sua,
377 2188 416 2253 de
446 2190 593 2253 omnibus
621 2197 655 2255 et
680 2192 811 2278 singulis
840 2196 979 2278 peccatis
1008 2218 1116 2282 agens,
1142 2197 1191 2263 ait
1213 2221 1282 2286 cap.
1301 2200 1338 2264 ii.

284 2294 388 2337 comm
419 2294 445 2337 1.
461 2281 495 2339 st
511 2292 540 2339 2.
563 2276 676 2341 Fillcli
689 2279 759 2353 mei,
773 2278 838 2345 loeo
852 2278 948 2345 wuido
966 2280 1057 2357 ochis,
1073 2293 1108 2347 ul
1120 2304 1180 2347 nou
1196 2288 1338 2369 peccetis.

285 2358 699 2446 deduciquispccouocril,
714 2364 1166 2434 odoocmumludcmuchsum
1182 2371 1340 2437 Christum

276 2445 406 2529 justum.
443 2447 490 2511 El
503 2448 566 2532 ipsse
580 2458 621 2513 cst
633 2451 819 2535 propitiatio
826 2474 888 2537 pso
905 2456 1039 2537 pcccatis
1054 2457 1173 2521 uostris.
1205 2457 1340 2523 Etenim

285 2531 441 2611 Christus,
458 2532 547 2598 Deus
567 2541 601 2598 et
622 2534 728 2615 homo,
743 2537 840 2603 Μία
860 2548 902 2603 ssl
922 2561 983 2605 oon
1001 2551 1121 2606 toalias
1134 2564 1198 2629 pro
1210 2557 1339 2630 peccam

284 2618 422 2701 eriphia
436 2618 489 2683 scd
500 2620 594 2685 ctiam
600 2642 662 2706 pro
675 2623 812 2688 omnen
824 2624 994 2692 actualibus
1009 2627 1163 2693 lomim
1174 2634 1335 2715 pomae,-

283 2710 380 2851 ppout
402 2704 436 2766 in
457 2705 610 2771 Animalia
631 2708 728 2773 Fidei
751 2732 818 2776 suoe
841 2712 973 2777 ecclesia
995 2714 1133 2801 Angliea
1153 2718 1335 2801 profitetur.

315 2789 365 2853 ide
378 2789 424 2853 *in
450 2791 569 2857 Christi
591 2794 777 2880 sangninem
799 2805 933 2881 peccata
954 2801 1060 2865 omnia
1080 2812 1270 2889 purgantur,
1294 2828 1336 2872 uc

283 2874 346 2939 fide
365 2897 462 2961 opera
482 2876 567 2943 bona
587 2878 670 2945 fiunt
688 2880 828 2947 efficacia
845 2885 888 2949 ad
908 2885 1180 2969 justificationem.
1216 2890 1336 2961 Conler

284 2960 318 3025 S.
331 2962 447 3026 Jacobi
457 2963 558 3047 Epist
568 2964 600 3028 ii.
614 2984 664 3046 24.
680 2974 714 3032 et
729 2967 762 3032 S.
775 2969 868 3033 Pauli
882 2971 929 3035 od
941 2973 1096 3039 Titumiii.
1109 2975 1139 3039 8.
1155 2996 1204 3059 14
1228 2978 1334 3049 Pon-o

282 3056 426 3131 operum
444 3049 511 3113 ideo
530 3051 605 3135 quic
622 3052 728 3131 uadit,
742 3054 823 3119 bene
841 3056 889 3120 ait
903 3057 1081 3144 Cyprianus
1095 3070 1173 3127 ante
1191 3067 1334 3136 medium

282 3133 366 3233 hune
387 3133 528 3199 libellum
555 3137 585 3219 ξ.
596 3158 628 3287 p.
651 3140 707 3203 sed
730 3140 795 3206 fere
820 3141 939 3207 ibidem
963 3147 1080 3213 statuit
1104 3150 1329 3239 admonetque,

282 3228 378 3282 ostam
400 3229 545 3285 aelcsaom
571 3224 992 3326 &acinaces-spretionem
1011 3232 1255 3319 ‹lupatrimoaio
1275 3262 1331 3307 suo

281 3304 809 3463 uushmss
823 3316 1330 3485 Cethhldfflh

281 3475 416 3541 tior-rbus
432 3477 559 3561 quidem
573 3480 730 3569 theologis
748 3484 894 3551 videatur
908 3488 1094 3576 Cyprianus,
1110 3495 1280 3583 Origenem
1295 3501 1329 3565 in

281 3562 341 3625 hac
356 3584 391 3627 re
405 3562 546 3650 aliosque
560 3575 683 3633 veteres
697 3570 869 3656 scriptores
879 3573 1032 3642 imitatus
1073 3581 1137 3646 Sed
1151 3582 1250 3649 etiam
1265 3586 1330 3651 Po·

280 3647 426 3734 lyearpus
446 3649 480 3714 in
501 3653 629 3739 egregia
650 3676 709 3721 sua
728 3656 863 3806 :pistols
878 3662 907 3742 q.
921 3682 970 3727 10.
993 3663 1054 3729 hoo
1074 3670 1207 3748 monuit,
1227 3672 1330 3752 wasa

273 3735 396 3834 putastis
417 3733 594 3821 benefacere,
616 3740 708 3806 aclitc
752 3743 862 3826 ΨΜ,
882 3749 958 3832 qaia
977 3749 1159 3839 olcccswm
1179 3757 1218 3822 ds
1234 3770 1329 3826 mous

279 3818 395 3898 biaut
418 3828 535 3887 testem
563 3824 675 3904 citans,
702 3831 967 3912 quemadmodum
995 3836 1181 3922 Cyprianus,
1210 3843 1328 3912 librum

283 3904 370 3970 Totis
384 3907 437 3971 xii.
452 3929 483 3987 4.
521 3908 567 3975 Et
582 3911 728 3978 Christus
747 3915 815 4000 ipse
829 3939 927 4004 opera
940 3922 1164 3991 misericordiae
1178 3950 1217 3993 uo
1230 3930 1326 3997 bene

132 4024 149 4045 .
280 3991 360 4069 ficia,
377 4015 448 4077 quae
462 3994 495 4057 in
510 4018 585 4061 suos
602 3998 720 4064 collata
737 4000 865 4082 inerint,
880 4014 1003 4072 esterna
1015 4009 1168 4078 felicitate
1181 4036 1326 4083 remune

279 4084 425 4177 saturum
444 4102 478 4145 se
497 4104 566 4148 esse
580 4084 756 4169 pollicetur.
793 4088 842 4155 Ac
856 4112 931 4157 vero
945 4093 1005 4158 hoc
1024 4094 1089 4175 fiet,
1109 4120 1173 4163 non
1192 4112 1327 4189 propter

278 4170 428 4264 mentum
452 4169 623 4233 eorundem
645 4192 786 4257 operum,
809 4178 865 4241 sed
886 4187 1018 4264 propter
1036 4181 1154 4249 Christi
1177 4198 1326 4265 mortem,

278 4257 519 4337 pactionemque
534 4255 602 4339 ejus
616 4279 688 4323 oum
702 4258 881 4327 hominibus
896 4265 1139 4334 misericordem.
