2867 4817
511 241 744 309 EPITOME.
1085 241 1149 306 385

94 450 173 499 non
188 425 345 496 babebit.
384 422 485 493 Tunc
501 428 539 492 et
555 418 656 511 impii
673 425 868 512 resurgent,
881 439 953 488 non
969 417 1015 487 ad
1028 415 1149 499 vitam,

95 545 163 615 sed
185 541 230 613 ad
253 563 406 634 poenam.
452 538 524 608 Eos
547 557 698 629 quoque,
716 535 871 605 secunda
894 533 1150 604 resurrectione

97 660 205 742 facta,
223 657 323 729 Deus
339 655 520 737 excitabit,
537 660 579 722 ut
597 651 642 722 ad
662 659 836 744 perpetua
857 657 1037 720 tormenta
1054 651 1151 722 dam-

97 779 188 860 nati,
205 784 242 846 et
259 773 398 845 aetemis
419 771 561 867 ignibus
578 768 710 851 traditi,
728 768 856 838 merita
872 790 936 860 pro
961 767 1151 840 sceleribus
1202 857 1205 862 Ι

98 893 175 965 suis
192 892 364 986 supplicia
379 887 591 984 persolvant.

493 1099 761 1174 EPILOGUS.

156 1243 275 1328 Quare
296 1263 406 1333 quum
431 1239 507 1308 baec
532 1237 652 1308 omnia
676 1259 761 1308 vera
784 1245 823 1308 et
850 1245 948 1309 certa
969 1238 1050 1324 sint,
1074 1262 1153 1333 pro-

102 1359 293 1454 phetarum
327 1355 487 1426 omnium
525 1355 733 1425 consonanti
766 1354 1035 1426 adnuntiatione
1069 1379 1155 1449 prae-

103 1476 212 1555 dicta,
237 1495 348 1565 quum
373 1471 499 1541 eadem
521 1469 780 1563 Trismegistus,
798 1471 923 1540 eadem
948 1469 1155 1566 Hystaspes,

104 1592 233 1663 eadem
257 1587 400 1683 Sibyllae
423 1588 627 1672 cecinerint,
652 1586 805 1657 dubitari
828 1610 900 1658 non
922 1596 1052 1681 potest,
1070 1590 1156 1681 quin

105 1729 188 1801 spes
210 1705 325 1776 omnis
349 1705 433 1775 vitae
458 1727 500 1774 ac
525 1703 648 1773 salutis
672 1704 710 1772 in
734 1702 808 1774 sola
825 1701 895 1774 Dei
917 1703 1087 1799 religione
1109 1706 1157 1778 sit

105 1825 234 1919 posita
269 1822 397 1914 Itaque
412 1822 480 1892 nisi
497 1819 606 1890 bomo
623 1819 806 1891 Christum
825 1823 1029 1915 susceperit,
1050 1847 1157 1917 quem

107 1941 210 2011 Deus
226 1938 272 2009 ad
289 1937 536 2009 liberationem
552 1936 650 2006 misit
666 1944 775 2029 atque
797 1937 966 2010 missurus
985 1947 1061 2023 est;
1090 1941 1158 2012 nisi

107 2077 290 2128 summum
308 2052 428 2124 Deum
452 2051 633 2123 Christum
651 2050 712 2141 (al.
732 2052 851 2126 Deum
873 2077 938 2148 per
960 2061 1058 2152 eum)
1076 2079 1158 2150 cog-

107 2171 264 2252 noverit3
280 2169 348 2238 nisi
365 2169 531 2238 mandata
542 2168 618 2260 ejus
631 2167 819 2263 legemque
832 2174 1033 2257 servaverit,
1046 2173 1084 2242 in
1099 2197 1158 2246 eas

108 2287 245 2360 incidet
261 2307 394 2379 poenas,
411 2284 597 2378 dequibus
613 2283 724 2356 locuti
742 2309 876 2360 sumus.
924 2288 1078 2360 Proinde
1091 2290 1160 2362 fra·

109 2404 198 2501 gilia
213 2401 475 2474 contemnenda
489 2409 583 2485 sunt,
597 2409 639 2473 ut
651 2400 764 2475 solida
776 2426 1045 2500 consequamur3
1066 2431 1161 2502 sper·

110 2522 230 2594 nenda
246 2527 396 2600 terrena,
408 2524 452 2587 ut
467 2516 671 2588 coelestibus
690 2517 927 2608 honoremur;
952 2525 1162 2619 temporalia

111 2636 290 2731 fugienda,
303 2648 347 2705 ut
359 2633 404 2705 ad
417 2642 549 2704 aeterna
560 2634 753 2707 veniamus.
797 2637 996 2714 Erudiatse
1013 2645 1162 2738 quisque

111 2755 359 2847 adjustitiam,
376 2752 546 2823 reformet
567 2753 612 2822 ad
636 2754 902 2842 continentiam,
922 2770 1095 2853 praeparet
1116 2762 1162 2832 ad

112 2893 277 2966 agonem,
302 2870 454 2939 instruat
478 2867 524 2938 ad
550 2869 731 2954 virtutem,
757 2879 808 2956 ut,
832 2875 860 2944 si
886 2875 978 2948 forte
1003 2879 1164 2950 adversa-

113 2988 190 3059 rius
211 2985 380 3056 indixerit
402 2983 548 3070 bellum,
572 2986 670 3057 nulla
693 2988 740 3071 vi,
765 2987 865 3060 nullo
889 2999 1032 3077 terrore,
1057 2994 1164 3068 nullis
1297 3011 1301 3023 ’

114 3100 331 3176 cmciatibus
348 3123 370 3172 a
385 3109 484 3171 recto
500 3110 539 3173 et
561 3103 656 3173 bono
673 3104 881 3197 depellatur.
926 3107 1012 3179 Non
1028 3132 1066 3182 se
1084 3111 1166 3183 sub·

115 3226 253 3293 sternat
275 3217 537 3289 insensibilibus
558 3220 747 3314 figmentis,
766 3223 828 3293 sed
845 3245 968 3294 verum
990 3234 1027 3296 et
1050 3227 1165 3298 solum

116 3338 240 3408 Deum
264 3344 383 3406 rectus
405 3344 595 3428 agnoscat;
620 3337 763 3429 abjiciat
784 3336 993 3434 voluptates,
1018 3367 1167 3438 quarum

115 3453 296 3526 illecebris
317 3452 436 3522 anima
457 3451 630 3524 sublimis·
644 3455 854 3546 deprimitur
873 3457 917 3527 ad
936 3465 1088 3545 terram3
1114 3469 1168 3533 te-

116 3578 204 3642 neat
231 3567 495 3651 innocentiam
528 3570 639 3661 prosit
665 3570 952 3664 quamplurimis3
990 3576 1169 3671 incorrup-

118 3685 240 3757 tibiles
253 3684 319 3757 sibi
329 3682 514 3755 thesauros
526 3684 628 3755 bonis
641 3686 806 3780 operibus
816 3689 984 3782 acquirat,
995 3700 1037 3763 ut
1048 3695 1169 3786 possit,

120 3801 203 3874 Deo
221 3801 355 3894 jndice,
380 3822 445 3893 pro
474 3801 616 3872 virtutis
642 3824 714 3873 suae
744 3805 889 3890 meritis,
917 3805 975 3878 vel
1005 3831 1170 3883 eoronam

118 3919 215 4002 fidei,
233 3916 290 3989 vel
306 3917 495 4010 praemium
511 3917 789 3992 immortulitatis
805 3922 961 4015 adipisci.
