2867 4817
261 284 303 346 10
675 288 893 352 CANONES

261 456 440 536 ἐκπίπτειν
458 465 522 536 τοῦ
540 456 686 562 κλήρου·
717 465 746 540 εί
765 459 803 540 δὲ
822 457 945 543 λαἰκός
971 493 1025 544 τις
1043 458 1107 559 εἴη,
1126 461 1186 538 καὶ
1211 459 1319 543 οὗτος

262 583 581 688 ἁναθεματιζέσθω,
600 585 694 666 καθὰ
717 587 863 691 εἴρηται.

317 843 504 919 ΨΗΦΟΣ
526 844 590 939 τῆς
614 842 722 940 αι’πῆς
745 841 850 942 ἁγίας
875 839 1039 937 συνόδου,
1064 842 1317 948 ἐκφωνηθεῖσα

260 967 299 1045 ἐκ
316 967 590 1070 προσελεύσεως
607 967 799 1069 γενομένης
817 970 907 1074 ain}
924 966 1025 1071 παρὰ
1042 973 1115 1046 τῶν
1140 969 1315 1071 Κυπρίων
1324 1008 1343 1066 5

260 1092 479 1175 ἐπισκόπων.

638 1227 842 1304 ΚΑΝΩΝ
876 1229 928 1302 Η.

316 1351 478 1454 Πρᾶγμα
499 1348 598 1453 παρὰ
621 1347 702 1434 τοὺς
726 1350 1046 1450 ἐκκλησιαστνςοὺς
1069 1350 1226 1452 θεσμοὺς
1254 1352 1313 1430 καὶ

260 1475 342 1560 τοὺς
373 1475 522 1562 κανόνας
555 1484 626 1557 τῶν
659 1478 772 1580 ἁγίων
802 1478 968 1582 πατέρων
992 1478 1313 1579 καινοτομούμενον

259 1607 318 1681 καὶ
335 1607 398 1703 τῆς
413 1602 558 1684 πάντων
581 1605 781 1707 ἐλευθερίας
809 1603 1019 1704 ἁπτόμενον,
1044 1604 1312 1709 προσήγγειλεν
1323 1654 1365 1693 10

259 1733 279 1809 ὁ
308 1731 588 1838 θεοφιλέστατος
615 1733 883 1816 σννεπισκοπος
899 1733 1075 1834 Ῥηγῖνος,
1095 1735 1153 1813 καὶ
1177 1737 1210 1812 oi
1239 1731 1312 1812 σὺν

258 1859 354 1966 αὐτῷ
371 1859 646 1966 θεοφιλέστατοι
659 1861 849 1940 ἐπίσκοποι
866 1863 931 1958 τῆς
946 1861 1120 1962 Κυπρίων
1137 1861 1318 1964 ἐπαρχίας

260 1984 386 2086 Ζήνων
399 1991 458 2067 καὶ
477 1985 666 2091 Εὐιίγριος·
688 1985 781 2085 ὅθεν,
798 1983 918 2085 ἐπειδὴ
936 1984 983 2065 τὰ
1001 1985 1102 2066 κοινὰ
1118 1985 1218 2086 πάθη
1234 1988 1311 2087 μεί-

257 2112 356 2216 ζονος
369 2115 477 2192 δεῖται
495 2116 559 2211 τῆς
578 2109 775 2214 θεραπείας,
793 2113 841 2195 ὡς
856 2113 913 2191 καὶ
928 2110 1070 2214 μείζονα
1083 2108 1149 2211 τήν
1159 2111 1311 2212 βλάβην

257 2239 425 2346 φέροντα,
444 2241 502 2316 καὶ
524 2236 689 2338 μάλιστα
713 2243 743 2317 εί
763 2236 854 2338 μηδὲ
876 2237 957 2324 ἔθος
978 2242 1129 2345 ἀρχαῖον
1150 2275 1310 2345 παρηκο-
1323 2274 1359 2335 15

256 2366 445 2468 λούθησεν,
459 2363 555 2444 ὥστε
568 2361 632 2444 τὸν
645 2363 844 2473 ἐπίσκοπον
857 2367 922 2463 τῆς
932 2364 1148 2469 Ἀντιοχέων
1156 2366 1310 2464 πολέως,

255 2493 320 2578 τὰς
333 2496 371 2575 ἐν
386 2491 524 2602 Κύπρῳ
542 2497 723 2573 ποιεῖσθαι
740 2491 965 2596 χειροτονίαις,
981 2490 1076 2573 καθὰ
1088 2493 1148 2572 διὰ
1161 2501 1234 2575 τῶν
1251 2509 1311 2574 λι.

254 2621 404 2718 βέλλων
422 2623 480 2701 καὶ
497 2626 570 2700 τῶν
588 2619 724 2699 οἰκείων
741 2623 872 2725 φωνῶν
890 2618 1056 2725 ἐδίδαξαν
1079 2624 1113 2698 οἱ
1130 2621 1310 2717 εὐλαθέσ-

254 2784 356 2831 τατοι
374 2747 498 2851 ἄνδρες
523 2753 556 2828 οἱ
573 2745 640 2846 τὴν
661 2743 845 2849 πρόσοδον
861 2780 907 2851 πη
927 2746 1014 2852 ἁγίᾳ
1037 2745 1180 2855 συνόδῳ
1198 2783 1305 2848 ποιη-

253 2875 416 2975 σάμενοι,
433 2875 557 2982 ἕξουσι
574 2873 616 2954 τὸ
635 2870 903 2975 ἀνεπηρέαστον
916 2874 975 2952 καὶ
988 2873 1168 2970 ἄβίαστον
1186 2881 1220 2954 οἱ
1233 2883 1308 2957 τῶν
1319 2915 1359 2954 20

254 3004 368 3106 ἁγίων
385 3006 586 3103 ἐκκλησιῶν
603 3007 676 3081 τῶν
700 2998 792 3080 κατὰ
809 2996 877 3098 τήν
901 2998 1053 3105 Κύπρον
1069 3009 1307 3104 προεστῶτες,

254 3205 364 3266 militer
387 3205 519 3266 excidat:
548 3206 572 3266 si
596 3206 634 3264 sit
659 3215 758 3264 autem
798 3200 964 3262 libertatem
976 3201 1180 3282 attingentem,
1195 3225 1306 3266 renuo.

254 3287 434 3364 quinimmo,
449 3286 711 3366 anathemayizetur
727 3296 758 3345 et
798 3282 884 3342 cinvit
902 3282 986 3341 nobis
1006 3283 1140 3363 inprimis
1159 3287 1228 3364 pius
1242 3289 1306 3369 epi.

253 3372 327 3450 ipse,
342 3380 376 3429 ut
390 3369 471 3450 prius
485 3369 595 3428 dictum
610 3376 665 3426 est.
798 3383 903 3443 scopus
917 3362 1059 3442 Reginus,
1074 3367 1170 3443 etqui
1188 3387 1254 3426 oum
1269 3389 1306 3428 oo

796 3452 876 3517 nunt,
892 3443 1067 3523 Cypriorum
1087 3446 1245 3523 provincio
1258 3469 1305 3508 re·

287 3533 446 3592 Decretum
458 3541 563 3590 sanctu
574 3527 677 3608 synodi
687 3548 755 3608 pro·
796 3523 972 3602 ligionisoimi
1000 3526 1139 3605 episcopi,
1163 3529 1246 3587 Zeno
1273 3539 1305 3589 et

252 3613 415 3690 mulgntum
429 3633 446 3670 ο
460 3609 682 3691 supplicatione,
698 3609 757 3668 foc-
797 3603 952 3683 Euagrius.
999 3604 1200 3677 Quamobrem
1229 3629 1304 3687 quo·

252 3705 283 3754 ta
297 3693 391 3754 eidem
406 3714 423 3751 a
437 3692 552 3772 Cypriis
566 3690 720 3770 episcopis.
796 3683 874 3780 nium
892 3705 1063 3780 oommuneo
1084 3688 1178 3746 morbi
1199 3690 1304 3785 mojori

543 3821 635 3881 vm.
795 3764 1303 3922 numinum?

294 3923 369 3982 Rem
387 3931 491 4002 proeter
509 3919 588 3999 leges
608 3919 755 3979 ecclesias·
795 3935 826 3984 et
855 3927 981 3985 maxime
1005 3928 1029 3986 ni
1060 3947 1155 4006 neque
1182 3895 1304 4008 antiqui

251 4005 324 4065 tiens
337 4014 367 4064 ot
385 4011 549 4062 sanctorum
571 4011 688 4081 potrum
707 4022 754 4060 en-
796 4007 978 4067 oonouetudo
1005 4020 1161 4068 consecuta
1187 4021 1242 4076 ent,
1267 4021 1303 4069 ut

252 4104 342 4144 nones
363 4084 538 4150 innovatam,
568 4093 597 4142 et
621 4083 777 4162 Omniumx
795 4087 988 4148 Antiocheno
1002 4089 1130 4150 civitatis
1146 4091 1302 4171 opiooopus
