2867 4817
126 286 339 351 ANNOTT.
357 286 407 350 IN
425 287 516 351 LIB.
533 274 1151 357 DIURN.ROM.PON'I'IFF.157

103 465 125 492 ⁶⁶
139 478 227 521 more
248 456 344 520 inisse
365 457 514 556 positum,
538 464 577 523 ut
598 456 749 523 defuncto
772 456 920 543 pontifice
946 459 988 523 ab
1012 458 1073 537 his,
1095 458 1149 544 qui

103 548 125 578 ⁶⁶
139 542 225 606 sedis
243 541 426 627 apostolrcoe
445 542 544 607 vicem
563 542 743 622 servabant,
758 542 914 609 exarchus
933 543 1093 609 Rorennae
1111 566 1151 609 ea

103 634 125 664 ⁶⁶
139 627 181 692 de
205 648 241 692 re
263 626 380 691 certior
404 628 612 703 redderetnr;
644 635 679 694 et
702 636 742 694 nt
766 628 868 694 electo
893 629 1150 695 convenientibus

103 720 126 749 ⁶⁶
139 735 205 776 non
227 712 302 777 cleri
326 712 432 790 modo,
459 714 516 778 sed
537 714 730 798 optimatum
755 714 910 780 etiamst
934 714 1043 801 populi
1067 715 1151 780 votis

105 806 126 834 ⁶⁶
141 818 329 875 successore,
344 798 459 863 relatio
476 799 520 863 ad
533 799 760 885 imperatorem
770 800 836 866 ΟΡ.
850 798 973 879 fierent,
987 800 1152 865 electionis

104 890 127 919 ⁶⁶
140 883 404 969 approbationem
422 884 576 949 submisse
594 904 612 947 r
673 906 729 949 ns:
753 884 857 949 missis
880 884 978 949 etiarn
1001 886 1044 949 ad
1064 884 1148 970 opti·

104 976 127 1005 ⁶⁶
140 976 245 1033 matos
258 975 328 1033 tum
347 968 507 1034 Revennae
525 976 597 1034 tum
657 970 886 1070 nstantinopoli
903 969 1024 1056 positos
1038 970 1150 1049 literis,

104 1062 127 1090 ⁶⁶
140 1054 299 1153 praeoipue
319 1075 395 1118 vero
415 1055 459 1118 ad
480 1054 660 1133 exarchum,
684 1061 721 1119 ut
746 1055 932 1119 electionem
952 1055 1002 1120 vel
1026 1055 1153 1119 nomine

105 1138 291 1224 “principis
316 1140 529 1217 confirmaret,
554 1140 604 1204 vel
629 1140 878 1205 confirmandum
903 1147 1039 1205 curaret.
1084 1140 1153 1205 Neo

105 1232 127 1260 ⁶⁶
141 1224 202 1288 nisi
212 1231 345 1309 accepta
356 1225 482 1288 demum
492 1225 553 1289 heo
563 1225 803 1289 confirmatione
814 1226 998 1325 pontificem
1010 1225 1151 1291 ordinari

106 1316 128 1345 ⁶⁶
142 1309 191 1374 fas
205 1316 285 1375 erat.
332 1309 410 1392 Quae
424 1311 532 1374 omnia
548 1332 589 1374 ex
605 1310 682 1395 ipsis
696 1310 839 1374 formulis
855 1311 920 1376 sole
934 1311 1069 1376 clariora
1087 1311 1151 1375 elu-

106 1402 128 1430 ⁶⁶
142 1401 281 1460 eesount.
327 1406 370 1459 2⁰.
387 1395 575 1459 Pontificem
591 1395 727 1480 jamjam
745 1394 956 1471 ordinandum
975 1398 1018 1462 ad
1038 1418 1154 1483 corpus

107 1489 128 1516 ⁶⁶
142 1480 181 1544 Β.
197 1480 288 1545 Petri
303 1480 474 1545 solemnem
487 1479 561 1544 fidei
579 1481 807 1565 professionem
826 1482 920 1545 edere
934 1482 1073 1559 solitum,
1089 1504 1153 1568 qua

107 1574 129 1601 ⁶⁶
143 1588 208 1629 non
228 1566 323 1630 modo
345 1588 402 1629 sex
423 1588 515 1630 secra
535 1567 730 1633 oecumenioa
747 1566 878 1632 eoncilia
897 1567 1015 1632 diserte
1037 1589 1150 1654 appro-

107 1659 129 1688 ⁶⁶
143 1651 241 1729 bavit,
270 1672 380 1716 verum
407 1662 526 1717 maora
552 1653 623 1716 aooi
650 1652 785 1745 heroid
817 1652 972 1738 depretia,
1002 1654 1151 1739 Seretion,

107 1744 129 1773 ⁶⁶
143 1738 311 1816 Pyrrham,
344 1736 485 1816 Paolum,
516 1748 543 1802 et
572 1739 703 1801 Petram
735 1739 804 1802 GP.
826 1759 890 1803 roro
920 1759 988 1802 crem
1017 1738 1154 1802 Honorio

107 1916 129 1944 u
142 1821 1079 1989 tifflmwlicffliitliimtt
1093 1828 1153 1973 il

108 2002 129 2029 ⁶⁶
143 1993 290 2057 minutim
314 1993 458 2077 perculit.
502 1991 598 2057 Unde
623 1993 792 2058 manifesto
815 1999 942 2059 constat
964 1992 1055 2060 futile
1076 1994 1154 2058 illud

107 2086 130 2115 ⁶⁶
140 2077 280 2156 Baronii,
293 2077 485 2156 Bellarmini,
495 2086 530 2143 et
538 2077 752 2143 recentiorum
762 2077 1055 2164 hyperaspistarum
1067 2104 1154 2160 κρησ-

109 2171 130 2200 “
145 2166 286 2245 φύγετον,
307 2163 361 2247 qui
382 2162 519 2228 Honorii
540 2186 655 2227 nomen
673 2162 768 2228 Actis
787 2170 887 2229 sextae
902 2164 1014 2249 synodi
1030 2187 1052 2229 a
1066 2164 1154 2229 Gras-

109 2257 130 2286 ⁶⁶
143 2248 215 2312 oulo
230 2249 368 2334 quodam
382 2249 479 2313 fuisse
498 2248 665 2325 intrusum,
681 2250 802 2333 absque
814 2250 865 2313 vel
878 2249 1035 2313 levissima
1048 2249 1154 2315 verisi-

108 2342 130 2370 ⁶⁶
144 2333 333 2399 militudinis
342 2334 466 2407 umbra,
478 2334 768 2398 comminiscuntur.
807 2334 882 2399 Alia
895 2334 1007 2399 lectori
1018 2333 1155 2420 antiqui-

109 2426 131 2456 ⁶⁶
144 2418 226 2484 tatis
250 2419 470 2484 eccledastioae
492 2419 616 2484 curioso
638 2425 755 2484 notatu
779 2440 856 2484 sane
880 2420 1063 2506 dignissima
1085 2421 1156 2521 ipse

109 2512 132 2543 ⁶⁶
146 2503 245 2569 Libri
258 2505 380 2569 Dianai
392 2504 487 2569 lectio
501 2503 728 2604 suppeditabit.
766 2504 940 2570 Vetustum
955 2505 1049 2590 hujus
1064 2505 1164 2583 Labe-i

110 2597 131 2627 ⁶⁶
146 2590 268 2654 Dicrai
287 2590 426 2654 codicem
445 2611 486 2653 ex
506 2590 673 2654 Hdarione
687 2590 835 2655 Rancato
848 2590 1049 2657 cisterciensi
1068 2612 1153 2656 aceo

111 2684 132 2712 ⁶⁶
146 2682 240 2823 pprat
252 2675 329 2739 olim
340 2674 406 2739 Leo
416 2674 567 2754 Allstius,
578 2681 613 2739 et
625 2675 820 2775 exscriptum
834 2675 995 2777 publicare
1005 2676 1038 2739 in
1049 2676 1156 2741 animo

111 2767 132 2797 ⁶⁶
190 2760 280 2836 buit,
304 2782 414 2826 verum
428 2760 634 2845 impressione
647 2761 817 2845 prohrbita,
833 2783 867 2825 ιιι
880 2760 982 2825 lucem
999 2762 1093 2826 edere
1106 2762 1156 2827 fos

112 2852 133 2883 ⁶⁶
146 2846 176 2910 ei
189 2868 255 2909 non
268 2855 357 2911 erat:
381 2846 465 2910 huno
478 2846 583 2932 ipsum
597 2846 737 2910 codicem
751 2846 889 2931 inspexit
900 2845 938 2910 ol
951 2846 1157 2913 Mabillonius

112 2938 134 2968 ⁶⁶
148 2938 183 2996 et
203 2932 317 2996 exinde
363 2931 478 2996 lurima
503 2932 670 3016 excerpsit,
697 2953 768 3015 quse
795 2953 854 3017 sup
876 2931 1005 2995 lementi
1025 2932 1092 2997 vioe
1112 2932 1156 2997 ad

112 3016 320 3082 “editionem
424 3017 567 3081 erianam
580 3016 812 3081 nobisexbibet
863 3016 940 3081 usaei
953 3017 1027 3081 Ital.
1038 3024 1117 3082 tom.
1128 3018 1155 3083 1.

113 3110 134 3139 ⁶⁶
147 3110 234 3190 part.
244 3103 278 3166 ii.
288 3124 366 3216 pag.
403 3121 432 3167 ι.
446 3102 518 3167 vide
537 3102 635 3168 etiam
654 3123 726 3186 quse
747 3102 846 3167 habet
865 3102 909 3167 lc,
925 3101 997 3166 Ital.
1014 3110 1091 3168 scot.
1147 3152 1155 3169 .

115 3195 134 3225 ⁶⁶
148 3210 222 3289 pag.
234 3204 287 3271 77.
330 3122 437 3252 voil.
452 3188 534 3253 Her.
547 3188 611 3251 Ls't.
632 3208 703 3287 pag.
717 3189 791 3251 620.
822 3186 1048 3271 Supplemento
1068 3124 1155 3253 Libri

113 3274 230 3338 Drurni
243 3274 277 3337 in
294 3273 498 3338 eruditissimi
519 3272 697 3353 Mobillomi
714 3274 823 3337 Mosco
842 3271 954 3335 Italico
966 3294 999 3357 p.
1012 3292 1031 3358 3
1033 3292 1064 3357 5.
1084 3274 1157 3338 sub-

110 3360 201 3444 jecta
214 3366 264 3423 est
274 3359 343 3423 baeo
353 3358 529 3423 adnotatio.
556 3364 577 3394 ⁶⁶
592 3357 690 3422 Liber
699 3358 842 3421 Diurnus
854 3357 1068 3421 Romanorum
1078 3380 1157 3444 pon-

115 3451 136 3481 ⁶⁶
150 3446 285 3523 tifionm,
299 3450 400 3509 tantae
415 3445 575 3529 quondam
589 3444 676 3529 apud
689 3464 745 3507 eos
756 3440 970 3521 auctoritatis,
985 3443 1045 3507 etsi
1062 3444 1159 3509 modo

116 3530 279 3615 “penitus
300 3530 471 3608 obsoletus,
493 3550 557 3592 non
578 3536 687 3593 tamen
707 3528 838 3613 insuper
858 3528 1022 3593 habendus
1043 3536 1093 3594 est
1116 3530 1158 3595 ob

115 3622 137 3651 ⁶⁶
150 3611 354 3702 antiquitatis
364 3614 680 3679 commendationem.
707 3613 910 3699 Quapropter
920 3614 1034 3679 eumin
1045 3636 1159 3681 manus

116 3711 137 3740 ⁶⁶
151 3709 279 3766 nostras
293 3700 454 3767 incidisset
467 3698 716 3765 vetustissimum
734 3720 890 3763 annorum
904 3699 968 3764 ooti
1030 3708 1158 3766 ntorum

115 3796 139 3829 ⁶⁶
153 3788 324 3873 exemplar,
346 3808 409 3872 quo
427 3806 504 3851 usus
523 3792 572 3850 est
593 3785 696 3849 Lucas
713 3783 901 3849 Holstenius
916 3784 950 3848 in
1015 3788 1159 3852 ornanda

116 3882 138 3911 ⁶⁶
151 3874 216 3952 illa,
240 3894 335 3957 quam
354 3872 580 3949 meditabatur,
601 3869 732 3955 hujusce
752 3869 825 3934 libri
847 3869 1004 3945 editione;
1030 3871 1158 3956 aliquod

117 3968 138 3997 ⁶⁶
152 3980 257 4045 operte
293 3958 409 4023 retium
423 3979 482 4022 nos
500 3958 641 4022 facturos
659 3954 916 4033 existimavimus,
932 3954 1159 4041 sipraediotum

117 4054 265 4129 “exemp
328 4065 399 4107 oum
412 4043 552 4108 editione
568 4041 767 4107 Gameriana
785 4040 1006 4106 conferremus.
1044 4042 1159 4108 Exem-

117 4140 139 4169 ⁶⁶
153 4132 241 4218 plum
255 4129 380 4207 codicis,
396 4150 490 4214 quem
504 4128 653 4193 Hilarior
670 4126 835 4191 Raneatus
853 4128 1026 4192 monachus
1042 4126 1161 4193 (lister-

117 4226 138 4253 ⁶⁶
152 4215 265 4283 ciensis
281 4214 450 4279 Holstenio
470 4215 513 4278 ad
530 4235 627 4279 unam
645 4219 781 4292 noctem,
797 4220 835 4279 ut
854 4212 888 4277 in
909 4212 1030 4279 Itinere
1048 4221 1161 4280 nostro
