2867 4817
357 311 359 318 ’
460 347 609 411 mnne
632 346 825 411 ruinius.
1098 348 1164 413 css

116 533 175 595 est
208 522 332 607 rabies,
360 531 467 616 atque
500 521 647 594 hostiles
678 544 805 593 manus
837 522 1001 594 cohibere
1033 546 1055 593 e
1087 546 1165 595 san·

116 642 228 735 gulae
254 642 395 735 cognati
421 642 609 711 animantis
639 641 801 733 occoepit
853 640 958 725 Quod
986 640 1016 711 si
1042 662 1164 712 omnes

118 760 275 841 omnino,
299 760 360 851 qui
380 758 542 829 homines
565 779 640 829 esse
665 780 703 828 se
730 782 804 828 non
823 760 941 852 specie
967 780 1163 851 corponrm,

118 875 184 945 sed
218 875 363 945 rationis
394 874 599 969 intelligrmt
631 883 818 968 potestate,
847 874 1058 945 salutaribus
1089 874 1165 967 ejus

101 991 344 1091 ¹pacificisque
367 993 516 1062 decretis
539 1013 660 1061 curem
683 990 816 1062 vellent
839 992 1061 1061 commodare
1080 1013 1165 1083 pau·

120 1108 238 1201 lisper,
255 1116 293 1178 et
315 1130 386 1178 non
408 1108 502 1178 festu
525 1116 562 1177 et
585 1106 770 1201 supercilio
790 1106 942 1191 luminis,
959 1108 1031 1177 suis
1047 1108 1165 1199 potius

119 1224 291 1306 sensibus,
326 1246 432 1315 quam
467 1222 561 1294 illius
594 1225 926 1296 commonitionibus
959 1225 1165 1308 crederent3

119 1340 305 1411 universus
315 1340 529 1432 jamdudum
545 1340 640 1411 orbis
655 1342 798 1413 mitiora
813 1343 851 1413 in
867 1364 973 1435 opera
988 1342 1163 1412 conversis

120 1454 248 1527 usibus
270 1455 362 1537 ferri,
386 1456 641 1549 tranquillitate
666 1459 703 1527 in
727 1457 933 1528 mollissima
956 1458 1110 1552 degeret,
1127 1465 1165 1527 et

121 1574 162 1643 in
184 1562 404 1643 concordiam
429 1572 618 1644 salutarem
640 1576 852 1668 Incorruptie
870 1574 1042 1645 foedemm
1066 1596 1165 1645 sanc·

120 1688 279 1759 tionibus
296 1689 509 1760 conveniret.

174 1802 264 1875 VII.
282 1804 355 1877 Sed
377 1806 406 1877 si
428 1826 492 1899 per
514 1827 586 1889 ros,
603 1806 778 1898 inquiunt,
794 1808 884 1878 nibil
904 1809 1010 1879 rebus
1032 1807 1166 1877 incom-

121 1922 288 1993 modetur
311 1922 484 2005 humenis,
506 1922 603 1993 unde
627 1931 710 1993 sunt
734 1922 809 1993 baec
832 1922 935 2005 mela,
958 1922 1085 2014 quibus
1108 1944 1167 1991 ur·

122 2046 288 2132 geturet
308 2039 481 2132 premitur
495 2038 708 2131 jamdudum
729 2039 927 2109 miseranda
945 2037 1166 2110 mortalitasl

124 2154 349 2227 Sententiam
374 2178 433 2227 me
451 2157 567 2250 poscis
583 2154 667 2227 huic
682 2157 913 2227 necessarium
934 2154 1023 2225 nihil
1040 2176 1165 2225 cousae.

125 2270 256 2365 Neque
280 2274 375 2343 enim
399 2296 550 2366 presens
574 2282 682 2365 atquc
706 2274 744 2342 in
768 2272 931 2344 manibus
959 2273 1074 2364 posite
1097 2270 1167 2342 dis-

124 2388 280 2481 ceptatio
296 2388 334 2458 in
356 2388 391 2458 id
416 2399 556 2483 sumpta
578 2398 633 2460 est
655 2412 677 2459 e
700 2411 770 2473 me,
794 2396 837 2458 nt
861 2389 1093 2471 ostenderem,
1109 2388 1166 2459 vel

124 2504 319 2599 probatem,
347 2506 474 2598 quibus
498 2528 714 2599 unaqueque
743 2529 799 2576 res
826 2506 939 2577 censis
963 2512 1001 2575 et
1025 2505 1168 2576 rationi-

125 2620 193 2693 bus
216 2622 337 2692 fieret:
378 2621 439 2693 scd
463 2631 506 2692 ut
530 2622 720 2694 meledicta
743 2623 897 2694 cuminis
926 2623 1018 2694 tanti
1044 2620 1167 2714 procul

126 2756 202 2807 eme
219 2737 265 2808 ab
286 2738 386 2809 nobis
407 2740 640 2810 ostenderem.
691 2738 797 2821 Quod
820 2738 851 2810 si
871 2744 1008 2832 presto,
1025 2738 1055 2809 si
1072 2737 1167 2808 facto

126 2862 166 2925 et
180 2855 397 2949 argumentis
413 2855 606 2950 insignibus
628 2856 680 2925 rei
700 2855 830 2925 veritas
850 2854 1056 2947 explicatur,
1072 2853 1168 2925 unde

127 2972 200 3073 sint
231 2972 310 3043 haec
343 2972 446 3057 mala,
477 2973 534 3045 vel
567 2996 613 3043 ex
646 2972 774 3065 quibus
806 2971 982 3065 profluant
1010 2972 1168 3043 fontibus

125 3088 384 3182 principiisque,
401 3112 473 3160 non
489 3112 584 3161 curo.

177 3203 288 3276 VIII.
306 3203 364 3277 Ac
385 3229 431 3276 ne
453 3214 574 3277 temen
590 3205 734 3276 omnino
751 3206 836 3299 quid
858 3205 904 3276 de
924 3205 1029 3276 rebus
1048 3205 1168 3299 hujus·

125 3321 224 3391 modi
249 3322 408 3405 sentiam,
431 3320 519 3393 nihil
549 3323 668 3393 videar
691 3322 927 3416 interrogatus
950 3344 1167 3415 expromere,

126 3458 270 3530 possum
291 3438 427 3511 dicere:
453 3438 550 3523 Quid
571 3438 691 3510 enlm?
716 3440 746 3509 si
766 3439 879 3531 prime
899 3439 1168 3531 materiesque

125 3556 166 3625 in
187 3576 306 3625 rerum
330 3563 480 3648 quatuor
503 3554 680 3627 elementa
704 3556 842 3649 digesta
865 3563 929 3638 est,
949 3555 1168 3627 miseriamm

127 3670 287 3741 omnium
304 3694 425 3743 comm
440 3672 512 3743 suis
531 3672 690 3743 continet
701 3672 740 3742 in
759 3670 953 3741 rationibus
969 3669 1168 3744 involutas?

128 3784 250 3869 Quint
295 3788 325 3857 si
359 3788 522 3881 syderum
556 3795 675 3857 motus
709 3788 815 3858 certis
848 3788 965 3881 signis,
1000 3787 1168 3879 pmibns,

127 3902 356 3997 temporibus,
390 3903 491 3975 lineIs
519 3890 660 3997 perient
688 3902 764 3974 haec
795 3902 899 3986 mele,
932 3912 971 3974 et
1003 3903 1169 3996 subjectis

126 4018 279 4091 afferunt
305 4022 479 4091 veriomm
506 4020 746 4093 discriminum
769 4018 1019 4091 necessitates?
1049 4018 1168 4105 Quid?

127 4137 159 4207 ei
175 4138 276 4209 statis
298 4137 515 4231 tempon‘bus
536 4160 653 4209 rerum
669 4136 926 4209 vicissitudines
944 4136 1044 4220 fiunt,
1061 4144 1169 4228 etque

128 4262 171 4325 ut
194 4256 232 4325 in
253 4254 438 4327 meritImis
460 4254 615 4337 aestibus,
630 4253 737 4325 modo
754 4252 916 4326 secunde
931 4274 988 4324 ree
1008 4250 1168 4336 effluunt,
