2867 4817
286 262 351 327 214
629 262 832 329 REGULA
856 264 993 329 FIDEI

124 464 213 515 ιοιι.
227 435 441 519 ιοιπίντεως
470 438 592 535 οὔσης,
620 437 700 517 οὔτε
729 438 749 516 ὁ
776 436 875 517 πολὺ
901 442 983 541 περὶ
1010 439 1118 536 αιὀης
1147 436 1358 535 δυνάμενος

126 542 165 595 ¹⁵⁰
286 569 405 662 εἰπεῖν,
422 563 652 661 ἐπλεόνασεν,
670 568 750 645 οὔτε
770 566 789 643 ὁ
808 563 851 644 τὸ
870 566 1008 665 ὀλίγον,
1027 562 1274 664 ἡλαττόνησε.

342 688 388 790 γ’.
414 690 470 770 Τὸ
492 689 531 769 δέ
552 699 688 790 πλεῖον,
706 690 730 792 ἢ
754 692 908 772 ἔλαττον
932 688 1025 771 κατά
1040 691 1192 770 σύνεσιν
1217 692 1351 771 εἰδέναι

287 816 397 915 τινὰς,
415 820 479 898 οὐκ
495 820 534 898 ἐν
556 825 608 926 τῷ
625 818 692 919 τὴν
715 817 889 901 ὑπόθεσιν
912 818 1024 919 αὐτὴν
1052 816 1267 898 ἀλλάσσειν
1291 824 1350 921 γί-

287 980 394 1043 νεται,
421 948 480 1025 καὶ
506 945 624 1025 ἀλλον
650 945 746 1026 Θεὸν
770 953 998 1050 παρεπινοεῖν
1020 944 1119 1049 παρὰ
1143 944 1210 1025 τὸν
1239 950 1349 1046 δημι-

287 1072 427 1175 ουργὸν,
445 1076 505 1153 καὶ
521 1072 682 1173 ποιητὴν,
701 1078 760 1153 καὶ
776 1075 914 1179 τροφείι
930 1078 1033 1155 τοῦδε
1050 1080 1113 1153 τοῦ
1130 1071 1284 1170 παντὸς,
1299 1079 1348 1158 ὡς

286 1198 336 1298 μὴ
360 1201 595 1303 ἀρκουμένους
617 1199 764 1284 τούτους
789 1206 868 1301 (for.
894 1200 1111 1305 ἀρκουμένου
1132 1201 1295 1305 τούτου),
1324 1200 1347 1301 ἦ

287 1325 405 1407 ἀλλον
422 1325 597 1431 Χριστὸν,
616 1325 638 1427 ἢ
662 1327 780 1407 ἀλλον
807 1334 1010 1429 Μονογενῆ·
1035 1326 1137 1407 ἀλλὰ
1158 1331 1197 1407 ἐν
1221 1336 1275 1434 τῷ
1298 1328 1348 1408 τὰ

288 1452 360 1532 ὅσα
391 1458 429 1533 ἐν
454 1463 681 1558 παραβολαῖς
709 1455 842 1558 εἴρηται
875 1456 1248 1560 προσεπεργάζεσθαι,
1282 1462 1347 1536 καὶ

287 1588 496 1688 οίκειοῦντῇ
521 1586 584 1681 τῆς
600 1584 757 1666 πίστεως
783 1583 959 1664 ὑποθέσει·
987 1588 1045 1665 καὶ
1070 1587 1108 1663 ἐν
1135 1590 1187 1691 τῷ
1208 1584 1277 1684 τήν
1305 1620 1345 1664 τε

285 1712 531 1815 πραγματείαν
561 1714 620 1789 καὶ
648 1712 850 1810 οἰκονομίαν
877 1717 942 1790 τοῦ
975 1716 1082 1806 Θεοῦ,
1110 1710 1176 1808 τὴν
1204 1715 1264 1791 ἐπὶ
1294 1719 1344 1816 τῇ

286 1837 534 1940 ἀνθρωπότητι
550 1839 753 1940 γενομένην,
767 1840 1019 1941 ἐκδιηγεῖσθαι·
1040 1842 1099 1917 καὶ
1112 1838 1167 1917 ὅτι
1180 1841 1338 1941 ἐμακρο·

286 1964 447 2067 θθμησεν
465 1967 485 2043 ὁ
505 1965 598 2049 Θεὸς
615 1966 677 2045 ἐπί
686 1999 724 2044 τε
743 1970 788 2071 τῇ
806 1972 879 2045 τῶν
897 1963 1208 2068 παραβεβηκότων
1230 1967 1341 2067 ἀγγέ

287 2104 363 2173 λων
381 2094 602 2199 ἀποστασία,
622 2096 681 2172 καὶ
700 2095 758 2173 ἐπὶ
782 2098 826 2199 τῇ
846 2098 1010 2198 παρακινῇ
1029 2100 1103 2173 τῶν
1126 2094 1339 2195 ἀνθρώπων,

200 2254 225 2303 .·
243 2288 251 2303 .
286 2219 506 2326 σαφηνίζειν·
529 2223 587 2299 καὶ
598 2217 657 2299 διὰ
669 2220 708 2300 τί
722 2218 769 2299 τὰ
786 2217 850 2321 μὲν
863 2217 1077 2324 πρόσκαιρα,
1090 2219 1136 2298 τά
1150 2219 1188 2299 δέ
1203 2220 1339 2319 αἰώνια,

332 2345 596 2377 tiit!

288 2382 346 2427 και
363 2381 410 2427 τα
426 2382 492 2448 μεν
510 2381 666 2451 ουρανια,
680 2346 728 2426 τὰ
741 2346 779 2427 δέ
792 2349 929 2451 ἐπίγεια
942 2346 992 2433 εἷς
1010 2349 1103 2427 καὶὸ
1122 2346 1229 2431 αὐτὸς
1245 2348 1339 2434 Θεὸς

288 2476 489 2576 πεποίηκεν,
501 2474 758 2577 ἀπαγγέλλειν·
780 2477 839 2555 καὶ
857 2474 915 2555 διὰ
932 2475 972 2555 τί
981 2472 1132 2576 ἀόρατος
1149 2474 1210 2573 ὧν,
1223 2474 1339 2584 ἐφάνη

288 2610 362 2687 τοῖς
379 2601 581 2711 προφήταις
600 2605 621 2682 ὁ
639 2602 743 2701 Θεὸς,
762 2604 826 2683 οὐκ
850 2605 889 2682 ἐν
905 2609 971 2709 μιᾷ
989 2605 1073 2710 ἰδέᾳ,
1093 2603 1195 2683 ἀλλὰ
1212 2604 1338 2689 ἄλλως

242 2824 247 2835 Ι
289 2732 428 2828 ἀλλοις,
446 2736 591 2810 συνιεῖν·
619 2732 677 2809 καὶ
695 2726 754 2808 διὰ
771 2730 809 2808 τί
824 2732 987 2829 διαθῆκαι
1003 2729 1149 2814 πλείους
1162 2730 1338 2832 γεγόνασι

291 2946 367 2985 nem.
404 2925 505 2997 Quum
519 2924 596 2983 eninr
617 2945 676 2983 una
693 2936 724 2983 et
746 2946 792 2983 ea·
834 2924 993 3003 adjungere
1008 2926 1139 2985 veritatis
1152 2938 1336 3005 argumento,

292 3006 358 3065 dem
372 3005 444 3065 fides
455 3005 502 3074 ait,
513 3025 607 3083 neque
621 3006 708 3084 isqui
718 3005 792 3064 mul·
835 3015 865 3063 et
885 3006 917 3064 in
937 3026 983 3071 eo,
1004 3018 1038 3065 ut
1058 3007 1288 3065 instrumentum
1307 3022 1336 3067 et

292 3099 355 3146 tum
378 3086 415 3145 de
431 3106 466 3145 ea
490 3096 588 3165 potest
608 3085 713 3153 dicere,
733 3106 793 3144 am.
835 3085 1053 3165 dispositionem
1082 3086 1140 3145 Dei
1168 3087 1200 3144 in
1229 3108 1337 3166 genere

292 3166 484 3249 pliat,neque
503 3167 597 3244 isqui
616 3166 791 3227 minuade·
833 3166 961 3225 humano
987 3167 1094 3225 factam
1122 3180 1255 3227 enarret:
1306 3182 1336 3228 et

292 3249 428 3307 minorat.
833 3247 969 3323 quoniam
994 3248 1197 3325 magnanimus
1220 3251 1337 3309 exstitit

334 3348 362 3405 3.
386 3330 458 3389 Plus
480 3339 589 3395 autem,
617 3339 669 3386 aut
696 3328 793 3387 minua
834 3327 925 3393 Deus,
940 3338 971 3386 et
984 3329 1269 3405 intransgrenaornm
1284 3350 1335 3389 an·

292 3410 450 3470 secundum
488 3408 673 3488 prudentiam
708 3428 793 3467 noaae
832 3406 963 3483 gelorum
978 3409 1131 3487 apostasia,
1147 3420 1177 3467 et
1192 3409 1220 3465 in
1234 3410 1336 3469 inobe-

292 3490 432 3570 quoadam
444 3488 677 3567 intelligentiam,
688 3508 748 3546 non
762 3490 792 3547 in
834 3486 943 3546 dientia
971 3489 1132 3556 hominum,
1157 3490 1335 3550 edisserere:

292 3570 424 3649 eoquod
438 3581 641 3648 argumentum
657 3570 793 3628 immute·
833 3579 864 3627 et
887 3588 976 3646 quare
999 3569 1056 3628 alia
1079 3569 1194 3647 quidem
1220 3581 1335 3651 tempo-

292 3664 352 3723 tur,
367 3652 500 3719 efficitur,
515 3662 546 3710 et
559 3650 635 3709 alius
648 3649 731 3709 Deua
742 3670 794 3709 ex.
834 3648 914 3718 ralia,
929 3648 986 3709 alia
999 3670 1069 3709 vero
1080 3662 1196 3720 eterna,
1211 3661 1242 3710 et
1256 3671 1335 3728 quae.

292 3734 448 3813 cogitetur,
462 3742 568 3812 praeter
581 3732 794 3797 fabricatorem,
835 3729 900 3789 dam
916 3730 1055 3796 eoelestia,
1071 3730 1201 3809 quedam
1220 3742 1336 3807 terrena

293 3825 324 3873 et
338 3815 487 3881 factorem,
502 3822 533 3871 et
548 3812 723 3871 nutritorem
738 3812 793 3869 hu.
835 3830 911 3869 unus
922 3823 951 3869 et
962 3812 1038 3869 idem
1050 3812 1130 3878 feeit,
1143 3812 1333 3872 annuntiare:

289 3895 340 3972 jus
353 3892 794 3971 universitatia,quaainouipse
835 3903 865 3950 et
885 3910 974 3969 quare
995 3912 1085 3969 quum
1109 3892 1263 3953 invisibilia
1287 3894 1334 3963 sit,

292 3976 416 4035 sufficiat
431 3975 523 4044 nobie,
541 3984 592 4031 aut
606 3973 680 4031 aliua
694 3972 794 4031 chris.
835 3973 969 4051 apparuit
988 3972 1139 4053 prophetia
1153 3972 1210 4032 Dei
1230 3994 1290 4031 non
1305 3974 1334 4031 in

292 4067 352 4123 tua,
366 4066 419 4115 aut
432 4054 506 4113 aliua
520 4055 718 4132 Monogenes:
743 4052 793 4112 sed
835 4073 893 4111 una
907 4054 1009 4123 forma,
1027 4053 1078 4113 aed
1092 4052 1157 4113 aliie
1172 4052 1268 4122 aliter,
1284 4053 1335 4113 ad-

293 4137 324 4195 in
338 4156 383 4205 eo,
398 4134 477 4213 quod
491 4135 598 4201 omnia,
612 4153 677 4211 quar
695 4134 727 4191 in
740 4154 792 4213 pa.
833 4152 910 4193 ease:
922 4144 953 4193 et
962 4152 1052 4213 quare
1059 4144 1234 4194 testamenta
1241 4134 1335 4194 multa

293 4216 399 4277 rabolis
413 4214 491 4273 dieta
500 4225 580 4284 aunt,
591 4214 750 4292 exquirere,
762 4225 792 4272 et
833 4214 940 4273 tradita
975 4216 1103 4274 humano
1138 4216 1250 4293 generi,
1283 4236 1336 4274 au-
