2867 4817
283 232 328 296 52
696 228 920 294 CANONES

285 395 347 460 XI.
363 394 457 477 Quod
470 414 534 459 non
548 399 699 479 oporteat
718 393 826 479 egenis
844 391 996 478 epIstolas
1013 395 1122 476 tribui,
1137 396 1344 463 honestiores

415 501 524 560 auum
538 494 806 560 oommendatitiis
820 494 937 560 litteris
951 497 1132 583 approbari.

287 596 372 662 XII.
387 596 438 662 Ut
451 618 653 683 nequaquam
666 596 700 661 in
712 598 793 663 duos
807 597 1070 683 metropolitanos
1084 599 1247 685 provinaia
1261 598 1343 666 divi-

416 699 522 764 datur.

287 798 391 865 XIII.
407 799 500 882 Quod
514 821 580 866 non
594 806 744 886 oporteat
758 802 942 888 peregrinos
956 802 1087 869 olerioos
1101 802 1169 868 sine
1181 826 1343 871 oommen-

417 902 541 967 datitiis
555 901 672 968 litteris
686 902 877 969 ministrare.

288 1003 387 1069 XIV.
412 1004 505 1087 Quod
525 1026 590 1070 non
611 1004 707 1071 Iioeat
726 1005 840 1073 olerioo
860 1030 992 1074 uxorem
1018 1013 1115 1074 seetoe
1135 1008 1269 1076 alterius
1289 1031 1344 1077 aa·

418 1128 531 1192 erpere.

288 1209 370 1276 XV.
392 1208 443 1274 De
458 1207 643 1275 diaoonissis
656 1208 848 1276 mulieribus.

288 1311 389 1377 XVI.
411 1310 462 1376 De
476 1310 659 1397 virginibus.

289 1414 408 1481 XVII.
431 1413 482 1479 De
495 1412 664 1499 paroehiis.

289 1515 427 1585 XVIII.
451 1516 501 1581 De
515 1515 745 1601 eonjuratione,
761 1515 809 1580 vel
824 1494 1070 1600 oonspiiatione.

289 1617 393 1683 XIX.
416 1616 509 1699 Quod
531 1624 680 1702 oporteat
700 1639 759 1703 per
779 1615 957 1704 provincias
978 1618 1027 1682 bis
1048 1618 1082 1682 ln
1101 1640 1186 1684 anno
1207 1622 1345 1688 eoncilia

417 1719 580 1785 oelebrari.

290 1822 374 1887 XX.
398 1821 491 1904 Quod
505 1821 634 1885 minime
648 1820 778 1886 alerioos
792 1818 1021 1905 transmigrare
1036 1823 1214 1889 conveniat.

290 1923 395 1989 XXI.
418 1924 468 1989 De
482 1923 701 2009 episeoporum
715 1928 775 1987 aut
788 1920 973 1986 olorinorum
987 1924 1235 1990 aeousatoribus.

291 2026 419 2092 XXII.
434 2024 528 2107 Quod
541 2046 606 2089 non
619 2023 715 2089 lioeat
729 2022 850 2089 aleriais
867 2030 942 2109 post
956 2032 1093 2090 mortem
1111 2027 1178 2092 sine
1193 2027 1345 2115 episeopo

418 2150 471 2193 res
484 2128 528 2192 ad
542 2125 646 2192 Deum
660 2126 857 2212 pertinentes
872 2125 1018 2212 diripere.

292 2231 442 2295 XXIII.
464 2230 516 2295 De
536 2229 657 2294 elerieis
677 2236 712 2293 et
733 2229 905 2309 monachis,
929 2230 983 2317 qui
1002 2238 1122 2317 praeter
1142 2233 1343 2300 voluntatem

421 2332 470 2398 sui
483 2331 623 2419 episoopi
636 2331 679 2395 ad
692 2330 814 2417 regiam
829 2331 1127 2419 Constantinopolin
1140 2334 1281 2402 veniunt.

290 2437 427 2503 XXIV.
443 2435 536 2518 Quod
551 2455 615 2500 non
628 2432 725 2499 lioeat
739 2433 951 2514 monasteriis,
966 2456 1037 2520 quae
1052 2444 1238 2503 oonseerate
1253 2446 1341 2518 sunt,

418 2536 591 2603 diversoria
605 2536 770 2603 saeaidaria
783 2536 862 2601 fierI.

290 2639 408 2706 XXV.
419 2639 525 2802 dtilpod
545 2661 611 2705 non
631 2645 782 2725 oporteat
802 2637 1019 2705 ordinationes
1043 2640 1263 2729 episeoporum
1285 2642 1344 2710 diu

475 2759 555 2803 erre.

290 2840 428 2905 XXVI.
451 2841 501 2906 Da
516 2840 789 2927 dispensatoribus
803 2842 998 2930 singularum
1012 2845 1223 2912 eeclesiarum.

290 2943 445 3011 XXVII.
462 2944 513 3010 De
526 2944 578 3010 his
593 2944 648 3030 qui
659 2946 789 3029 rapiunt
802 2944 933 3032 puellas.

335 3048 426 3135 (Hua
441 3069 541 3132 usque
556 3045 701 3132 Dionysii
715 3047 812 3113 tituli.
843 3046 995 3134 Reliquos
1009 3048 1128 3134 sumpsi
1141 3048 1257 3114 Latine
1268 3072 1342 3116 oon·

375 3172 484 3215 versos
497 3172 537 3213 ex
557 3148 664 3214 Alexii
686 3148 830 3214 Aristoni
852 3149 982 3236 &mopsi
1002 3152 1161 3215 Canariam
1181 3152 1215 3215 in
1235 3151 1342 3218 Voelli

376 3260 411 3319 et
441 3254 528 3317 Hen.
558 3250 690 3316 Justelli
715 3249 903 3319 Bibliotheca
935 3252 1049 3318 Veteris
1072 3252 1164 3318 Jam's
1191 3256 1343 3321 Canoniei

378 3361 457 3421 tom.
473 3352 521 3417 ll.
536 3375 568 3439 p.
577 3354 653 3439 ⁶93·
693 3350 777 3417 Haea
791 3374 865 3418 vero
880 3352 1032 3439 Synopsis
1046 3374 1182 3419 annones
1196 3364 1342 3423 rooenset

377 3456 511 3542 triginta
525 3476 634 3533 mum,
649 3475 770 3519 oenone
786 3453 959 3518 XXVIII.
975 3453 1122 3519 bilariam
1134 3455 1247 3523 diviso.

292 3558 468 3625 XXVIII.
505 3559 605 3622 Novae
635 3556 747 3621 Romae
776 3556 941 3642 episeopus
974 3557 1086 3622 eodem
1120 3580 1192 3622 oum
1224 3560 1342 3627 veteris

422 3660 532 3725 Romae
561 3658 708 3745 episeopo
742 3658 861 3724 honore
893 3659 1019 3723 imatus
1049 3666 1183 3747 propter
1218 3660 1342 3748 imperii

421 3760 675 3828 translationem.
727 3779 754 3827 2.
779 3761 886 3840 Ponti,
916 3762 1014 3840 Asia,
1040 3761 1252 3849 Thraeiaeque
1276 3766 1341 3851 opi-

422 3864 519 3950 scopi,
535 3886 574 3928 ae
588 3863 717 3927 barbari
732 3884 753 3927 a
767 3862 1119 3949 Constantinopolitano
1133 3864 1329 3930 ordinentur.

292 3967 432 4035 XXIX.
449 3968 510 4049 Qui
526 3966 707 4052 episeopum
723 3966 765 4031 ad
779 3966 955 4051 presbyteri
975 3966 1109 4052 gradum
1130 3966 1276 4047 dimittit,
1291 3991 1341 4034 sa·

421 4068 577 4156 arilegns3
601 4067 668 4154 ipse
689 4068 774 4133 enim
796 4069 895 4154 eulpae
917 4068 1082 4147 obnoxius,
1106 4074 1140 4133 et
1161 4070 1342 4135 saoerdotio

420 4170 578 4257 indignus.
609 4170 671 4252 Qui
682 4192 756 4235 vero
767 4170 875 4235 insons
886 4171 1028 4255 dejectus
1039 4177 1098 4249 est,
1110 4170 1153 4235 sit
1163 4170 1341 4257 episeopus.
