2867 4817
264 298 308 368 90
597 298 978 365 ANNOTATIONES

263 470 391 621 iimd‘)
405 471 544 555 synodm
558 470 721 556 Ephesim
733 472 820 556 opud
835 470 1011 557 Euagrium
1024 470 1058 534 in
1072 469 1215 556 ejusdem
1229 468 1329 533 His.

296 556 348 621 ool.
363 556 419 621 lib.
433 556 478 621 11.
494 578 521 621 o.
534 577 564 637 4.
579 554 729 643 prohibet
744 558 820 641 quid
842 578 917 623 uem
935 556 1073 643 adjieere
1092 556 1237 641 symbolo
1258 556 1330 619 Ni-

264 664 362 720 eaenn,
377 642 473 728 hujus
486 642 620 729 symboli
634 643 769 721 nomine,
790 644 826 729 ju
852 643 897 707 'oe
938 642 1044 707 uidem
1057 642 1094 706 J.
1108 644 1182 707 Ger.
1195 641 1329 705 Vossio

264 730 298 804 in
313 729 448 793 Dissert.
463 728 506 793 iii.
522 730 573 793 Do
596 727 706 794 Triduo
726 727 882 814 symbolis,
931 729 999 793 hosi
1013 729 1053 793 iv.
1072 736 1106 794 et
1125 750 1154 793 v.
1169 750 1243 813 pag.
1260 732 1326 792 60.

264 815 434 881 OPtsnum
448 814 734 901 comprehenditur.
779 813 901 879 Verum
919 814 964 879 ibi
978 816 1065 900 opud
1081 814 1259 900 Euagrium
1274 814 1327 878 do

264 902 360 965 rebus
373 901 455 965 setis
468 902 554 987 apud
568 901 733 966 eonoilium
748 900 1011 979 chalcedonense,
1027 922 1091 965 non
1105 901 1191 986 apud
1207 900 1326 985 Ephe-

265 987 378 1067 sinum,
399 1008 502 1051 sermo
517 994 576 1062 est,
592 986 653 1051 etsi
672 988 770 1052 verbe
789 986 1022 1073 Ephesinorum
1044 992 1182 1071 potrum,
1198 986 1326 1071 quibus

264 1072 314 1137 usi
335 1073 462 1138 fuerent
483 1072 763 1153 Oholeedonenses,
783 1074 816 1136 in
838 1095 876 1137 eo
897 1072 966 1138 looo
987 1073 1198 1137 miduountur.
1246 1072 1323 1134 Ad-

265 1159 413 1236 dendum,
440 1160 525 1243 quod
549 1159 583 1223 in
611 1160 747 1244 epistole
772 1158 892 1245 Synodi
917 1158 1143 1223 Alexandrinae
1168 1156 1324 1242 proxime

264 1253 342 1309 ente
361 1245 555 1331 Ephesinom
573 1246 692 1310 habitae
711 1246 888 1331 symbolum
902 1245 1068 1309 Nioaenum
1089 1242 1191 1309 solum
1207 1265 1267 1330 per
1281 1265 1324 1308 se

265 1332 333 1395 sine
347 1331 567 1395 additamento
581 1332 780 1417 propositum
792 1339 850 1397 est.
882 1330 966 1395 Vide
981 1330 1073 1394 infre.

303 1417 342 1481 P.
355 1439 385 1503 9.
396 1416 417 1481 l.
429 1433 476 1501 15.
493 1420 531 1480 τὰ
541 1420 630 1498 πικρὰ
641 1419 689 1482 καὶ
701 1414 918 1501 διεστραμμένα
926 1420 978 1480 τοῦ
989 1416 1156 1497 Νεστορίον
1167 1417 1317 1498 δόγματα,

266 1500 286 1565 d
316 1505 364 1567 καὶ
392 1501 601 1589 ὑποτέτακται]
637 1502 801 1568 Praestant
823 1506 913 1584 πικρὰ
938 1502 1102 1567 Oanonum
1127 1502 1320 1566 Graeoorum

266 1588 364 1654 editio
392 1588 548 1675 prineeps,
578 1588 763 1675 eodieosque
787 1587 961 1665 Bodleieni‚
991 1587 1105 1672 quibus
1130 1608 1206 1651 usus
1231 1608 1316 1665 sum,

266 1694 385 1753 omnes,
414 1680 512 1759 etque
542 1674 697 1739 editiones
726 1675 922 1740 Perisienses
951 1673 1117 1741 Osnonnm
1147 1673 1318 1739 Commen-

266 1762 358 1826 tariis
375 1762 511 1825 Zonaree
531 1768 565 1824 et
584 1760 784 1826 Balsamonis
803 1761 988 1826 oinotorum.
1033 1758 1097 1824 Sed
1116 1762 1208 1842 μιαρὰ
1226 1758 1319 1823 exhi-

265 1847 344 1912 bent
359 1846 512 1921 Consilio,
533 1846 724 1931 Synodioum
746 1846 864 1912 Bevere
888 1846 918 1925 'i‚
935 1844 1100 1911 Pedalium
1118 1845 1317 1923 Graeeorum,

265 1933 444 2018 oodioisque
473 1932 588 1997 Tilieni
616 1932 840 2019 interpretatio
898 1932 996 2008 stine,
1022 1931 1056 1995 in
1081 1953 1145 2016 qus
1169 1930 1319 1996 scelerata

266 2026 367 2119 extat.
400 2018 559 2085 Oaeterum
573 2018 605 2082 in
620 2019 715 2104 hujus
730 2018 860 2121 Oonoilii
876 2018 970 2119 Aetis
986 2016 1184 2117 Fragments
1201 2016 1319 2101 viginti

266 2126 412 2255 iiiiii
425 2102 1319 2276 {iiiiiiissdssdi‘iiiffliiiidi..335ssss

265 2276 464 2341 notariorum
479 2276 619 2341 (toneilio
629 2276 749 2357 oblato,
761 2299 791 2363 p.
800 2290 877 2362 520.
895 2276 1008 2342 Umoil.
1025 2275 1144 2353 Lebbo‚
1158 2281 1192 2340 ot
1207 2274 1317 2340 Gontii

265 2362 416 2447 Epictiti
431 2362 547 2427 Cnosii.
562 2361 615 2427 sol.
629 2364 681 2444 69.

310 2449 348 2512 P.
363 2468 413 2512 10.
428 2447 449 2511 l.
465 2468 493 2510 1.
516 2450 543 2512 εἰ
557 2452 590 2511 δέ
608 2450 713 2516 λαϊκός
727 2474 770 2517 τις
791 2452 845 2529 εἴη,
863 2448 911 2513 καὶ
933 2448 1018 2514 οὗτος
1038 2445 1315 2531 ἆναθεματιζέσθω]

267 2534 372 2599 Extat
385 2534 418 2596 in
433 2532 580 2598 Oenoiliis
595 2536 622 2598 εἰ
637 2536 669 2597 dd
684 2535 783 2598 λαϊκοὶ
799 2534 869 2608 εἶεν,
886 2532 1160 2614 ἆναθεματιζέσθαι,
1177 2532 1264 2616 quod
1276 2553 1318 2595 ex

267 2620 433 2685 canonum
448 2618 693 2685 Oolleotionibus
707 2627 741 2685 et
755 2628 877 2706 septem
891 2620 980 2685 libris
995 2618 1176 2683 Bodleienis
1190 2617 1318 2681 refinxi.

269 2704 388 2770 Scribit
401 2706 546 2771 Zonaras
565 2705 598 2769 in
621 2706 1051 2785 Commentario-dputes
1071 2706 1104 2768 δὲ
1122 2703 1170 2767 καὶ
1191 2704 1260 2770 τοὺς
1280 2706 1320 2768 rt

267 2793 435 2873 Νεστορίον
449 2796 635 2874 φρονοῦντας
650 2792 697 2856 καὶ
715 2791 902 2875 δεχομένους,
917 2790 936 2871 ἢ
954 2791 1002 2855 καὶ
1021 2788 1215 2855 διδάσκοντας
1228 2791 1268 2852 τὰ
1283 2792 1320 2853 ἐν

268 2881 308 2988 τῦ
323 2876 392 2958 παρ’
408 2880 522 2942 ἐκείνου
536 2877 708 2943 σοντεθέντι
723 2880 868 2963 ονμβόλιρ
886 2874 1156 2959 βλοσφημηθέντα,
1171 2876 1320 2957 λέγοντος

267 2990 309 3044 μη
322 2964 376 3028 τὸν
388 2964 464 3027 ‘side
479 2964 527 3027 καὶ
541 2966 644 3045 Λόγον
663 2969 714 3027 τοῦ
735 2968 817 3028 Θεοῦ
832 2962 929 3046 adpro
944 2965 977 3026 ἑκ
995 2966 1047 3041 τῆς
1064 2962 1153 3043 ἁγίας
1166 2959 1320 3042 παρθένου

269 3048 474 3131 ἀνειληφέναι,
491 3050 573 3113 ἀλλὰ
587 3048 684 3131 ψιλὸν
696 3051 754 3130 μὲν
769 3050 925 3130 ἄνθρωπον
936 3048 1012 3113 εἶναι
1023 3048 1075 3111 τὸν
1085 3046 1227 3127 Χριστὸν,
1241 3048 1321 3110 κατὰ

269 3133 380 3218 σχέσιν
394 3137 427 3199 δὲ
447 3134 525 3220 αὐτῷ
542 3137 687 3214 ἑναθῆναι
700 3134 754 3199 τὸν
767 3134 842 3199 Ύῑὸν
855 3139 908 3197 τοῦ
924 3138 1007 3199 Θεοῦ
1021 3132 1068 3195 καὶ
1077 3130 1188 3213 Λόγον·
1208 3134 1251 3198 εἰς
1265 3132 1320 3195 ὃόο

267 3220 349 3287 υἱοὺς
363 3221 410 3285 καὶ
425 3223 476 3286 δόο
490 3220 671 3288 ῦποστόσεις
684 3224 866 3301 διαιροῦντος
880 3220 935 3284 τὸν
949 3217 1081 3301 Χριστὸν
1097 3219 1145 3281 καὶ
1160 3217 1254 3282 Θεὸν·
1269 3216 1321 3281 καὶ

268 3306 323 3385 τὴν
337 3308 427 3387 ἁγίαν
440 3305 591 3389 παρθένον
604 3307 640 3370 οῦ
654 3307 816 3381 Θεοτόκον,
833 3306 914 3370 titt
929 3302 1131 3387 Χριστοτόκον
1143 3308 1318 3370 καλοῦντος·

268 3398 331 3458 τοῖς
344 3392 445 3459 αὐτοῖς
456 3396 632 3456 ὑποκεῖσθαι
644 3394 663 3471 ἡ
678 3394 743 3472 ἱερὰ
754 3392 880 3459 σύνοδος
891 3392 1075 3474 ἐψηφίσατο,
1089 3386 1144 3472 κᾷν
1156 3391 1321 3456 ἐπίσκοπος

270 3476 342 3554 εἶεν,
358 3476 414 3563 κᾷν
429 3483 569 3560 κληρικοὶ,
586 3476 641 3562 κᾷν
655 3478 765 3551 λαϊκολ,
782 3474 860 3540 ὥστε
875 3478 941 3545 τοὺς
954 3478 1011 3556 μὲν
1026 3474 1202 3556 ἱερωμένονς
1217 3479 1321 3539 καθαι-

268 3569 396 3645 ρεῖσθαι,
411 3564 479 3631 τοῦς
492 3566 526 3627 δὲ
539 3563 661 3631 λοϊκοῦς
676 3564 953 3643 ἆναθεματίζεσθαι.

314 3649 398 3713 Ibid.
423 3648 444 3713 l.
459 3668 493 3733 3.
519 3647 895 3735 ΨΗΦΟΣ-ἑπισκότων]
926 3648 1008 3713 Haee
1029 3668 1132 3733 pauet
1153 3645 1252 3711 verbo
1277 3666 1320 3710 ex

270 3735 438 3801 Csnonum
451 3734 590 3800 editione
605 3734 746 3820 principe
760 3734 872 3820 odjeei.

654 3850 808 3959 onnon
830 3891 929 3957 vm.

312 4004 394 4069 Ibid.
409 4004 430 4068 l.
443 4026 472 4105 9.
495 4003 563 4071 τοὺς
585 4002 711 4072 κανόνας
732 4008 792 4067 τῶν
813 4005 907 4085 ἁγίων
928 4001 1081 4086 πατέρων]
1117 4002 1233 4086 Operae
1257 4001 1323 4066 ior-

267 4098 355 4156 tesse
369 4097 506 4176 pretium
521 4097 572 4155 est
589 4088 641 4154 hie
662 4110 800 4167 monere,
816 4088 1016 4175 comprobari
1032 4088 1244 4153 (ioneiliorum
1259 4088 1322 4153 leo-

267 4178 388 4243 tionem
402 4176 538 4259 πατέρων
553 4182 675 4261 septem
694 4176 784 4240 libris
803 4175 930 4260 seriptis
945 4175 1110 4241 Generum
1125 4173 1320 4253 Bodloisnis,

267 4272 301 4329 et
316 4264 418 4329 solum
431 4262 515 4328 tueri
529 4262 665 4328 nitorem
682 4260 850 4328 leotionem
870 4260 1049 4327 ἀποστόλων
1069 4260 1211 4327 oodioern
1224 4259 1321 4326 Bodl.
