2867 4817
313 418 315 422 ,
440 351 588 417 LIBER
611 352 805 417 PRIMUS.
1078 356 1141 425 271

86 526 201 619 justis
224 528 474 619 persequimini
498 550 562 599 nos
575 528 696 601 odiis?
727 528 833 613 Quid,
850 536 893 599 ut
915 531 1043 601 ominis
1064 548 1150 623 pesa·

95 644 191 725 simi,
208 644 318 716 nostri
335 645 485 716 nominis
497 645 735 717 inhorrescitis
751 648 953 730 mentione3
977 648 1016 730 si,
1034 670 1141 740 quem

97 760 222 835 Deum
239 760 364 844 colitis,
382 784 465 839 eum
480 772 520 833 et
541 764 629 835 noel
655 774 717 835 aut
734 765 818 856 quid
841 766 880 834 in
896 765 1020 835 eadem
1038 788 1145 840 cansa

98 878 201 949 vobis
218 900 294 949 esse
308 878 519 953 contenditis
532 880 721 951 familiares
734 882 837 955 deos:
858 881 1018 951 inimicos
1034 890 1149 975 atque

97 994 345 1069 infestissimos
378 996 502 1068 nobis?
540 997 709 1079 Etenim,
747 1000 775 1069 si
817 1022 888 1069 una
922 998 1045 1091 religio
1087 1008 1142 1069 est

98 1114 204 1185 nobis
221 1114 391 1206 vobisque
408 1116 615 1198 communis,
633 1124 746 1187 cessat
769 1116 821 1186 ira
842 1115 1062 1188 coelestium:
1088 1118 1151 1186 sin

99 1231 204 1302 nobis
230 1232 349 1302 infesti
375 1239 459 1302 sunt
481 1231 573 1315 solis,
599 1233 827 1305 manifestum
850 1243 905 1305 est
932 1234 1077 1316 nescire,
1103 1243 1141 1303 et

100 1372 175 1431 vos,
193 1357 230 1422 et
247 1348 326 1419 illos
345 1348 483 1419 Deum:
510 1372 615 1441 quern
633 1349 657 1420 J
659 1372 761 1421 ovem
784 1373 857 1422 non
874 1373 950 1422 esse
973 1352 1056 1445 ipsis
1072 1350 1145 1422 cla·

101 1486 183 1535 rum
199 1476 254 1536 est
270 1466 569 1560 indignationibus
586 1468 782 1538 numinum.

156 1581 344 1653 XXXVI.
372 1582 445 1654 Sed
473 1606 546 1655 non
574 1582 720 1678 (inquit)
746 1585 873 1655 iccirco
896 1585 944 1654 dii
968 1585 1067 1655 vobis
1091 1585 1150 1654 in·-

102 1700 185 1771 festi
214 1708 305 1782 sunt,
329 1700 422 1791 quod
445 1703 725 1793 omnipotentem
751 1699 875 1794 colatis
905 1700 1047 1773 Deum:
1081 1703 1143 1773 sed

103 1817 199 1907 quod
219 1816 400 1887 hominem
421 1826 610 1902 natumst
633 1819 742 1911 (quod
764 1820 921 1911 personis
937 1819 1068 1889 infame
1088 1826 1152 1890 est.

104 1931 249 2028 vilibus)
287 1936 400 2005 crucis
438 1934 609 2029 supplicio
646 1938 911 2028 interemptum,
951 1947 989 2007 et
1024 1934 1150 2007 Deum,

103 2050 213 2122 fuisse
242 2052 463 2135 contenditis
499 2060 536 2123 et
565 2074 746 2146 superesse
778 2054 893 2124 adhuc
926 2053 1077 2135 creditis,
1107 2060 1145 2123 et
1206 2086 1210 2101 =

106 2168 319 2260 quotidianis
348 2167 661 2261 supplicationibus
688 2170 850 2241 adoratis.
902 2170 941 2241 Si
969 2170 1068 2244 vobis
1086 2170 1146 2262 ju-

106 2286 261 2355 cundum
280 2294 334 2355 est
351 2286 465 2369 amici,
483 2286 688 2357 edissertate
705 2287 850 2378 quinam
867 2287 937 2357 sint
953 2286 992 2356 hi
1008 2288 1067 2369 dii,
1085 2285 1146 2378 qui

107 2425 129 2475 a
152 2402 253 2472 nobis
270 2401 450 2473 Christum
464 2403 541 2487 coli,
555 2426 653 2475 suam
667 2405 812 2475 credant
827 2404 872 2475 ad
889 2404 1051 2496 injuriam
1067 2426 1148 2497 per-

107 2518 244 2591 tineret
260 2519 285 2589 J
286 2544 373 2591 anus
389 2520 413 2591 J
415 2521 542 2593 aniculi
556 2522 740 2593 conditori
756 2529 795 2592 et
807 2521 961 2593 civitatis
973 2520 1148 2593 Saturnia

110 2636 282 2708 Saturnus
308 2638 455 2709 auctor?
490 2638 612 2710 Fauna
634 2638 748 2711 Fatua
771 2638 884 2709 Fauni
901 2662 1012 2722 uxor3
1046 2638 1149 2711 Bona

109 2754 174 2825 dea
200 2778 277 2847 quae
304 2754 443 2838 dicitur,
473 2757 534 2827 sed
566 2758 603 2826 in
628 2758 701 2827 vini
726 2756 913 2828 melioret
939 2754 1149 2826 laudabilior

109 2871 219 2966 potui
249 2872 431 2966 Indigetes
452 2872 515 2958 illi,
533 2874 593 2967 qui
610 2872 743 2944 flumen
768 2883 906 2968 repunt,
923 2883 961 2944 et
978 2874 1015 2943 in
1040 2872 1149 2945 alveis

111 2990 257 3061 Numici
275 3014 355 3061 cnm
373 2993 466 3063 ranis
483 3002 520 3063 et
536 2991 712 3085 pisciculis
732 2992 890 3086 degunt?
918 2992 1147 3084 AEsanlapius,

110 3116 148 3177 et
165 3108 274 3179 Liber
287 3119 408 3202 pater;
426 3108 601 3181 Coronide
614 3109 674 3181 ille
692 3120 806 3193 natus,
819 3116 858 3179 et
874 3132 920 3179 ex
937 3108 1152 3202 genitalibus

111 3225 231 3295 matris
253 3224 344 3295 alter
364 3225 513 3297 fulmine
533 3226 791 3320 precipitatus?
824 3224 1023 3296 Mercurius
1045 3233 1149 3294 utero

111 3340 208 3413 fusus
222 3340 347 3427 Maias?
371 3352 409 3413 et
423 3344 531 3435 (qnod
549 3351 604 3415 est
621 3344 786 3437 divinius)
800 3342 984 3412 candidae&
1018 3339 1152 3433 Arqui-

112 3466 274 3529 tenentes
308 3457 424 3529 Diana
462 3469 500 3531 et
537 3458 679 3553 Apollo,
718 3458 914 3530 circumlati
953 3481 1017 3551 per
1049 3457 1151 3551 fugas

112 3576 241 3658 matris,
258 3575 365 3669 atque
382 3578 419 3647 in
442 3576 563 3649 insulis
580 3578 777 3649 errantibus
792 3578 853 3647 vix
877 3574 971 3646 tuti?
997 3572 1151 3645 Dioneia

113 3692 237 3764 Venus
261 3693 386 3787 proles,
412 3694 477 3764 viri
502 3693 791 3765 materfamilias
815 3692 940 3774 Troici,
966 3700 1073 3784 atque
1098 3690 1154 3761 in-

113 3809 232 3879 testini
275 3810 409 3882 decoris
442 3811 679 3904 publicatrix?
730 3813 769 3882 in
801 3809 989 3881 lhinacriae
1022 3808 1152 3880 finibus

113 3926 218 3997 Ceres
234 3936 329 4012 nata,
345 3937 453 4021 atque
470 3930 506 3998 in
528 3928 672 3999 floribus
695 3926 853 4022 legendis
877 3934 1047 4019 occupata
1064 3924 1152 3995 Pro-

113 4044 270 4137 serpina?
312 4044 510 4129 Thebanus,
547 4056 610 4117 aut
647 4045 771 4139 Tyrius
807 4042 990 4125 Hercules,
1024 4042 1083 4113 hic
1112 4041 1150 4113 in

112 4160 236 4233 linibus
253 4160 412 4256 sepultus
429 4162 618 4257 Hispaniae,
637 4162 787 4235 flammis
803 4160 894 4232 alter
905 4171 1150 4231 concrematus

233 4336 237 4343 ·
282 4314 297 4345 ²
311 4304 357 4362 lta
371 4304 478 4366 Maiam
494 4304 621 4385 appellnt
636 4304 720 4383 Virg.
736 4304 784 4363 lib.
797 4302 890 4361 Vlll.
911 4302 976 4375 138.
1089 4344 1092 4348 ν
