2867 4817
311 294 378 359 Dr.
403 288 804 358 PRAESCRIPTIONE
830 294 957 357 HAER.
1099 295 1163 361 127

106 482 144 542 et
168 472 359 566 prestigiis
386 468 537 565 Apelles
554 468 739 553 inductus,
769 492 898 541 novam
923 469 1083 541 beream
1110 471 1163 540 in-

107 590 224 661 duxit.

161 705 234 777 Hae
269 714 356 777 sunt
394 706 564 775 doctrina
602 703 788 775 hominum
826 714 864 775 et
898 706 1160 789 daemoniorum,
1170 718 1255 769 cnr.
1266 718 1324 766 vn.

107 823 351 917 prurientibus
372 821 519 894 auribus
541 828 634 892 natae
658 822 742 891 de
732 821 874 915 ingenio
901 820 1081 914 sapientie
1107 842 1161 891 se·
1151 758 1308 900 Ψ
1272 800 1298 831 ¹¹

82 941 261 1023 scalaris:
305 962 413 1033 quam
452 937 629 1009 Dominus
665 936 848 1009 stultitiam
883 960 1021 1020 vocans,
1057 915 1220 1009 affl
1125 946 1160 1009 to
1173 930 1254 1032 ¹¹¹&
1255 930 1314 1027 fflf',
1306 992 1325 1027 ,

108 1056 261 1129 mmrdi
249 1081 290 1129 ιιι
312 1056 556 1128 contusionem
576 1058 685 1126 etiam
707 1055 974 1149 philosophiae
965 1055 1073 1148 rpsius
1090 1054 1162 1126 ele-

108 1175 173 1269 git.
226 1173 284 1245 Ea
299 1182 356 1244 est
372 1173 468 1243 enim
485 1172 633 1243 materia
654 1172 834 1265 sapientiae
858 1173 1033 1256 secularis,
1051 1182 1164 1245 teme-

109 1290 202 1363 raria
218 1291 394 1383 interpres
410 1288 542 1359 divinae
557 1296 696 1358 naturae
720 1296 757 1358 et
775 1290 1022 1382 dispositionis.
1074 1290 1164 1384 Ipsae

109 1406 268 1499 deniqne
291 1404 445 1476 haereces
473 1428 497 1476 a
526 1404 749 1498 philosophia
777 1405 1023 1476 subornantur.
1075 1405 1164 1477 Inde

69 1554 102 1593 ιο
110 1544 228 1593 eones
261 1530 303 1593 et
333 1522 460 1594 formae
493 1522 612 1592 nescio
647 1544 739 1613 qnae,
774 1529 812 1592 et
845 1522 985 1593 trinitas
1011 1522 1165 1593 hominis

108 1638 206 1733 apud
237 1636 497 1711 Valentinum:
532 1636 738 1708 Platonicus
765 1638 892 1710 fuerat.
945 1639 1035 1710 Inde
1066 1636 1166 1710 Mar-

109 1756 224 1829 cionis
250 1754 353 1826 Deus
376 1754 504 1826 melior
528 1756 573 1825 de
597 1754 875 1847 tranquillitate:
909 1778 932 1851 a
955 1754 1085 1825 Stoicis
1107 1778 1166 1826 ve-

110 1880 225 1944 nerat
277 1870 329 1942 Et
357 1880 401 1941 ut
421 1872 540 1942 anima
565 1872 710 1942 interire
738 1871 886 1955 dicatur,
910 1873 955 1943 ab
982 1872 1165 1966 Epicureis

109 1992 333 2063 observatur.
385 1989 434 2059 Et
456 1999 499 2060 ut
520 1990 634 2061 carnis
654 1990 834 2061 restitutio
856 1998 1015 2085 negetur,
1034 1992 1167 2061 deuna

71 2108 277 2195 15omnium
310 2104 600 2199 philosophorum
637 2104 759 2177 schola
796 2107 957 2177 sumitur.
1023 2106 1071 2177 Et
1103 2106 1166 2177 ubi

110 2226 265 2295 materia
289 2246 373 2294 cum
404 2222 484 2293 Deo
513 2230 681 2316 equatur,
707 2222 865 2295 Zenonis
894 2225 1077 2318 disciplina
1101 2234 1166 2295 est.

113 2342 163 2413 Et
187 2343 253 2413 nbi
279 2341 414 2433 aliquid
440 2342 486 2412 de
513 2342 618 2436 igneo
643 2340 724 2412 Deo
752 2340 935 2436 allegatur,
962 2340 1167 2413 Heraclitus

112 2459 320 2530 intervenit.
373 2458 516 2529 Easdem
539 2458 697 2529 materiae
716 2460 813 2552 apud
835 2458 1019 2530 haereticos
1036 2468 1074 2530 et
1090 2458 1168 2552 phi-

112 2576 285 2671 losophos
310 2576 526 2660 volutantur,
552 2576 660 2647 iidem
683 2584 895 2648 retractatus
920 2576 1167 2671 implicantur:

68 2692 226 2765 20Unde
250 2692 411 2764 malum?
441 2702 480 2763 et
506 2692 638 2784 quare?
668 2701 717 2775 et,
742 2693 838 2763 unde
863 2693 995 2764 homol
1023 2700 1060 2764 et
1084 2716 1170 2785 quo-

112 2808 250 2881 modo?
293 2817 332 2879 et
371 2809 465 2902 quod
510 2810 673 2901 proxime
717 2809 933 2882 Valentinus
977 2811 1169 2906 proposuit,

113 2928 213 2999 rmde
241 2926 368 2998 Deus?
408 2926 555 2998 Scilicet
585 2928 631 2997 de
660 2926 870 3020 enthymesi,
897 2936 934 2998 et
964 2936 1169 2999 ectromate.

115 3044 293 3139 Sequitur
308 3042 543 3115 Aristotelem
560 3041 654 3140 (sor.
673 3042 912 3137 Aristoteles),
931 3047 990 3138 qui
1011 3046 1082 3117 illis
1099 3046 1172 3116 dia-

116 3160 285 3232 lecticam
315 3163 479 3245 instituit,
508 3162 681 3233 artificem
711 3162 870 3231 struendi
900 3170 938 3232 et
968 3162 1171 3232 destruendi

70 3308 106 3366 ²5
116 3277 356 3372 versipellem,
389 3281 427 3351 in
460 3280 646 3351 sententiis
679 3287 851 3361 coactam,
885 3280 923 3349 in
961 3279 1172 3372 conjecturis

116 3396 259 3479 domm,
278 3396 316 3465 in
338 3398 556 3492 argumentis
578 3396 773 3490 operariam
797 3397 1076 3480 contentionum,
1096 3420 1173 3467 rno-

118 3512 249 3584 lestam
273 3514 383 3583 etiam
405 3514 504 3584 sibi
494 3513 569 3605 rpsi,
587 3514 708 3583 omnia
729 3520 992 3596 retractantem,
1012 3536 1059 3586 ne
1087 3514 1172 3607 quid

117 3629 269 3701 omnino
285 3630 501 3700 tractaverit.
554 3628 650 3701 Hinc
666 3629 737 3701 illae
754 3630 881 3701 fabulae
898 3638 936 3703 et
952 3630 1193 3727 genealogiaer
1208 3651 1274 3701 mm

119 3745 412 3827 interminabiles,
429 3754 468 3817 et
489 3746 702 3838 quaestiones
723 3746 963 3830 infructuosae,
981 3756 1019 3817 et
1040 3754 1172 3817 sermo-
1181 3716 1311 3833 Ti

72 3886 184 3949 30nes
207 3870 392 3956 serpentes
415 3862 515 3933 velut
536 3885 683 3946 cancer:
708 3885 731 3932 a
753 3862 880 3955 quibus
905 3886 970 3937 nos
992 3862 1172 3958 apostolus

120 3979 324 4062 refraenans,
349 3980 561 4050 nominatim
585 3972 844 4073 philosophiam
869 3987 1091 4051 contestatur
1116 4000 1173 4049 ca-

120 4098 195 4169 veri
223 4106 400 4191 oportere,
430 4096 586 4167 scribens
614 4098 660 4167 ad
691 4096 937 4169 colossenses:
984 4096 1101 4169 Videte
1130 4114 1268 4167 cecam
1282 4116 1307 4164 n.

120 4215 198 4309 quia
229 4238 291 4285 roa
320 4212 567 4284 circumveniat
596 4236 663 4307 per
686 4210 941 4307 philosophiam
969 4222 1000 4288 et
1034 4215 1169 4285 inanem
