2867 4817
243 331 308 394 420
555 326 937 391 ANNOTATIONES

288 502 327 566 P.
340 519 413 586 391.
429 499 450 562 l.
462 517 512 566 22.
529 501 603 563 nord
617 499 672 577 ritu
686 497 879 581 κρατήσασαν
894 499 1055 577 συνηθείαν
1070 501 1130 561 τῶν
1143 496 1302 582 πατέρων]

246 584 509 672 Praepositionem
526 589 607 667 παρὰ
621 591 697 649 ante
712 591 771 648 τῶν
785 583 922 666 πατέρων
936 583 1078 651 Oeneilia
1092 583 1228 661 addunt,
1244 606 1305 668 po·

246 673 310 738 sita
334 693 409 736 vero
434 671 467 735 in
492 671 635 756 margine
660 671 762 735 altera
785 669 941 746 leetione;
972 669 1082 754 aitque
1109 669 1304 733 Harduinus

245 760 328 824 hane
350 759 467 822 habere
489 756 711 822 Balsamonem
728 763 763 820 et
781 757 952 833 Zonaram,
972 777 1110 820 eunones
1128 755 1305 840 designans

246 845 280 910 in
301 845 415 908 horum
437 849 723 908 commentatorum
738 842 930 906 editionibus
940 841 1122 908 collocatos.
1166 841 1305 906 Addere

247 931 287 995 iis
305 930 379 994 lieet
399 950 507 993 omnes
528 929 594 993 fere
613 949 771 992 oanonum
791 927 1000 1007 eolleetiones,
1021 928 1055 991 in
1075 928 1201 1013 quibus,
1217 928 1305 992 sieut

247 1017 281 1081 in
301 1016 404 1080 tribus
425 1015 530 1079 MStis
550 1014 740 1092 Bodleianis,
761 1013 856 1078 leotio
874 1015 952 1093 haee,
973 1036 1070 1100 quam
1088 1013 1225 1099 praetuli,
1247 1035 1305 1078 ex·

247 1109 308 1167 tat.
343 1101 435 1167 Solus
449 1101 473 1164 J
474 1121 592 1166 oannes
607 1100 828 1164 Antioehsnus
843 1102 892 1164 ἐπὶ
905 1105 965 1164 τῶν
978 1125 1116 1183 πατερον
1129 1100 1240 1164 habet.

650 1261 803 1327 OANON
825 1261 899 1327 111.

293 1382 490 1466 Ibid.l.15.
519 1380 584 1444 Τὸν
608 1379 665 1459 μέν
690 1404 737 1443 τοι
763 1383 1108 1448 Κανσταντινουπόλεας
1135 1381 1306 1445 ἐπίσκοπον

250 1470 332 1554 ἔχειν
346 1472 383 1533 τὰ
396 1467 559 1550 πρεσβεῖα]
577 1466 628 1530 De
642 1466 702 1530 hoe
717 1487 847 1544 canone,
863 1466 917 1551 qui
931 1488 953 1530 a
967 1466 1100 1531 Socrate
1113 1466 1137 1529 l.
1155 1467 1193 1529 V.
1211 1467 1302 1532 Hist.

249 1577 276 1620 o.
291 1557 385 1619 28.et
401 1555 575 1618 Sozomeno
593 1551 613 1615 l.
630 1552 711 1615 VII.
733 1552 821 1617 Hist.
842 1574 869 1616 e.
883 1575 913 1637 9.
929 1573 1033 1616 oomm
1052 1558 1209 1631 moratur,
1227 1575 1304 1617 oon·

249 1641 334 1708 sulas
349 1662 419 1725 quse
434 1640 476 1703 ad
490 1637 621 1704 (lonoilii
636 1636 901 1704 Chalcedonensis
914 1639 991 1704 (lan.
1044 1638 1185 1704 XVIII.
1202 1661 1304 1704 anno-

248 1727 350 1794 taturi
364 1746 481 1791 sumus.

657 1841 812 1908 OANON
833 1843 893 1908 IV.

293 1956 333 2020 P.
345 1975 420 2041 392.
434 1955 456 2018 l.
470 1972 498 2019 2.
514 1955 654 2034 Μαξίμου
668 1959 722 2017 τοῦ
736 1957 866 2039 κυνικοῦ]
883 1954 1046 2019 Maximus
1059 1953 1121 2020 iste
1135 1955 1179 2019 ad
1193 1956 1305 2020 sedem

250 2039 635 2125 Constantinopolitanam
655 2047 769 2105 eontra
788 2061 924 2105 oanones
941 2047 1069 2105 oreatus
1084 2047 1167 2105 erat.
1204 2043 1305 2110 Oinoa

252 2127 366 2194 κυνικὸς
376 2125 418 2190 ὢν
429 2124 602 2209 φιλόσοφος
613 2128 694 2207 παρὰ
706 2129 864 2208 Θεολόγου
874 2127 1052 2206 βαπτισθεὶς
1061 2132 1114 2190 τοῦ
1125 2129 1213 2209 ἁγίου
1228 2133 1303 2210 Γρε-

251 2214 353 2297 γορίον
372 2216 420 2276 διὰ
441 2209 599 2294 χρημάτων
612 2210 694 2293 παρά
715 2236 805 2276 τινων
827 2211 1153 2280 Κωνσταντινοπόλεως
1170 2239 1306 2298 κεχειρο-

251 2302 381 2378 τόνηται.
399 2298 446 2361 καὶ
460 2298 606 2380 γνωσθεὶς
620 2297 851 2377 ἀπεδοκιμάσθη.
888 2299 1050 2363 Scholium
1063 2299 1106 2362 nd
1122 2299 1306 2364 Harmeno-

250 2384 317 2472 puli
335 2385 495 2470 Epitomea
521 2383 676 2447 θααοαυνυ
696 2384 783 2468 apud
807 2384 988 2448 Leunolavii
1008 2385 1070 2449 Jtss
1093 2386 1304 2450 Grato-Rom.

276 2521 283 2536 .
297 2473 346 2534 16.

250 2495 272 2558 p
296 2557 334 2621 P.
345 2573 418 2641 392.
430 2555 451 2618 l.
463 2572 492 2637 7.
508 2552 730 2639 ἆκυραθέντων]
747 2554 914 2620 Hactenus
928 2556 1100 2642 Dionysius
1112 2556 1260 2643 Exiguus
1270 2565 1307 2622 et

252 2643 394 2708 Isidorus
415 2641 588 2706 Mereatur.
620 2640 794 2725 Sequentia
810 2642 844 2704 in
861 2643 928 2706 solo
943 2644 1057 2707 Graeeo
1072 2642 1239 2708 Ganonum
1254 2666 1307 2709 oo·

252 2730 321 2794 dioe
342 2729 500 2828 leguntur,
517 2734 551 2791 et
565 2727 686 2791 Graeois
706 2727 871 2793 (lenonum
890 2729 1118 2793 collectoribus
1138 2737 1238 2814 atque
1258 2731 1307 2794 in-

251 2815 454 2901 terpret1bus.
483 2811 647 2876 Heroum.
692 2812 760 2878 Neo
796 2815 878 2878 risea
893 2814 1018 2893 Versio‚
1035 2836 1131 2899 quam
1145 2817 1249 2881 edidit
1263 2839 1306 2881 ex

251 2900 417 2988 patrissui
437 2898 629 2964 bibliotheoa
644 2899 747 2963 Henr.
784 2902 924 2980 ustellm,
940 2901 1019 2965 alios
1039 2902 1166 2985 quosvis
1184 2909 1308 2988 praeter

253 2995 391 3074 quatuor
407 2985 466 3050 hos
480 3007 616 3050 oenones
629 2985 785 3070 agnoseit.

670 3135 824 3202 GANON
845 3139 886 3202 V.

299 3239 383 3305 lbid.
398 3241 420 3304 l.
432 3261 462 3326 9.
478 3240 555 3322 Περὶ
568 3244 620 3303 τσῦ
634 3237 726 3320 τόμον
738 3239 812 3340 dra]
825 3240 1052 3306 Definitionem
1066 3243 1217 3330 intelligit
1229 3243 1308 3309 fidei

255 3326 393 3394 Nieaenae
404 3325 446 3390 ab
459 3325 613 3410 episeopis
623 3325 871 3391 oeoidentalibns
882 3327 1023 3394 Sardieae
1037 3328 1209 3410 firmatam,
1220 3337 1308 3396 teste

254 3412 445 3478 Balsamone
470 3418 504 3476 et
528 3411 666 3476 Zonara.
710 3413 777 3476 Alii
800 3413 967 3498 epistolam
990 3414 1124 3480 Damasi
1145 3438 1239 3502 papae
1263 3417 1308 3482 od

256 3499 426 3565 Paulinum
441 3519 458 3562 e
481 3497 622 3583 isoopnm
636 3497 875 3563 Antiochenam
888 3501 1032 3585 superius
1046 3501 1170 3567 editum
1183 3525 1217 3588 p.
1229 3505 1308 3580 760.

254 3585 379 3652 malunt
396 3519 538 3670 intelligi,
554 3606 627 3649 enm
645 3585 921 3651 anathematismis
934 3609 1032 3671 supro
1104 3587 1168 3667 itis,
1183 3611 1215 3674 p.
1228 3590 1307 3654 801.

255 3671 370 3758 quibus
390 3671 559 3735 orientales
581 3671 720 3756 episcopi
738 3671 772 3736 in
791 3673 912 3757 synodo
926 3672 1008 3737 Anti
1069 3695 1131 3738 ona
1149 3675 1226 3739 anni
1240 3677 1308 3760 378

255 3759 520 3843 subseripserunt.
553 3757 716 3821 Hsanum.
772 3757 961 3844 Opinionem
985 3758 1076 3835 hane,
1104 3783 1176 3845 qum
1202 3760 1307 3826 Henr.

257 3844 379 3909 Valesii
400 3849 458 3921 est,
478 3843 621 3928 praetulit
642 3843 735 3908 alteri
756 3844 979 3930 Beveregianae
1000 3846 1043 3910 ab
1064 3845 1236 3912 Harduino
1254 3847 1309 3912 hie

254 3930 437 4017 propositae,
451 3929 573 4029 (lavins,
585 3930 626 3993 de
640 3930 700 3994 hoo
716 3930 856 3996 Coneilio
869 3953 967 4017 agens
981 3933 1015 3995 in
1025 3932 1109 3996 Hes.
1120 3934 1187 3997 tit.
1202 3934 1264 3999 vol.
1278 3935 1308 3998 I.

256 4015 503 4182 ltillallll
520 4023 572 4165 ll
592 4016 1308 4186 tttlftttttdttttlflttlt

253 4192 326 4270 μίαν
348 4191 481 4267 dommo,
505 4189 653 4266 ἐξουσίαν,
678 4192 864 4264 δυναστείαν,
882 4191 936 4255 dre.
960 4213 992 4276 p.
1007 4191 1081 4271 804.
1126 4191 1248 4256 Confer
1273 4198 1309 4257 et

254 4275 434 4363 Epistolam
449 4273 667 4361 episcoporum
680 4275 779 4341 CPol.
790 4275 834 4341 ad
845 4276 1075 4343 Oeoidentales.
1098 4277 1194 4345 certe
1208 4278 1309 4365 perti·
