2867 4817
281 328 348 393 DE
372 328 531 394 OPERE
555 328 619 393 ΕΤ
643 328 994 395 ELEEMOSYNIS.
1102 332 1167 403 olo

110 504 218 587 sitivi,
251 513 283 575 et
314 528 383 575 noo
407 502 555 597 potestte
585 526 660 583 mo,·
701 501 822 599 impes
840 502 917 600 foi,
947 514 979 577 et
1007 528 1077 577 ooo
1107 506 1168 577 od·

111 617 266 690 tuentis
291 642 346 691 mo
357 645 370 699 ;
399 616 513 719 nodos
533 628 565 689 et
586 642 654 691 noo
676 620 823 692 vestistis
849 644 924 700 me,·
953 620 1112 715 infirmos
1137 632 1169 696 et

111 735 149 805 io
170 758 320 819 earcere,
348 744 380 807 et
401 758 472 806 ooo
494 735 660 807 omittetis
681 761 744 808 me.
800 735 899 809 Tuon
922 736 1168 832 respondebunt

109 860 141 921 et
171 851 246 946 ipm
274 850 447 923 dieentes:
493 849 655 936 Domine,
687 852 825 948 quoodo
854 862 886 925 te
914 852 1064 925 vidimus
1093 878 1168 926 eeu-

85 968 258 1049 srientem
285 976 346 1039 out
370 967 549 1049 sitientem,
576 980 637 1041 ont
664 968 830 1065 hospitem
856 979 916 1041 aot
940 969 1080 1054 nodum,
1108 980 1168 1042 out

111 1082 294 1176 infirmum
321 1091 382 1154 oot
403 1082 443 1153 in
471 1106 615 1167 cornero,
632 1090 664 1153 et
688 1104 758 1153 ooo
783 1081 1057 1153 ministravimus
1074 1081 1168 1154 citit

108 1198 160 1269 Et
184 1197 403 1293 respondebit
428 1196 522 1269 iltis.-
548 1198 662 1271 Amen
687 1198 766 1269 dieo
790 1196 891 1280 vobio,
919 1199 1073 1292 quoodio
1097 1223 1167 1271 ooo

99 1314 246 1409 fecisti}
268 1316 333 1387 oni
357 1340 402 1387 en
426 1316 582 1387 minimis
604 1314 669 1399 to,
695 1338 802 1409 neque
824 1312 912 1385 milti
925 1313 1076 1410 societis.
1117 1315 1168 1387 Et

111 1430 254 1505 otone
275 1433 337 1503 inti
358 1433 397 1502 io
420 1430 664 1503 ambustionem
692 1440 866 1515 aeoemom,
878 1430 970 1523 justi
991 1441 1103 1503 autem
1127 1432 1167 1503 io

71 1550 218 1619 woitom
238 1558 413 1619 (eternam.

164 1662 318 1735 XVIII.
345 1663 443 1748 Quid
471 1665 588 1755 potuit
618 1664 720 1735 nobis
741 1666 868 1756 majus
903 1665 1064 1736 Christus
1093 1665 1167 1735 edi-

112 1780 221 1852 eere?
257 1780 447 1865 Quomodo
480 1782 592 1874 magis
625 1782 745 1873 potuit
772 1781 924 1872 justitiae
957 1804 1000 1851 ae
1033 1782 1168 1851 miseri-

113 1898 247 1969 eordiae
270 1905 401 1970 nostrae
419 1919 526 1989 opero
549 1919 741 1989 provocare
758 1920 865 1990 quem
890 1898 985 1989 quod
1009 1899 1164 1989 praestari

113 2014 208 2085 dixit
235 2014 301 2085 sibi
327 2015 494 2107 quiequid
520 2015 639 2107 egenti
665 2022 851 2106 praestatur
875 2022 913 2084 et
941 2016 1096 2106 pauperi,
1128 2023 1166 2085 et

72 2163 103 2220 15
114 2152 154 2201 se
171 2131 266 2201 dixit
283 2128 411 2201 offendi
435 2132 502 2201 nisi
520 2130 641 2223 egenti
663 2138 855 2223 praestetnr
870 2138 908 2201 et
924 2131 1090 2224 pauperi3
1123 2139 1165 2201 ut

114 2249 178 2339 qni
212 2255 375 2339 respectu
405 2248 523 2317 fratris
551 2247 589 2316 in
619 2245 770 2317 ecelesia
798 2269 869 2317 non
902 2256 1076 2331 movetur,
1108 2247 1164 2318 vel

115 2362 251 2435 Ghnieti
278 2363 576 2458 contemplatione
603 2371 799 2447 moveatur,
825 2371 863 2433 et
889 2365 949 2455 qui
974 2386 1047 2434 non
1071 2364 1166 2457 cogi-

115 2488 172 2551 tat
195 2478 375 2550 inlabere
400 2489 508 2572 etque
530 2480 568 2549 in
591 2488 751 2573 egestate
774 2503 993 2562 conservum,
1011 2478 1068 2550 vel
1093 2479 1166 2550 Do-

115 2598 257 2666 minum
286 2596 420 2690 cogitet
453 2597 492 2665 in
520 2597 595 2688 ipso
625 2595 687 2666 illo
721 2619 828 2687 quem
858 2598 1007 2690 despicit
1036 2599 1167 2667 eonsti-

73 2712 264 2785 neutum?
288 2711 337 2783 Et
353 2713 493 2795 ideireo,
512 2712 637 2783 fratres
654 2713 832 2795 carissimi,
850 2713 977 2805 quibus
993 2720 1111 2782 metus
1127 2714 1165 2783 in

116 2827 240 2899 Deum
265 2850 395 2921 pronus
418 2835 483 2911 est,
500 2835 538 2899 et
563 2836 682 2920 spreto
707 2826 913 2920 calcatoque
928 2830 1006 2920 jam
1032 2829 1165 2899 mundo

116 2946 164 3016 ad
187 2967 339 3037 supema
360 2952 398 3015 et
419 2944 538 3014 divina
559 2945 697 3015 enimus
719 2953 858 3015 erectus
874 2954 939 3027 est,
957 2945 1027 3015 fide
1049 2944 1163 3037 pleno,

116 3068 240 3131 mente
263 3060 399 3141 devota,
418 3060 621 3153 operatione
643 3061 820 3143 continuo,
837 3060 1070 3154 promerendo
1090 3059 1165 3130 Do-

116 3178 216 3247 mino
237 3174 444 3269 obsequium
463 3176 690 3268 praebeamus.
742 3176 879 3248 Demus
896 3177 1036 3249 Christo
1059 3177 1166 3248 vesti-

73 3302 242 3383 25menta
257 3300 406 3375 terrena,
416 3293 625 3363 indumenta
637 3291 795 3364 eoelestia
807 3294 992 3387 recepturi.
1027 3293 1164 3365 Demus

117 3409 241 3481 eibum
264 3417 302 3480 et
321 3418 447 3502 potum
470 3408 682 3492 saeculorem,
700 3432 784 3479 eum
806 3408 990 3481 Abraham
1006 3419 1045 3482 et
1064 3409 1165 3481 Isaeo

118 3534 157 3599 et
174 3525 289 3597 Jnoob
309 3526 355 3596 nd
372 3526 574 3596 convivium
598 3523 743 3597 eoeleste
760 3528 910 3596 venturi.
963 3526 1023 3596 Ne
1040 3548 1170 3619 parum.

117 3652 307 3725 metamus,
333 3641 525 3735 plurimum
551 3644 775 3713 seminemus.
827 3642 1019 3713 Securitoti
1045 3665 1086 3713 no
1112 3664 1165 3713 sa·

117 3761 187 3832 luti
221 3769 362 3832 oetemae
396 3760 482 3829 dum
515 3771 657 3853 tempus
695 3767 751 3828 est
784 3757 1017 3842 consulamus,
1052 3757 1165 3829 Paulo

71 3906 110 3965 30
119 3875 281 3970 apostolo
305 3876 518 3946 admonente
544 3882 581 3945 et
606 3874 767 3945 dicente:
801 3872 898 3970 loiron
927 3872 1010 3945 dom
1035 3882 1272 3968 temptione.

118 3990 279 4065 tutemus
295 4014 473 4086 opmemm
490 3989 581 4086 qood
601 3988 725 4062 bonnm
742 3997 790 4061 eet
806 3988 854 4061 od
874 4012 998 4074 monet,
1015 3990 1165 4093 monime

120 4118 234 4181 autem
259 4107 308 4179 od
331 4108 528 4181 domesticos
547 4107 647 4203 fidei.
698 4105 839 4179 Booom
868 4115 980 4179 autem
993 4105 1166 4202 fatientes

122 4250 191 4299 non
208 4223 414 4319 defioiomm.
469 4223 634 4321 Tempore
650 4225 741 4297 otim
758 4248 820 4297 ouo
837 4233 1004 4295 memus.

622 4364 672 4413 es
