2867 4817
277 340 342 404 110
630 302 973 412 Tauroentum

275 519 381 601 ditias,
410 542 482 589 non
515 541 603 611 quas
635 519 794 613 plerique
831 524 1074 615 superstitiose
1108 534 1244 609 aurant,
1279 529 1326 597 ad

275 659 417 707 omnem
435 636 630 706 orationem
648 639 757 708 etiam
778 662 859 709 oum
882 638 1021 711 lavaero
1039 642 1150 713 totius
1166 646 1327 735 eorporis

275 775 403 845 aquam
421 761 612 823 sumentes.
655 752 697 823 Id
716 777 826 846 quum
845 756 1047 848 scrupulose
1064 766 1328 851 percunctarer,

275 878 313 939 et
329 869 504 939 rationem
525 872 750 962 requirerem,
772 874 926 966 comperi
948 876 1326 946 commemorationem

275 1008 352 1057 esse
373 987 411 1056 in
435 986 580 1057 Domini
605 988 833 1058 deditionem.
886 988 965 1059 Nos
987 988 1183 1060 Dominum
1200 990 1328 1061 adora-
1339 1020 1355 1077 5

274 1126 364 1186 mus,
382 1126 454 1172 non
470 1102 643 1175 dedimus.
695 1104 775 1175 Imo
793 1113 830 1176 et
847 1107 1020 1177 adversari
1039 1106 1208 1177 debemus
1224 1106 1328 1177 dedi-

274 1221 362 1291 toris
390 1220 566 1313 exemplo,
599 1244 667 1292 neo
696 1230 884 1315 propterea
915 1246 1042 1293 manus
1070 1221 1224 1306 abluere,
1253 1226 1326 1295 nisi

275 1337 370 1430 quod
399 1340 674 1409 conversationis
702 1339 866 1410 humanae
898 1340 1204 1431 inquinamentum
1238 1363 1327 1411 eon-

265 1456 431 1544 scientiae
447 1479 570 1527 eaussa
585 1456 755 1526 lavemus.

146 1572 230 1687 ‘ff‘
326 1573 495 1643 Ceterum
512 1574 596 1643 satis
612 1572 755 1641 mundae
774 1580 857 1643 sunt
879 1594 1015 1655 manus,
1032 1594 1119 1665 quas
1141 1596 1224 1643 oum
1241 1582 1324 1645 toto
1341 1604 1375 1643 ιο

109 1676 420 1783 Apoetmpuaeorpore
449 1691 487 1759 in
517 1689 658 1759 Christo
687 1688 797 1758 semel
823 1689 982 1759 lavimus.
1033 1688 1210 1760 Omnibus
1235 1688 1324 1761 lieet

274 1806 443 1877 membris
483 1804 579 1876 lavet
617 1805 776 1897 quotidie
815 1804 934 1888 Israel,
967 1826 1162 1897 numquam
1197 1813 1323 1877 nmen

272 1924 427 1994 mundus
452 1931 517 1993 est.
565 1922 672 1993 Certe
696 1943 823 1991 manus
847 1921 924 2012 ejus
950 1943 1089 2013 semper
1117 1922 1321 2009 immundae,

272 2041 443 2135 sauguine
468 2039 718 2133 prophetarum
747 2046 785 2109 et
812 2037 921 2129 ipsius
948 2035 1094 2107 Domini
1126 2048 1322 2112 omentatae

271 2157 309 2228 in
326 2166 508 2227 atomum,
560 2156 609 2226 Et
626 2156 706 2226 ideo
725 2154 939 2225 couscientia
955 2160 1096 2246 patrum
1113 2153 1320 2228 hereditarii
1336 2190 1346 2228 ι
1353 2186 1371 2247 5

270 2275 320 2344 rei
350 2296 417 2343 neo
444 2272 608 2343 attollere
638 2294 697 2342 ess
723 2272 769 2342 ad
800 2269 995 2341 Dominum
1021 2270 1165 2355 audent,
1189 2296 1235 2343 ue
1255 2297 1321 2345 ex-

270 2391 402 2463 clamet
426 2390 553 2483 aliquis
578 2388 709 2472 Esaias,
732 2412 778 2458 ne
801 2388 990 2458 exhorreat
1013 2386 1185 2459 Christus.
1239 2390 1320 2463 Nos

269 2531 354 2579 vero
379 2530 451 2577 non
473 2503 670 2577 attollimus
690 2512 842 2586 tantum,
867 2505 929 2575 sed
953 2504 1061 2574 etiam
1082 2507 1320 2597 expandimus

270 2624 506 2697 eDominiea
529 2623 690 2716 passione
716 2620 961 2705 modulantem
997 2628 1035 2691 et
1065 2630 1206 2693 orantes
1233 2647 1319 2695 eon·

269 2742 414 2813 iitemur
429 2740 581 2811 Christo.
1330 2778 1370 2819 ,ο

140 2861 227 2912 GAP·
321 2858 393 2930 Sed
427 2858 593 2951 quoniam
626 2878 738 2925 unum
775 2854 916 2948 aliquod
956 2856 1164 2951 attingimus
1197 2879 1318 2929 vaouae

104 2927 262 3071 neddere·
271 2974 533 3056 observationis,
554 2995 627 3042 non
656 2972 794 3065 pigebit
823 2980 942 3043 cetera
967 2994 1109 3064 quoque
1135 2973 1317 3057 denotare,

103 3057 205 3121 mh*
269 3094 396 3186 quibus
412 3091 540 3161 merito
557 3088 693 3159 vanitas
710 3088 937 3182 exprobanda
950 3097 1024 3172 est;
1048 3091 1221 3182 siquidem
1239 3092 1317 3163 sine

267 3207 373 3280 ullius
389 3217 452 3279 aut
476 3206 665 3287 Domiuiei,
683 3214 747 3276 aut
772 3205 954 3299 apostolici
977 3207 1144 3299 praeeepti
1161 3211 1317 3279 auetori-

266 3335 342 3397 tate
358 3326 459 3395 liunt.
495 3322 710 3415 Hujusmodi
728 3324 823 3392 enim
840 3346 911 3392 nou
928 3323 1100 3417 religioni,
1118 3325 1179 3395 sed
1193 3348 1316 3418 super.
1327 3366 1365 3427 25

265 3443 399 3515 stitioui
427 3442 652 3533 deputantur,
682 3438 868 3522 affectata,¹
888 3448 925 3509 et
955 3448 1087 3523 eoaetn,
1116 3448 1154 3511 et
1184 3443 1313 3513 curiosi

264 3561 393 3654 potius,
407 3580 512 3650 quam
524 3556 705 3627 rationalis
718 3554 844 3638 officii3
861 3565 958 3626 certe
976 3556 1089 3649 valeo
1106 3558 1312 3642 coemenda,

263 3676 357 3770 quod
376 3675 580 3747 Gentilibus
598 3670 687 3769 (sor.
705 3696 769 3743 uos
793 3671 992 3767 adaequant)
1016 3674 1212 3765 adaequent.
1258 3674 1314 3746 Ut

263 3803 319 3866 est
343 3794 574 3887 quorundam,
591 3792 762 3885 expositis
786 3791 925 3884 penulis
950 3792 1146 3861 orationem
1173 3791 1312 3877 faeere;

263 3914 313 3983 sio
330 3912 426 3982 enim
446 3910 580 3981 adeunt
601 3908 646 3979 ad
668 3906 765 3979 idola
786 3909 956 3979 nationes.
1009 3908 1115 3993 Quod
1138 3909 1264 4000 utique
1282 3912 1310 3981 si
1322 3936 1364 3991 30

262 4029 338 4099 fieri
356 4036 545 4121 oporteret,
562 4025 722 4119 apostoli,
740 4026 801 4117 qui
817 4026 863 4096 de
886 4024 1011 4096 habitu
1028 4026 1150 4095 orandi
1168 4026 1310 4111 donent,

262 4144 631 4238 comprehendissent3
656 4144 723 4213 nisi
741 4142 770 4212 si
788 4144 847 4234 qui
865 4151 1003 4234 putant,
1022 4142 1174 4212 Paulum
1197 4164 1312 4235 penu-

261 4262 333 4332 lam
346 4282 445 4331 suam
463 4261 500 4330 in
518 4259 675 4331 oratioue
688 4282 797 4351 penes
811 4259 967 4352 Carpum
980 4257 1171 4351 reliquisse.
1207 4258 1310 4330 Deus
