2867 4817
269 314 322 381 IN
345 313 565 381 CANONES
588 311 772 379 NICAENI
797 311 1026 378 CONCILII.
1109 315 1174 382 415

123 491 305 556 Romarm
335 487 449 553 saltem
477 485 642 552 eeclesiam
666 507 830 570 nunquam
853 487 983 552 omnino
1010 495 1174 575 reoeptum

123 577 230 641 finisse.
282 572 332 640 At
351 573 527 639 Rhabanus
548 571 692 651 Maurus,
715 571 926 675 Mogrmtinus
945 595 1029 639 nono
1047 597 1173 663 quoque

124 662 242 728 saeoulo
256 661 363 726 arohie
385 660 519 761 isoopus,
535 659 568 724 in
579 659 774 724 liastmona
791 658 975 724 θῖιησονιιηι
989 661 1080 726 nobis
1094 677 1175 747 prae·

123 749 212 836 cipit,
225 768 297 812 eum
308 747 359 811 die
402 747 546 824 ommino,
558 752 628 810 tum
640 746 848 810 Penteoostes
858 745 970 810 diebus
982 767 1042 812 neo
1052 747 1175 833 jejunia

123 835 259 922 agenda,
282 855 340 898 neo
360 855 466 918 genua
486 854 555 898 esse
576 832 744 910 flectenda,
766 831 923 916 majorum
944 833 1118 898 traditione
1139 849 1175 899 et

123 921 280 987 nniversae
299 919 439 985 eoelesise
458 941 546 983 more
565 917 742 1004 appellatis,
763 940 854 1003 oapp.
865 918 931 982 lxx.
946 926 980 983 et
999 919 1076 984 lxxi.
1113 920 1175 985 At·

125 1030 188 1093 que
208 1007 295 1091 apud
316 1028 374 1071 nos
396 1005 605 1070 oeoidentales
626 1005 659 1068 in
681 1004 922 1070 desuetudinem
943 1005 1059 1070 abiisse
1077 1005 1175 1071 ritum

124 1095 233 1170 istum,
256 1092 384 1157 omnino
409 1091 589 1156 mirandum
618 1097 676 1169 est,
703 1112 776 1155 eum
801 1091 845 1156 ab
877 1091 954 1177 ipsis
978 1091 1175 1158 incunabulis

126 1178 360 1246 Christianismi
380 1179 567 1243 observatus
586 1183 679 1257 esset,
695 1177 779 1262 quod
800 1184 942 1242 testatur
961 1179 1176 1244 Tertullianus

125 1288 225 1366 supra
239 1265 271 1328 in
285 1265 338 1329 lib.
359 1264 396 1329 de
417 1264 560 1330 Oratim
579 1283 648 1348 eap.
663 1283 715 1349 23.
732 1269 766 1328 et
779 1263 818 1328 ds
839 1264 957 1330 omaso
974 1285 1045 1350 oap.
1056 1285 1088 1350 3.
1103 1272 1176 1330 tum

126 1361 226 1417 eham
237 1351 420 1416 universalis
431 1349 691 1451 oonoiliideereto
706 1349 911 1450 oeulis-matus
921 1350 1027 1452 fuerit.
1051 1351 1176 1416 Verum

125 1437 355 1602 tttllfftt
367 1437 865 1607 tttttlhtlttttt
878 1437 1176 1603 asstitit&

126 1611 162 1676 id
187 1611 315 1695 quidem
339 1609 568 1696 poenitentibus
593 1614 627 1672 et
652 1608 835 1693 petentibus
859 1609 964 1674 minus
989 1609 1177 1675 conveniens

127 1704 223 1775 esset,
239 1703 277 1762 ut
287 1717 450 1780 nunquam
460 1702 591 1760 orarent
601 1694 649 1758 vel
659 1715 772 1779 genua,
782 1695 832 1759 vel
846 1717 990 1781 oorpora,
1000 1696 1175 1775 flectentes,

127 1789 376 1934 t'ttttt
390 1780 1003 1953 ffithfflitttttttlff
1026 1804 1178 1935 “tlt

128 1955 227 2034 edita,
243 1953 276 2019 in
291 1977 354 2040 qua
368 1953 513 2020 similiter
526 1960 624 2038 atque
638 1953 671 2017 in
686 1953 870 2020 oolleotione
885 1955 1095 2036 Quesnellana
1108 1956 1177 2021 sine

128 2041 332 2108 distinetione
347 2061 484 2106 eanones
499 2039 701 2104 Sardioenses
715 2040 849 2125 subjeoti
864 2048 940 2107 sunt
955 2042 1104 2108 Nioaenis.

173 2128 212 2192 Ρ.
224 2129 297 2212 383.
313 2127 333 2191 l.
370 2175 377 2191 .
391 2129 466 2210 ὑπὲρ
480 2131 533 2191 τοῦ
545 2125 644 2191 πάντα
660 2128 693 2190 ἓν
706 2123 789 2206 πάσῃ
802 2130 941 2214 παροικίᾳ
958 2129 1065 2208 ὁμοίως
1077 2154 1175 2212 παρα-

130 2143 426 2299 φυλάπεσθαιῙςΙῢα
439 2213 539 2278 edidit
553 2211 744 2298 Beveregius
762 2212 796 2276 in
816 2213 984 2298 Synodioo,
1000 2237 1096 2300 quam
1110 2215 1178 2301 qui·

130 2302 205 2365 dem
219 2299 410 2385 soripturam
424 2299 554 2364 firmant
567 2319 677 2363 omnes
691 2299 815 2364 oodioes
830 2300 939 2385 scripti
955 2301 1128 2380 Bodleiani,
1144 2303 1178 2366 in

130 2387 246 2472 quibus
254 2392 346 2451 extat
356 2387 463 2466 ὁμοίως
470 2383 766 2466 παραφυλάττεσθαι,
776 2385 853 2449 dum
860 2387 954 2472 vulgo
962 2385 1177 2470 dulcimodos,

130 2472 201 2539 siue
209 2475 326 2553 ὁμοίως,
336 2471 475 2558 positum
484 2477 542 2536 est.
555 2471 619 2536 Sed
628 2471 736 2550 ὁμοίως
744 2477 778 2536 et
786 2470 1179 2560 detinendocnobisprae·

130 2566 221 2626 stunt
229 2557 252 2622 J
254 2557 596 2624 oannesAntioohenus
605 2556 638 2622 in
649 2556 841 2622 Oolleotione
850 2559 1014 2623 (lenonum
1023 2569 1058 2625 et
1068 2561 1177 2639 oodex,

130 2666 227 2733 quem
257 2643 415 2710 Justellus
442 2643 608 2709 Universae
638 2643 788 2708 Eoolesiae
817 2645 967 2730 appellat,
996 2646 1179 2748 habentque

129 2752 240 2798 vooem
250 2731 442 2796 amator
449 2736 572 2795 veteres
580 2729 739 2794 versiones
749 2729 882 2809 Latinae,
894 2737 928 2796 et
937 2731 1052 2797 Tiliani
1063 2733 1180 2798 oodreis

130 2817 356 2904 interpretatio
365 2816 518 2882 shaibter.
552 2816 677 2881 Extant
688 2838 814 2901 quoque
824 2818 911 2903 apud
920 2818 1083 2884 Gelasium
1092 2819 1180 2905 Oyzi-

131 2925 246 2970 oenum
260 2903 357 2968 verba
370 2903 448 2983 hino,
463 2903 537 2985 ὑπὲρ
551 2905 666 2976 τούτου,
678 2901 778 2967 πάντα
787 2905 894 2983 ὁμοίως
905 2906 939 2969 ἐν
949 2904 1032 2994 πάσῃ
1042 2907 1180 2992 παροικίᾳ

131 2993 306 3072 dirodoinus
326 2988 538 3072 φυλάττεσθαι.
581 2988 683 3054 Silent
702 2989 743 3053 de
761 2993 834 3053 tota
855 2991 1015 3056 sententia
1030 2993 1064 3056 in
1087 2992 1179 3057 Gom-

131 3075 298 3142 mentariis
311 3075 376 3140 suis
390 3075 534 3140 Zonaras
547 3081 581 3139 et
596 3073 755 3139 Baleamo.
791 3075 894 3140 Porro
908 3085 1018 3142 antem
1031 3078 1125 3142 simili
1140 3079 1180 3144 de

132 3184 239 3242 eausa,
266 3161 485 3227 unanimitatis
505 3160 621 3248 gratia,
645 3161 809 3226 eonditum
830 3169 881 3227 est
901 3162 943 3227 ab
968 3163 1029 3228 hae
1048 3165 1179 3250 synodo,

133 3249 294 3335 quomodo
316 3248 414 3314 etiam
437 3248 547 3311 deoem
569 3254 646 3312 ante
669 3269 770 3313 annos
794 3249 836 3313 ab
859 3248 1042 3315 Arelatensi
1065 3251 1177 3337 prima,

133 3335 257 3401 eelebre
282 3335 322 3399 de
343 3333 469 3420 pasohoe
492 3339 636 3419 tempore
656 3334 829 3413 decretum,
856 3336 942 3421 quod
966 3337 1093 3423 quidem
1115 3359 1180 3403 non

132 3444 174 3488 ex
190 3421 265 3506 fuga
279 3420 380 3485 solum
394 3418 582 3485 imitationis
596 3419 619 3484 J
621 3421 742 3486 udaieoe
756 3422 1024 3507 proficiscebatur,
1041 3424 1097 3489 sed
1107 3447 1181 3490 oon-

133 3508 253 3574 stituta
275 3506 330 3571 illa
350 3506 460 3592 regula
481 3512 540 3586 est,
564 3512 601 3572 ut
623 3508 796 3573 ooneordes
817 3531 927 3574 omnes
951 3510 1127 3576 Christiani
1147 3512 1181 3576 in

132 3593 324 3660 oelebrando
338 3600 431 3657 tanto
445 3591 528 3657 festo
543 3593 713 3658 evaderent
725 3620 734 3670 ;
759 3616 831 3659 oum
845 3595 985 3681 alioqffl
994 3597 1107 3662 iisdem
1117 3598 1182 3662 die-

133 3681 195 3746 bus
210 3678 418 3765 emungeret,
434 3684 471 3743 ut
485 3678 538 3743 alii
554 3679 680 3765 quidem
691 3680 814 3765 jejunio
833 3683 1051 3768 antepaschali
1065 3684 1182 3750 intenti

133 3772 251 3845 essent,
266 3764 321 3830 ulii
337 3787 411 3829 vero
432 3765 532 3850 epulis
553 3771 628 3850 post
649 3767 769 3851 paseha
788 3767 889 3833 solitis
911 3790 1041 3854 operam
1057 3770 1181 3836 darent.

134 3853 230 3920 (lons.
247 3851 421 3916 Eusebium
434 3851 472 3916 de
494 3850 567 3916 Vita
584 3851 774 3918 Ooaaaatiai
791 3853 845 3918 lib.
862 3852 928 3916 ΙΙΙ.
947 3877 1037 3941 oapp.
1048 3871 1081 3940 5.
1101 3863 1135 3921 et
1151 3858 1180 3921 8.

133 3937 778 4108 l‘llimhllipiinihipiffllitqii
799 3940 1183 4094 tlffilttttttss·

135 4119 249 4188 vatur3
277 4109 360 4175 hane
381 4117 489 4175 autem
504 4110 536 4174 in
552 4111 738 4196 Appendiee
753 4112 876 4192 mitem,
890 4115 951 4178 etsi
971 4114 1004 4178 in
1019 4115 1184 4181 Oanonum

135 4198 189 4264 vix
199 4197 271 4264 ullis
283 4196 527 4264 collectionibus
541 4197 652 4263 haberi
663 4206 858 4280 consuetam,
873 4199 1085 4268 oollooaturus
1099 4225 1180 4268 snm.
