2867 4817
277 317 342 383 372
687 321 907 387 CANONES

660 572 861 649 ΚΑΝΩΝ
889 574 933 649 Γ.

331 716 602 832 Ἀπηγόρευσεν
633 725 793 807 καθόλου
821 729 843 827 ἡ
875 725 1018 829 μεγάλη
1043 727 1206 826 σύνοδος,
1235 726 1329 828 μήτε

276 851 472 963 ἐπισκόπου,
501 852 590 955 μήτε
619 855 870 965 πρεσβυτέρῳ,
902 854 991 955 μίγτε
1028 856 1195 965 διακόνῳ,
1233 854 1327 955 μήτε

275 980 370 1065 ὅλως
406 985 474 1060 τινὶ
507 989 579 1062 τῶν
610 984 648 1062 ἐν
676 988 729 1089 τῷ
758 981 896 1090 κλήρῳ,
928 982 1057 1089 ἐξεῖναι
1086 984 1326 1062 συνείσωσον

276 1109 380 1213 ἔχειν·
409 1107 509 1209 πλὴν
526 1116 556 1189 εἰ
582 1108 632 1211 μὴ
660 1110 732 1213 ἄρα
757 1112 907 1212 μητέρα,
928 1108 1143 1217 ἢάδελφὴν,
1164 1109 1188 1211 ἢ
1208 1112 1355 1208 θείαν,5

275 1233 298 1336 ἢ
318 1236 342 1317 ἂ
358 1234 451 1337 μόνα
468 1236 650 1342 πρόσωπα
666 1244 793 1318 πᾶσαν
811 1240 974 1345 ὑποψίαν
992 1238 1238 1345 διαπέφευγεν.

658 1451 860 1527 ΚΑΝΩΝ
889 1452 937 1527 Δ.

330 1610 555 1689 Ἐπίσκοπον
586 1607 761 1714 προσήκει
789 1606 955 1709 μάλιστα
985 1606 1051 1707 μὲν
1077 1604 1147 1687 ὑπὸ
1174 1604 1323 1688 πάντων

272 1744 345 1816 τῶν
363 1738 402 1816 ἐν
419 1743 464 1844 τῇ
483 1737 636 1843 ἐπαρχίᾳ
653 1738 910 1817 καθίστασθαι.
959 1741 989 1815 εἰ
1016 1734 1055 1814 δὲ
1079 1732 1249 1839 δυσχερὲς
1268 1735 1322 1835 εἴη

272 1863 314 1944 τδ
331 1872 479 1962 τοιοῦτο,
498 1862 521 1966 ἢ
545 1863 604 1944 διὰ
624 1864 907 1967 αατεπείγουσαν
923 1861 1094 1965 ἀνάγκην,
1111 1860 1134 1962 ἢ
1162 1859 1220 1941 διὰ
1245 1865 1318 1962 μῆ·
1335 1889 1378 1929 ¹0

271 2026 333 2077 κος
352 1994 448 2072 ὀδοῦ·
470 1992 515 2099 ἐξ
530 1992 687 2077 ἅπαντος
700 2000 792 2095 τρεῖς
811 1994 869 2073 ἐπὶ
883 1988 924 2071 rb
939 1989 1025 2071 αὐτὸ
1043 1989 1321 2092 συναγομένους,

271 2117 487 2226 συμψήφων
504 2119 698 2222 γινομένων
715 2122 775 2201 καὶ
801 2127 874 2200 τῶν
891 2118 1057 2199 ἀπόντων
1073 2120 1132 2216 καὶ
1149 2124 1318 2198 συντιθε-

270 2247 386 2346 μένων
416 2246 475 2327 διὰ
503 2247 736 2352 γραμμάτων,
764 2246 844 2328 τότε
875 2244 1180 2351 τὴν-χειροτονίαν
1202 2252 1319 2326 ποιεῖ-

271 2381 372 2455 σθαι.
402 2374 444 2454 τὸ
464 2374 501 2454 δὲ
518 2384 624 2480 κῦρος
642 2383 715 2456 τῶν
733 2374 928 2477 γινομένων
946 2376 1112 2455 δίδοσθαι
1133 2375 1210 2455 καθ
1230 2372 1319 2453 ἐκοί-

271 2536 365 2604 οτην
381 2502 554 2609 ἐπαρχίαν
571 2508 623 2611 τῷ
639 2502 900 2609 μητροπολίτῃ.
1333 2530 1373 2591 15

658 2717 860 2794 ΚΑΝΩΝ
889 2718 935 2792 Ε.

327 2875 417 2977 Περὶ
443 2881 516 2953 τῶν
534 2868 779 2972 ἀκοινωνήταν
795 2869 1003 2973 γενομένων,
1028 2870 1096 2950 εἴτε
1121 2877 1195 2950 τῶν
1210 2873 1248 2951 ἐν
1266 2878 1321 2980 τῷ

814 3057 847 3116 Si
870 3068 966 3116 autem
993 3056 1049 3115 boc
1073 3056 1189 3116 difficile
1212 3057 1317 3126 suerit,

406 3099 558 3160 CANON
579 3099 638 3158 m·
812 3148 864 3197 aut
878 3148 997 3217 propter
1016 3137 1173 3196 instantem
1190 3140 1319 3197 necessi.

309 3213 467 3275 Interdixit
480 3234 533 3294 per
553 3212 649 3272 omnia
668 3232 772 3291 magna
812 3229 913 3285 tatem,
926 3229 979 3277 aut
992 3229 1112 3299 propter
1125 3219 1239 3277 itineris
1251 3217 1319 3277 lon.

268 3295 407 3377 synodus,
439 3316 497 3353 non
532 3294 676 3374 episeopo,
711 3314 771 3352 non
811 3298 992 3377 gitudinem:
1014 3300 1109 3358 tribus
1133 3310 1231 3357 tamon
1252 3320 1318 3357 om·

269 3376 448 3456 presbytero,
472 3395 532 3433 non
559 3375 689 3443 diacono,
718 3394 772 3433 neo
813 3378 937 3438 nimodis
950 3380 981 3437 in
1000 3378 1126 3459 idipsum
1141 3380 1319 3439 convenien-

268 3456 355 3515 alicui
369 3456 496 3524 omnino,
511 3455 560 3532 qui
578 3455 609 3512 in
624 3456 701 3515 ciero
715 3466 770 3522 est,
812 3460 900 3526 tibus,
933 3469 964 3519 et
997 3460 1166 3519 absentibus
1199 3480 1318 3538 quoque

267 3537 355 3597 licere
388 3536 637 3595 subintroductam
666 3535 771 3594 babere
812 3540 874 3620 pari
884 3540 970 3599 modo
980 3539 1213 3610 decernentibus,
1221 3551 1318 3620 etper

268 3616 437 3677 mulierem:
459 3617 515 3677 nisi
536 3617 613 3676 sorte
637 3628 770 3683 matrem,
811 3621 919 3699 scripta
940 3620 1213 3692 consentientibus3
1243 3633 1318 3682 tuno

268 3708 320 3757 aut
341 3717 478 3768 sororem,
499 3708 550 3756 aut
573 3698 700 3765 amitam,
725 3696 772 3755 vel
812 3700 957 3761 ordinatio
983 3702 1164 3769 celebretur;
1194 3702 1318 3763 firmitas

269 3798 317 3837 eas
330 3789 445 3838 tantum
467 3798 613 3857 personas,
628 3799 692 3856 qua
707 3798 769 3837 sus·
811 3794 908 3840 autem
935 3778 1035 3842 eoruni
1070 3802 1135 3859 quae
1161 3794 1316 3860 geruntur,

269 3860 398 3938 piciones
411 3859 565 3937 effugiunt.
811 3883 863 3942 per
882 3882 1114 3941 unamquamque
1128 3863 1317 3941 provinciam,

400 3979 552 4040 CANON
574 3979 631 4039 IV·
811 3942 1035 4023 metropolitano
1069 3942 1215 4003 tribuatur
1250 3946 1316 4023 opi.

308 4096 487 4175 Episcopum
499 4096 634 4155 convenit
644 4096 769 4155 maxime
810 4043 907 4103 scopo·
955 4144 1107 4205 CANON
1129 4146 1159 4205 v

266 4176 383 4253 quidem
408 4178 444 4235 ab
465 4177 608 4245 omnibus,
628 4176 678 4254 qui
699 4188 769 4236 sunt
1163 4190 1169 4204 '

267 4257 297 4315 in
308 4257 466 4337 provincia,
477 4258 620 4337 episcopis
630 4257 768 4317 ordinari.
852 4260 900 4318 De
933 4258 988 4327 bis,
1023 4259 1074 4337 qui
1109 4260 1316 4322 communione
