2867 4817
297 297 362 360 3³2
549 298 781 361 FIRMIANI
807 296 1079 361 LACTANTII

299 472 435 565 pabulis
460 482 616 544 saturato
642 484 735 555 sunt,
762 474 800 541 in
826 473 995 565 goudium
1019 481 1056 541 et
1085 471 1275 542 lasciviam
1298 494 1342 540 re

299 588 492 659 solmmtur.
544 588 786 661 Dinomachus
816 598 854 659 et
879 587 1043 681 Callipho
1073 588 1269 659 honestam
1293 610 1345 656 rc

300 703 474 797 luptetem
499 704 747 797 probaverunt,
764 707 826 775 sed
849 714 912 776 sut
937 705 1033 775 idem
1056 706 1241 787 dixerunt,
1259 702 1347 796 quod

301 820 486 914 Epicurus,
515 829 556 891 ut
589 822 744 913 corporis
776 823 823 891 sit
857 820 1019 914 voluptas
1051 820 1258 903 inhonesta,
1291 832 1349 889 cut

301 939 329 1008 si
363 938 516 1029 corporis
545 937 755 1029 voluptates,
783 937 870 1007 clins
899 946 1031 1029 turpes,
1059 937 1147 1007 clins
1180 937 1350 1007 honestes

300 1062 524 1147 putaverunt,
551 1054 628 1145 jam
662 1075 734 1123 non
773 1062 829 1123 est
867 1075 1046 1123 summurn
1082 1053 1223 1124 bonum
1258 1050 1350 1145 quod

300 1171 435 1262 corpori
474 1169 692 1239 adscribitur.
754 1168 982 1262 Peripatetici
1014 1194 1062 1242 ex
1102 1171 1207 1240 bonis
1243 1171 1349 1239 animi
1428 1159 1429 1208 Ὗ

300 1295 337 1357 et
366 1285 518 1377 corporis
548 1296 586 1355 et
620 1285 769 1355 fortunae
802 1307 982 1355 summum
1015 1286 1150 1357 bonum
1180 1285 1348 1357 conflant„

300 1402 422 1473 Animi
443 1402 536 1472 bons
560 1402 701 1494 probari
726 1409 883 1494 possunt.
935 1401 1008 1472 Sed
1037 1405 1067 1473 si
1092 1402 1231 1473 auxilio
1263 1401 1349 1471 indi-

298 1528 386 1613 gent
401 1519 447 1589 sd
470 1515 716 1611 complendum
738 1517 1008 1600 beatitudinem,
1025 1517 1152 1609 utique
1169 1515 1349 1587 imbecille

301 1643 393 1706 sunt.
445 1634 607 1727 Corporis
627 1656 711 1703 vero
734 1642 842 1725 etque
865 1634 1015 1704 fortune
1036 1656 1108 1704 non
1126 1635 1270 1703 suntin
1290 1632 1350 1701 ho·

301 1750 405 1819 minis
438 1757 662 1843 potestatem,
696 1772 763 1819 nec
789 1750 867 1839 jem
900 1771 1079 1819 summum
1112 1750 1250 1819 bonum
1285 1758 1348 1827 est,

302 1866 396 1958 quod
418 1874 480 1937 sut
500 1866 635 1958 corpori
658 1873 722 1935 cut
745 1873 848 1935 extro
870 1866 993 1957 positis
1015 1866 1237 1958 assignatum
1268 1864 1348 1957 quic

302 1993 339 2053 et
361 1984 513 2075 pecudes
533 1983 678 2076 attingit
703 1981 772 2051 hoc
792 1980 923 2073 duplex
946 1981 1090 2063 bonum,
1108 1983 1239 2074 quibus
1262 2002 1348 2074 opus

302 2108 366 2182 est,
396 2108 437 2170 ut
471 2107 507 2169 st
541 2098 633 2168 bens
663 2098 815 2179 valeant,
845 2107 882 2167 et
916 2099 1014 2167 victu
1047 2121 1120 2167 non
1153 2100 1345 2193 indigeant

304 2213 415 2285 Stoici
432 2214 611 2307 eliquanto
633 2212 761 2283 melius
785 2214 933 2283 sensisse
949 2214 1151 2297 creduntur,
1168 2217 1231 2305 qui
1255 2235 1347 2283 sum·
1428 2217 1429 2234 ¹

303 2352 401 2399 mum
432 2329 565 2401 bonum
594 2331 763 2399 virtutem
793 2351 870 2398 esse
903 2329 1080 2399 dixerunt.
1132 2328 1206 2399 Sed
1238 2332 1345 2399 virtus

303 2468 374 2516 non
396 2455 608 2538 potestesse
632 2468 810 2515 summum
834 2445 980 2527 bonum,
997 2448 1174 2537 quonism,
1190 2448 1221 2515 si
1240 2444 1347 2516 maio

302 2584 381 2632 rum
411 2560 641 2653 laborumque
671 2561 859 2631 tolerantis
887 2570 952 2644 est,
982 2562 1089 2632 besto
1116 2586 1250 2653 perse
1279 2584 1345 2633 non

303 2688 368 2763 est,
385 2678 447 2748 sed
471 2677 609 2748 efficere
632 2687 694 2748 cut
718 2676 811 2772 (for.
829 2686 867 2748 ct
890 2676 1028 2772 Dacis.)
1046 2702 1230 2771 procreare
1255 2702 1346 2750 sum·

302 2816 401 2864 mum
438 2794 571 2865 bonum
602 2794 731 2876 debet3
762 2796 847 2885 quic
876 2795 1049 2887 perveniri
1078 2797 1123 2865 cd
1154 2795 1245 2867 iliud
1274 2798 1346 2867 sine
1427 2817 1428 2890 1

304 2911 512 2984 difficultate
529 2934 570 2981 ec
593 2910 712 2981 labore
735 2912 893 2981 maximo
914 2934 987 2981 non
1009 2922 1137 3004 potest.
1187 2912 1245 2983 At
1268 2935 1345 2983 vero

303 3028 517 3100 Aristoteles
533 3029 637 3121 longe
654 3050 676 3096 e
691 3028 828 3096 rstione
844 3026 1029 3109 cbenuvit,
1047 3031 1107 3120 qui
1125 3029 1346 3101 honestatem

305 3147 427 3215 virtuti
462 3144 660 3237 copulavit;
703 3145 802 3234 quasi
842 3143 1031 3236 aliquando
1064 3147 1174 3216 virtus
1207 3158 1273 3218 sut
1304 3147 1346 3217 cb

304 3262 490 3333 honestate
524 3262 667 3342 secerni,
698 3269 762 3329 out
795 3262 1006 3352 turpitudini
1041 3272 1160 3355 posset
1193 3265 1344 3358 adjungi.

307 3376 465 3447 Herillus
479 3375 692 3469 Pyrrhonius
710 3377 894 3447 scientium
911 3379 997 3448 fecit
1009 3400 1187 3449 summum
1205 3381 1345 3451 bonurn.

227 3496 229 3499 ’
306 3491 394 3562 Haec
429 3491 571 3583 quidem
601 3502 639 3562 et
672 3492 824 3562 hominis
851 3503 890 3562 ct
917 3496 1027 3564 animi
1056 3494 1165 3565 solius
1191 3508 1258 3579 est,
1289 3495 1347 3567 sed

305 3616 423 3701 potest
456 3609 531 3677 sine
562 3610 694 3677 virtute
723 3610 939 3702 contingere.
990 3610 1071 3681 Nec
1099 3614 1195 3682 enim
1225 3614 1348 3683 bectus

306 3723 482 3817 putandus
513 3732 577 3805 est,
606 3724 667 3814 qui
698 3723 754 3792 vel
782 3724 907 3793 auditu
936 3724 1070 3818 aliquid
1099 3728 1272 3811 didicerit,
1295 3727 1347 3799 vel
1426 3727 1427 3754 ¹

306 3862 413 3931 parve
451 3836 544 3933 (scr.
584 3844 704 3932 prava)
748 3838 903 3909 lectione
938 3844 1156 3935 cognoverit,
1190 3867 1257 3913 nec
1297 3854 1348 3915 est

306 3956 435 4025 summi
466 3952 549 4025 boni
579 3954 748 4036 definitio,
776 3956 859 4046 quic
884 3964 1002 4047 potest
1031 3979 1108 4029 esse
1136 3968 1200 4028 snt
1234 3982 1347 4031 rerum

307 4068 488 4153 melorum,
519 4079 581 4141 eut
615 4079 711 4141 certe
740 4071 922 4143 inutilium
955 4074 1112 4145 scientio
1164 4074 1214 4143 Et
1247 4078 1278 4146 si
1305 4078 1348 4148 sit

307 4190 476 4256 bonerum
512 4195 549 4255 et
589 4186 741 4270 utilium,
776 4211 882 4279 quum
916 4187 1036 4260 labore
1073 4190 1120 4261 sis
1160 4203 1347 4272 assecutus,
1426 4169 1427 4176 ἵ
