2867 4817
503 298 775 384 remunero.
856 413 863 427 ¹
1099 322 1162 387 ree

109 496 133 527 ‘⁸
149 489 333 555 nioanorum
348 488 390 553 Ι).
404 486 509 554 Maroi
525 499 689 557 asservato
708 513 730 556 a
751 512 786 555 se
807 487 1008 576 descriptam,
1027 486 1162 557 Palladii

109 600 134 629 ‘⁴
149 591 276 677 dialogo
290 593 331 656 de
346 591 427 657 Vita
440 591 660 678 Chrysostomi
674 594 854 659 subnexuit.
902 596 1019 659 Verum
1034 594 1163 680 impres-

109 699 133 729 “
148 693 237 758 sione
245 694 288 757 ad
297 693 479 758 umbilicum
490 694 645 779 perducta
654 695 822 780 epistolam
836 718 858 761 a
867 696 996 781 reliquis
1007 696 1163 761 divulsam

110 804 134 834 “
149 791 407 883 supprimendam
433 804 585 861 curarunt
609 818 754 863 eensores
780 796 902 882 aliquot
925 798 1099 877 Serbonioi‚
1123 800 1163 863 de

112 906 133 933 “
149 918 214 983 qua
228 896 344 983 insigni
358 898 470 962 fraude
481 899 594 963 merite
604 906 796 984 conquestus
808 906 857 964 est
868 922 908 964 ex
918 900 1163 965 reformatorum

113 1006 134 1034 “
148 1005 245 1084 gente
256 998 446 1063 Parisiensis
457 1000 624 1086 theologus
636 1002 691 1087 (ol.
700 1001 815 1083 Allis.)
826 998 1032 1087 Expostulat.
1044 1002 1064 1067 l.
1078 1002 1162 1069 XII.

111 1108 132 1137 “
148 1098 316 1166 Anastasii
337 1102 371 1165 in
392 1102 549 1167 Hexaem.
578 1104 743 1188 praemissa
770 1104 871 1169 Lond.
898 1104 989 1169 1682.
1035 1097 1164 1170 Interea

110 1211 131 1239 “
147 1226 206 1267 nos
220 1226 285 1268 non
299 1206 564 1269 contemnendum
579 1206 674 1290 hujus
687 1204 830 1291 epistolae
846 1198 1061 1291 fragmentum
1072 1208 1162 1273 Grae·

110 1314 131 1342 “
147 1327 220 1371 oum
239 1329 279 1371 ex
299 1306 500 1371 bibliotheoae
518 1306 746 1372 Arundelianae
765 1310 898 1393 antiquo
918 1309 1026 1373 oodioe
1042 1298 1112 1375 MS.
1129 1311 1163 1375 in

110 1416 132 1443 ‘⁶
148 1409 388 1494 Chartoplylooe
397 1416 508 1473 nostro
522 1430 553 1494 p.
566 1412 618 1494 69.
633 1409 818 1474 addimus'·
849 1410 928 1495 (Sed
940 1410 1018 1475 illud
1029 1412 1069 1476 de
1080 1434 1163 1496 pane

112 1518 300 1575 eonsecrato
322 1533 385 1575 non
406 1510 507 1575 edidit
528 1512 572 1575 ibi
595 1511 737 1593 Gavius.)
762 1512 917 1577 “Eodem
937 1512 1063 1578 eireiter
1082 1522 1162 1578 tem·

112 1620 133 1649 “
148 1634 227 1697 pore
250 1613 432 1698 Stephanus
455 1612 501 1677 Le
524 1613 643 1698 Moyne
664 1614 705 1677 de
731 1614 925 1699 antiquitate
949 1615 1163 1681 ecelesiastiea

110 1722 131 1750 ‘⁴
146 1716 299 1799 praeelare
315 1715 448 1780 meritus
469 1714 627 1801 integram
649 1716 824 1780 versionem
849 1716 999 1779 Latinam
1018 1714 1162 1800 plurimis

109 1820 130 1849 ‘⁴
146 1813 275 1897 quidem
288 1812 411 1877 mendis
424 1820 602 1879 seatentem
612 1813 697 1877 inter
715 1809 814 1879 Varia
824 1836 881 1879 usu
892 1816 992 1879 &oro
1007 1816 1159 1881 exhibuit

108 1922 130 1950 “
146 1914 214 1979 Neo
228 1914 394 1979 laudasne
408 1913 604 1979 fraudandus
618 1923 668 1982 est
688 1917 879 1981 clarissimus
894 1916 1032 1982 eoelesiae
1048 1916 1159 2001 Angli-

108 2025 130 2053 “
146 2038 235 2081 oanoe
253 2016 439 2102 theologus?
466 2018 668 2102 (duillelmus
692 2017 841 2092 Wakius,
868 2026 981 2104 postea
1006 2018 1160 2105 arehiepi-

106 2142 225 2205 seopus
244 2118 498 2203 cantuariensis)
515 2127 535 2156 ‘⁶
547 2121 601 2204 qui
619 2120 722 2205 ipsam
746 2121 985 2205 quaternionem
1007 2142 1029 2185 a
1051 2122 1160 2186 duoto-

107 2231 130 2258 “
146 2222 235 2286 ribus
248 2220 429 2286 Sorboniois
439 2244 458 2286 e
468 2222 577 2286 aodioe
586 2222 756 2307 Bigotiano
767 2224 940 2288 obedissem
949 2230 1073 2301 neotus,
1086 2244 1158 2287 eum

108 2330 131 2360 ‘⁴
147 2322 366 2409 Expositionis
388 2344 453 2388 suae
477 2324 628 2388 adversus
653 2324 850 2390 Meldensem
876 2324 1057 2411 episeopum
1079 2322 1158 2389 Vin-

109 2435 131 2462 “
146 2426 237 2490 dioiis
250 2425 356 2511 patrio
370 2447 515 2490 sermone
532 2426 628 2491 editis
646 2426 782 2489 Londini
803 2428 892 2505 1686,
908 2448 974 2493 una
988 2448 1060 2491 oum
1080 2448 1159 2513 prm-

108 2537 131 2565 “
142 2528 266 2593 fatione
275 2527 455 2613 Bigotiana,
468 2534 502 2592 et
512 2528 699 2613 fragmentis
708 2528 840 2607 Graeeis,
853 2535 1009 2614 quotquot
1021 2529 1159 2614 reperire

108 2638 130 2667 “
146 2637 305 2715 poterant,
318 2651 451 2714 quaeque
463 2632 507 2694 ad
519 2631 690 2695 editionem
702 2652 793 2695 suam
805 2634 980 2697 ornandam
989 2632 1159 2718 eollegerat

109 2741 132 2769 “
147 2732 303 2818 Bigotius,
319 2731 456 2797 fideliter
469 2732 635 2817 subJ'eoit.''
657 2732 739 2796 Haeo
751 2732 874 2811 (larius,
887 2734 969 2798 Hist.
981 2735 1046 2799 aa.
1056 2734 1115 2798 vol.
1129 2735 1158 2799 l.

107 2850 258 2920 pag.315.
271 2835 344 2912 Sed,
355 2835 440 2920 quod
454 2834 587 2919 mireris,¹
597 2833 776 2920 Basnagius
789 2834 867 2919 ipse,
883 2856 1047 2900 oumanno
1066 2837 1158 2920 1687.

107 2939 153 3002 ad
167 2938 329 3022 exemplar
342 2937 547 3023 Bigotianum
562 2936 729 3022 epistolam
742 2936 959 3022 (lhrysostomi
970 2936 1080 3017 edidit,
1091 2938 1158 3024 pri-

108 3060 198 3102 orem
208 3038 295 3102 illam
304 3037 431 3125 Angliei
440 3036 580 3123 theologi
592 3037 764 3103 editionem
775 3038 1041 3103 eommunioatam
1052 3061 1159 3104 seeum

107 3140 206 3204 fuisse
227 3162 249 3204 a
262 3139 408 3205 Gilberto
422 3140 581 3205 Burnetto
597 3144 724 3225 (postea
746 3139 973 3205 Sarisburiensi
995 3141 1156 3228 episeopo)

108 3244 317 3307 memorabat
364 3242 475 3328 Pergit
503 3241 640 3306 seribere
669 3241 872 3329 Basnagius.]
924 3241 1017 3306 Illam
1046 3244 1160 3309 deinde

107 3344 211 3410 edidit
221 3343 453 3409 eruditissimus
465 3343 662 3421 Harduinns,
673 3350 706 3407 et
715 3342 922 3408 subtilissima
935 3344 1159 3411 dissertatione

108 3447 194 3511 eirea
204 3453 438 3511 saoramentum
449 3444 569 3521 altaris,
581 3444 842 3530 (lhrysostomum
856 3468 877 3509 a
892 3446 1051 3510 sententia
1063 3468 1159 3530 qnam

107 3550 254 3614 ferebant
275 3548 374 3635 ipsius
395 3549 501 3624 verbe,
524 3547 684 3612 vindicare
705 3548 862 3624 tentavit3
888 3548 938 3613 his
960 3550 1159 3633 potissimum

107 3652 315 3739 argumentis,
339 3652 424 3737 quod
449 3654 549 3733 φύσις,
572 3658 630 3715 aut
655 3661 778 3726 muru,
802 3652 894 3737 panis
915 3651 1071 3735 significet
1095 3674 1159 3717 non

108 3755 332 3834 substantiam,
349 3776 420 3840 ques
441 3754 615 3838 percipitur
636 3754 732 3817 oeulis
754 3761 787 3818 et
809 3776 905 3817 manu
929 3754 1082 3839 tangitur,
1103 3754 1160 3819 sed

107 3878 197 3922 mera
211 3856 405 3922 aoeidentia:
429 3863 518 3920 etex
536 3878 575 3919 eo
596 3855 681 3940 quod
700 3862 818 3920 natura
837 3856 944 3920 divina
962 3854 1083 3921 Christi
1103 3856 1160 3919 im·

107 3981 241 4025 manens
254 3958 457 4035 humanitati,
468 3980 582 4043 eorpus
594 3958 735 4042 ejusdem
748 3958 866 4022 Ohristi
876 3959 992 4023 debeat
1006 3958 1160 4023 innaersre

107 4062 193 4148 pani,
221 4069 255 4126 et
280 4084 338 4147 per
363 4082 557 4145 oonsequens
582 4060 875 4139 transubstantiari,
902 4068 938 4125 ut
965 4062 1160 4147 eomparatio

109 4165 215 4229 valere
229 4164 341 4249 possit.
370 4162 438 4226 Nos
452 4184 473 4225 a
488 4161 703 4226 controversia
717 4162 844 4247 penitus
860 4162 952 4228 alieni
971 4164 1040 4227 haeo
1054 4163 1160 4227 obser·

108 4267 217 4333 vaturi
236 4288 361 4331 sumus:
385 4264 500 4350 primo,
515 4266 678 4343 miramur,
699 4271 821 4349 quanta
837 4266 917 4329 fides
934 4266 1044 4331 haberi
1064 4266 1160 4329 debet
