2867 4817
277 329 342 394 112
629 326 973 392 'rEsTULLIANl

278 504 378 577 Deus
399 513 521 576 autem
542 526 614 575 non
638 504 743 587 vocis,
761 504 825 573 sed
848 502 963 573 cordis
986 503 1127 573 auditor
1149 513 1215 587 est,
1232 506 1329 576 sicut

276 628 495 715 conspector.
542 619 768 691 Daemonium
790 619 922 691 oraculi
946 618 1086 713 Pythii:
1111 618 1162 691 Et
1182 630 1329 705 motam,

278 740 403 831 inquit,
421 735 572 834 intellipo
589 746 622 809 el
637 760 707 809 aon
724 735 911 832 loquentem
928 734 1088 807 eaaudio.
1137 735 1206 807 Dei
1224 760 1330 809 aures

277 878 404 926 sonum
430 854 645 949 expectant?
680 855 869 940 Quomodo
897 878 981 948 ergo
1009 855 1122 925 oratio
1148 854 1250 926 Jonae
1282 856 1330 927 de

278 981 403 1043 ventre
419 973 490 1043 ceti
507 995 572 1065 per
588 980 695 1043 tantae
718 973 840 1043 bestiae
861 972 1004 1054 viscera,
1022 972 1068 1042 ab
1091 973 1175 1065 ipsis
1192 972 1358 1064 abyssis5

277 1098 504 1183 portantem
530 1090 678 1182 aequoris
702 1088 835 1159 molem
866 1090 910 1159 ad
939 1087 1069 1159 coelum
1097 1090 1214 1181 potuit
1244 1111 1331 1160 eva-

279 1205 386 1277 dere?
413 1206 510 1290 Quid
525 1205 677 1298 amplius
693 1206 848 1277 referent
865 1206 934 1288 isti,
953 1206 1013 1297 qui
1027 1205 1153 1275 elarius
1166 1206 1328 1289 adorant,

278 1324 345 1393 nisi
362 1324 456 1416 quod
473 1323 643 1415 proximis
663 1321 896 1413 obstrepunt?
927 1321 1007 1391 Imo
1031 1322 1211 1414 prodendo
1234 1325 1330 1416 peti-

277 1441 393 1511 tiones
416 1462 505 1523 suas,
523 1439 607 1532 quid
630 1439 747 1509 minus
770 1439 915 1521 faciunt,
937 1461 1042 1530 quam
1069 1439 1097 1509 si
1121 1439 1158 1508 in
1181 1438 1328 1532 publico

279 1556 408 1628 orent?
1345 1585 1380 1623 ιο

330 1672 415 1744 Alia
433 1674 511 1765 jam
533 1672 753 1743 consuetudo
776 1669 947 1756 invaluit3
966 1672 1180 1764 jejunantes,
1202 1672 1329 1744 habita

229 1811 253 1844 ⁰·
280 1793 438 1863 oratione
468 1814 550 1861 cum
579 1790 755 1872 fratribus,
786 1787 999 1861 subtrahunt
1029 1788 1189 1860 osculum
1219 1793 1327 1883 pacis,

279 1910 374 2000 quod
391 1916 445 1977 est
462 1906 683 2001 signaculum
700 1907 878 1978 orationis.
913 1906 1065 1991 Quando
1078 1916 1200 1977 autem
1213 1911 1329 2003 magis

278 2025 492 2097 conferenda
515 2048 597 2095 cum
620 2024 788 2095 fratribus
809 2046 880 2117 pax
903 2033 967 2107 est,
989 2025 1056 2093 nisi
1078 2048 1188 2116 quum
1211 2027 1328 2097 oratio

278 2142 591 2214 commendabilior
617 2142 786 2224 ascendit,
813 2151 855 2211 ut
885 2142 951 2235 ipsi
982 2142 1026 2211 de
1053 2150 1174 2212 nostra
1203 2164 1378 2235 opera-15

277 2262 376 2332 tione
404 2260 601 2353 participes,
633 2259 710 2351 jam
744 2258 899 2329 audeant
929 2258 973 2328 de
1007 2281 1071 2329 sua
1104 2282 1191 2351 pace
1225 2260 1328 2330 fratri

276 2376 494 2471 transigere?
531 2375 620 2460 Qum
645 2377 757 2447 oratio
783 2398 865 2445 eum
893 2376 1044 2446 divortio
1075 2378 1187 2447 sancti
1213 2378 1327 2448 osculi

277 2494 438 2588 integral
467 2516 574 2585 quem
601 2492 757 2563 Domino
782 2492 937 2564 officium
959 2494 1150 2565 facientem
1174 2496 1327 2589 impedit

276 2610 371 2703 pax?
401 2609 505 2701 quale
532 2609 743 2680 sacrificium
771 2618 835 2693 est,
865 2633 887 2681 a
914 2633 984 2702 quo
1010 2612 1085 2681 sine
1112 2634 1200 2703 pace
1230 2634 1330 2683 reee-

276 2726 397 2799 diturl
422 2726 664 2819 Quaeoumque
681 2728 839 2819 operatio
857 2729 912 2811 sit,
930 2751 1002 2797 non
1019 2729 1087 2799 erit
1103 2730 1221 2821 potior
1239 2750 1329 2821 prae-
1341 2761 1381 2801 20

276 2846 371 2938 cepti
384 2844 638 2928 observatione,
652 2867 722 2936 quo
734 2844 905 2937 jubemur
915 2845 1053 2938 jejunia
1064 2854 1185 2917 nostra
1196 2844 1327 2919 celare.

275 2961 360 3033 Jam
394 2962 490 3032 enim
519 2960 565 3031 de
597 2960 813 3031 abstinentia
842 2960 952 3032 osculi
982 2962 1206 3055 agnoscimur
1232 2963 1329 3054 Jeju-

276 3087 413 3149 nantes.
468 3076 541 3147 Sed
571 3084 609 3147 et
641 3078 672 3147 si
701 3100 772 3169 qua
796 3078 886 3149 ratio
916 3086 981 3161 est,
1012 3100 1058 3149 ne
1087 3088 1208 3149 tamen
1242 3080 1328 3151 huic

275 3203 452 3290 praecepto
477 3216 558 3264 reus
587 3196 644 3276 sis,
670 3204 772 3287 potes
797 3196 904 3279 domi,
930 3196 959 3266 si
986 3196 1088 3279 forte,
1114 3197 1209 3268 inter
1238 3220 1329 3289 quos

276 3314 388 3385 latera
401 3312 579 3403 jejunium
601 3311 640 3380 in
661 3320 780 3382 totum
803 3334 874 3383 non
898 3315 1010 3396 datur,
1029 3312 1168 3383 differre
1188 3336 1327 3406 paoem,
1340 3348 1376 3407 25

276 3430 492 3521 ubicumque
516 3436 638 3498 autem
663 3427 748 3498 alibi
778 3430 1021 3521 operationem
1046 3436 1147 3500 tuam
1177 3430 1328 3501 abscon-

277 3547 360 3618 dere
381 3554 492 3639 potes,
516 3543 624 3616 debes
649 3546 852 3616 meminisse
874 3548 1060 3639 praecepti:
1088 3548 1139 3617 ita
1161 3557 1200 3618 et
1221 3548 1328 3620 disci-

275 3663 380 3759 plina
396 3665 489 3747 foris,
506 3673 546 3734 et
562 3664 810 3734 consuetudini
836 3664 932 3734 domi
956 3664 1158 3735 satisfacies.
1203 3664 1263 3736 Sic
1286 3678 1326 3737 et

274 3784 334 3853 die
358 3782 506 3875 paschae,
529 3804 599 3873 quo
620 3782 819 3851 communis
846 3789 885 3851 et
909 3782 1009 3874 quasi
1034 3780 1177 3874 publiea
1194 3783 1326 3875 jejunii

275 3899 398 3994 religio
414 3907 479 3981 est,
496 3898 625 3968 merito
642 3898 850 3990 deponimus
869 3898 1039 3981 osculum,
1057 3898 1145 3968 nihil
1158 3910 1327 3973 curantes
1337 3935 1377 3992 30

276 4016 322 4086 de
339 4014 551 4087 occultando
567 4015 661 4107 quod
679 4036 762 4084 cum
780 4014 944 4085 omnibus
960 4015 1141 4087 faciamus.

146 4130 232 4181 ⁰st
328 4132 502 4204 Similiter
525 4140 564 4202 et
588 4132 783 4202 stationum
814 4131 939 4203 diebus
969 4156 1040 4203 non
1065 4142 1194 4227 putant
1219 4134 1328 4227 pleri-

150 4197 225 4246 xlx.

109 4262 249 4379 ffim
275 4274 346 4344 que
371 4250 619 4321 sacrificiorum
645 4248 862 4319 orationibus
888 4250 1205 4333 interveniendum,
1229 4254 1328 4344 quod
