2867 4817
272 292 315 361 ⁷6
587 296 846 363 DEFINITIO
870 297 1006 362 FIDEI

270 464 494 570 ἐνεργούσης,
511 476 636 549 πᾶσαν
648 468 714 571 μὲν
731 478 795 550 τοῦ
812 468 969 577 ψεύδους
984 476 1057 549 τῶν
1074 478 1138 550 τοῦ
1156 474 1333 573 Χριστοῦ

270 594 464 698 προβάτων
481 599 753 678 ἀτοσείτοσθαι
776 597 906 699 λύμην,
924 604 999 682 τοῖς
1014 596 1052 677 δέ
1070 602 1134 697 τῆς
1152 599 1330 697 όληθείας

270 719 400 822 αύτήν“
417 725 657 805 κατατιαίνειν
673 723 950 825 βλαστήμασιν.
998 723 1018 803 ὃ
1042 723 1087 825 δὴ
1111 727 1170 803 καὶ
1187 756 1323 803 πεποι-

270 848 415 951 ήκαμεν,
444 858 543 957 κοινῇ
576 850 696 960 ψήφῳ
731 850 778 932 τό
807 854 871 952 τῆς
902 852 1043 953 πλάνης
1070 850 1327 935 ἀπελάσαντες

269 976 444 1081 δόγματα,
473 979 606 1079 τὴνδέ
633 982 780 1080 ἀπλανῆ
809 987 882 1061 τῶν
913 980 1076 1083 πατέρων
1107 976 1356 1073 &volumi-5

269 1142 368 1205 μενοι
384 1109 520 1206 πίστιν,
537 1107 580 1188 τό
602 1114 675 1187 τῶν
689 1108 905 1211 τριακοσίων
923 1106 1100 1188 δεκαοκτὼ
1127 1106 1325 1205 σύμβολον

269 1243 343 1320 τοῖς
360 1243 454 1317 πᾶσι
471 1235 696 1345 κηρύξαντες,
715 1240 774 1316 καὶ
801 1239 850 1321 ὡς
875 1236 1021 1320 οἰκείους
1045 1232 1127 1319 τοὺς
1143 1241 1251 1313 τοῦτο
1277 1230 1322 1313 τὸ

269 1362 433 1463 σύνθεμα
458 1368 522 1463 τῆς
548 1366 731 1461 εὐσεβείας
750 1364 964 1473 δεξαμενους
988 1363 1144 1467 πατέρας
1166 1365 1319 1465 ἐπιγρα·

269 1488 436 1597 ψοίμενοι·
465 1492 566 1597 οἵπερ
597 1496 689 1572 εἰσὶν
722 1498 755 1573 οὶ
783 1489 874 1591 μετὰ
903 1499 1017 1572 ταῦτα
1043 1494 1148 1597 ε’ντῇ
1175 1487 1322 1595 μεγάλῃ

272 1618 654 1702 Κωνσταντινοιντόλει
681 1619 917 1703 συνελθόντες
940 1616 1006 1724 ρν’.
1058 1623 1117 1699 καὶ
1135 1618 1235 1698 αὐτοὶ
1253 1618 1322 1719 τὴν
1339 1656 1378 1694 ιο

268 1745 379 1846 αὐτὴν
392 1744 744 1855 ε’τισφραγισόμενοι
761 1749 895 1830 πίστιν.
921 1744 1081 1852 ὁρίζομεν
1092 1747 1221 1845 τοίνυν,
1238 1742 1322 1849 (τὴν

268 1872 373 1981 τάξιν
390 1876 449 1955 καὶ
466 1872 549 1959 τούς
565 1875 647 1979 περὶ
664 1879 728 1974 τῆς
745 1876 904 1961 πίστεως
921 1873 1081 1959 ἅπαντας
1098 1876 1231 1958 τύπους
1249 1880 1321 1979 φυ-

269 2001 460 2089 λάττοντες
476 2008 535 2083 καὶ
552 2002 649 2103 ἡμεῖς
667 2007 732 2102 τῆς
750 2006 825 2085 κατ’
839 2002 1008 2112 Ἔφεσον
1026 2002 1142 2083 πάλαι
1165 2036 1318 2105 γεγενη-

267 2131 376 2232 μένης
398 2132 503 2234 ἁγίας
529 2130 694 2229 συνόδου,
712 2132 755 2233 ἧς
778 2130 948 2237 ἡγεμόνες
975 2138 1009 2213 οἱ
1036 2132 1227 2235 ἁγιώτατοι
1252 2126 1321 2229 τὴν

267 2258 410 2360 μνήμην
429 2264 648 2344 Κελεστῖνος
668 2260 690 2339 ό
712 2263 778 2359 τῆς
795 2260 991 2360 Ῥωμαίων,
1011 2264 1070 2339 καὶ
1090 2260 1274 2362 Κυρίλλος
1299 2258 1376 2363 όι5

267 2391 331 2487 τῆς
348 2388 627 2497 Ἀλεξανδρέων,
656 2385 877 2495 ε’πίγχανον,)
906 2386 1134 2490 τρολόμτειν
1161 2384 1227 2487 μέν
1254 2392 1322 2487 τῆς

268 2517 376 2619 ὀρθῆς
396 2520 455 2597 καὶ
477 2514 671 2619 ἀμωμήτου
696 2517 855 2602 πίστεως
881 2514 947 2615 τὴν
972 2514 1113 2597 ἔκθεσιν
1135 2522 1206 2595 τῶν
1225 2518 1321 2619 τινί.

268 2642 380 2747 ἁγίων
397 2648 456 2726 καὶ
482 2647 665 2750 μακαρίων
681 2644 845 2749 πατέρων
863 2651 935 2725 τῶν
953 2646 991 2724 έν
1009 2644 1142 2751 Νικαίιρ
1168 2646 1227 2726 ε’τὶ
1254 2655 1322 2728 τοῦ

267 2773 438 2867 εὐσεβοῦς
453 2772 596 2875 μνήμης
615 2774 892 2855 Κωνσταντίνου
910 2780 974 2853 τοῦ
991 2772 1184 2875 γενομένου
1201 2782 1319 2869 βασι·

267 2901 358 2985 λε’ως
386 2902 650 3008 συναχθέντων·
679 2908 819 3007 κρατεῖν
837 2898 875 2982 δὲ
900 2904 958 2981 καὶ
977 2898 1023 2980 τὰ
1040 2899 1140 3006 παρὰ
1157 2909 1230 2983 τῶν
1246 2902 1317 3007 ρν’.
1332 2942 1373 2982 το

268 3029 379 3131 ἁγίων
414 3028 577 3134 πατέρων
612 3032 651 3109 έν
689 3028 1071 3110 Κωνσταντινοιττόλει
1116 3030 1320 3135 όρισθέισα,

266 3153 358 3261 πρός
383 3158 565 3261 ἀναίρεσιν
582 3154 648 3257 μέν
664 3163 738 3236 τῶν
762 3156 843 3237 τότε
871 3164 1032 3263 φυεισῶν
1049 3156 1232 3261 αἱρέσεων,
1249 3168 1317 3257 βε-

267 3282 489 3377 βαίωσινδέ
524 3288 589 3384 τῆς
618 3285 727 3385 αὐτῆς
759 3290 951 3385 καθολικῆς
984 3288 1042 3366 καὶ
1070 3290 1319 3390 ἀτοοτολικῆς

267 3412 367 3512 ἡμῶν
384 3414 551 3498 πίστεως.
609 3419 685 3511 (Hie
699 3445 863 3511 sequuntur
881 3433 941 3492 duo
957 3432 1041 3492 Fidei
1057 3434 1202 3514 Symbola,
1218 3436 1317 3499 Nim-

267 3579 338 3618 num
352 3570 383 3620 et
398 3552 579 3650 οΡιιοιιιιι.)
622 3542 754 3649 Ἤρκει
780 3543 845 3645 μέν
864 3544 926 3626 οὖν
944 3550 992 3628 είς
1015 3547 1141 3645 ἐντελῆ
1168 3550 1233 3646 τῆς
1255 3548 1313 3629 εύ-
1329 3572 1367 3635 ²5

266 3673 411 3767 σεβείας
437 3673 632 3774 ἐπίγνωσίν
656 3706 696 3752 τε
724 3674 783 3752 καὶ
813 3672 1012 3769 βεβαίωσιν
1040 3670 1082 3753 τὸ
1109 3673 1231 3780 σοφὸν
1258 3678 1318 3757 καὶ

266 3800 447 3904 σωτήρων
463 3808 570 3880 τοῦτο
588 3804 653 3900 τῆς
670 3802 765 3885 θείας
783 3799 928 3905 χάριτος
949 3799 1151 3901 σύμβολον·
1178 3804 1263 3906 τερί
1277 3838 1317 3884 τε

266 3926 338 4032 γὰρ
355 3938 420 4010 τοῦ
438 3926 585 4034 Πατρός
609 3931 667 4009 καὶ
690 3936 755 4008 τοῦ
778 3933 868 4008 Υίοῦ
897 3933 954 4008 καὶ
981 3936 1045 4009 τοῦ
1066 3930 1169 4031 ἁγίου
1196 3928 1315 4009 Πνεύ-

267 4091 378 4154 ματος
408 4054 607 4137 ἐκδιδάσκει
638 4055 681 4135 τὸ
712 4054 860 4154 τέλειον,
897 4059 956 4137 καὶ
986 4065 1050 4137 τοῦ
1085 4059 1219 4160 Κυρίου
1250 4052 1317 4157 τήν

694 4245 710 4277 ⁸
725 4232 792 4291 For.
808 4236 882 4291 αὐτό.
