2867 4817
256 303 321 370 414
587 299 968 366 ANNOTATIONES

255 482 346 540 nunt.
391 472 471 539 Oum
485 473 519 538 hi
532 472 625 552 enim,
640 471 689 544 uti
703 472 799 558 paulo
812 478 889 537 ante
908 480 1071 538 ostensum
1088 479 1147 550 est,
1162 472 1307 538 divinam

256 560 330 626 Filii
341 566 490 626 naturam
501 561 704 646 denegarent,
716 580 755 624 ae
768 558 901 644 proinde
911 559 944 622 in
955 565 1099 624 sanctam
1110 558 1307 624 Trinitatem

254 669 319 712 non
334 647 508 724 crederent,
524 646 557 710 in
572 646 698 710 nomine
714 645 833 723 Patris,
848 651 882 710 et
898 645 981 724 Filii,
996 651 1031 709 et
1042 644 1181 730 Spiritus
1192 645 1307 710 Sancti

255 733 418 820 baptizare
429 755 493 796 non
503 739 672 817 poterant;
689 739 788 833 atque
797 731 870 795 ideo
878 731 1056 816 baptismus
1065 733 1108 795 ab
1119 730 1158 795 iis
1167 731 1308 796 collatus

255 841 370 884 nomen
390 818 468 882 illud
489 819 648 883 immerito
669 825 803 882 sortitus
822 823 881 882 est.
925 818 1006 883 dum
1025 818 1110 882 enim
1127 818 1223 903 juxta
1239 819 1308 882 Do

255 905 331 970 mini
353 911 548 990 praeeeptum
569 927 633 969 non
655 904 834 968 celebratus
851 902 958 982 luerit,
973 927 1031 969 neo
1050 925 1109 990 per
1125 925 1198 968 eum
1218 903 1307 990 quis-

255 993 342 1078 piam
359 1012 431 1056 vere
447 991 646 1056 Christianus
660 990 730 1055 fieri
743 989 859 1075 potuit.
888 989 1098 1054 anrnnoros.

300 1077 337 1142 P.
350 1078 427 1163 366.
446 1077 469 1140 Ι.
487 1078 532 1142 18.
555 1077 742 1158 ἐμνήσθημεν
767 1079 800 1140 δὲ
824 1081 884 1142 τῶν
904 1082 1103 1142 διακονισσῶν
1124 1083 1184 1141 τῶν
1206 1079 1241 1140 ἓν
1263 1079 1307 1161 τῷ

257 1163 387 1246 σχήματι
403 1165 631 1247 ἔξετασθκισῶν]
651 1162 848 1227 Peniculum
862 1169 921 1226 τῶν
935 1161 969 1226 in
984 1162 1195 1227 Oonciliorum
1208 1161 1306 1226 editt.

257 1248 388 1314 Labbaei
402 1257 436 1314 et
452 1248 612 1314 Harduini
631 1255 707 1313 ante
724 1250 924 1312 διακονίσσων
943 1249 1102 1323 omissam,
1119 1270 1215 1332 qnam
1228 1270 1308 1312 vero

256 1342 414 1421 praestant
435 1335 646 1400 Consiliorum
667 1334 744 1398 edit.
761 1334 917 1420 princeps,
938 1341 1125 1435 colemque
1139 1335 1308 1401 Ganonum

257 1421 473 1499 Oollectiones,
497 1427 531 1486 et
552 1427 619 1486 tres
639 1420 753 1485 saltem
775 1419 899 1485 codices
923 1419 1097 1498 Bodleiam,
1120 1421 1154 1484 in
1178 1427 1308 1486 textum

255 1509 410 1574 revocavi.
439 1508 532 1588 Quod
546 1507 665 1572 attinet
679 1507 722 1570 ad
732 1506 927 1571 diaconissas
937 1507 989 1570 hie
997 1513 1201 1583 memoratas,
1213 1506 1309 1571 aiunt

256 1595 399 1660 Zonaras
408 1600 441 1658 et
450 1593 608 1671 Balsama,
618 1613 755 1657 canones
763 1592 1308 1678 Carthaginiensestcsteseitantes,

255 1681 391 1766 virgines
412 1679 632 1744 castimoniam
674 1677 812 1742 rolessas
832 1700 917 1743 anno
937 1679 1046 1744 atatis
1070 1701 1136 1744 suae
1158 1677 1309 1743 dcesimo

256 1767 368 1852 quinto
390 1766 536 1830 habitum
558 1701 716 1851 quendam
738 1765 780 1828 ab
802 1765 951 1850 episcopo
971 1765 1148 1865 accepisse;
1173 1773 1217 1844 et,
1233 1786 1310 1828 enm

255 1874 374 1918 annum
394 1852 670 1938 quadragesimum
688 1850 913 1936 implevissent,
931 1851 1125 1915 diaconresas
1141 1850 1310 1915 ordinatas

255 1938 361 2004 luisse.
406 1939 522 2004 (lonler
544 1936 712 2024 Binghami
738 1937 851 2002 Erebe.
880 1937 1065 2001 illaiamne
1088 1939 1309 2036 Ακίνῑνᾶινίω,

255 2024 310 2089 lib.
328 2025 372 2088 ΙΙ.
388 2046 458 2109 cap.
472 2043 522 2091 aa.
542 2026 571 2106 ξ.
583 2027 614 2088 ό.
660 2024 725 2100 Ita,
748 2022 775 2086 si
796 2045 872 2087 veru
892 2024 1029 2088 Zonarae
1050 2024 1217 2110 expositio,
1236 2031 1311 2089 tum

256 2110 361 2175 forent
376 2111 473 2175 verba
487 2110 520 2174 in
530 2110 614 2175 hune
625 2131 752 2174 sensum
766 2108 967 2194 accipienda:
989 2110 1244 2175 commemoratis
1259 2131 1310 2174 re-

257 2196 478 2282 sipiscentibus
506 2195 691 2260 diaconissis
720 2195 929 2259 conclusimus
956 2196 989 2259 in
1022 2196 1082 2260 illis
1111 2197 1311 2261 diaconissas

257 2282 370 2347 habitu
380 2281 668 2358 tantummodum
677 2301 774 2345 manu
784 2281 824 2344 iis
834 2281 997 2366 imposita;
1011 2303 1091 2367 quae,
1103 2303 1176 2346 cum
1187 2283 1311 2346 nnllam

257 2391 387 2455 prorsus
397 2369 628 2433 ordinationem
639 2367 790 2444 habeant,
802 2367 887 2432 inter
897 2368 994 2432 laicos
1008 2369 1136 2433 omnino
1150 2369 1310 2433 recenseri

257 2455 394 2530 debent;
417 2454 529 2534 nisisi,
545 2454 631 2539 qnod
642 2475 706 2517 non
721 2453 888 2518 verisimile
901 2453 1036 2532 videtur,
1046 2455 1134 2540 prius
1145 2455 1310 2540 quoddam

257 2542 420 2606 decretum
430 2562 522 2605 suum
533 2548 641 2626 patres
652 2540 834 2624 respiciunt.
858 2541 922 2604 Est
933 2548 1041 2605 autem
1052 2541 1114 2604 hoc
1123 2539 1311 2625 simpliciter

258 2635 367 2714 patres
387 2628 511 2700 dicere;
542 2626 746 2690 Meminimus
760 2626 800 2689 de
816 2625 1000 2691 diaconissis
1014 2626 1048 2690 in
1067 2627 1180 2691 habitu
1199 2649 1310 2691 reeen-

258 2715 337 2792 sitis,
354 2715 433 2778 istas
450 2713 578 2777 omnino
596 2712 670 2797 quia
685 2734 750 2776 non
768 2712 910 2776 habeant
928 2733 1042 2776 manus
1061 2712 1309 2797 impositionem,

258 2801 343 2865 inter
352 2800 450 2864 laicos
461 2798 590 2864 censeri.
618 2798 732 2862 Habes
741 2797 897 2878 βασανοὺς
907 2802 947 2884 τῷ
958 2803 1058 2863 δοκεῖν
1068 2802 1117 2863 καὶ
1127 2803 1167 2884 τῷ
1177 2799 1311 2882 σχήματι

258 2887 291 2951 in
307 2885 471 2970 Ancyrani
486 2884 607 2948 concilii
627 2905 749 2948 canone
786 2884 866 2946 rimo
883 2891 1156 2950 commemoratus
1191 2885 1312 2950 Confer

259 2979 292 3038 et
315 2994 412 3056 supra
434 2971 554 3036 Conon.
571 2969 690 3034 Nicren.
708 2905 792 3034 xli.
831 2969 881 3033 De
904 2973 940 3057 τῇ
961 2973 1135 3056 χειροθεσίᾳ
1154 2970 1312 3036 diaconis·

258 3079 366 3124 aarum
386 3064 460 3142 post
470 3079 571 3122 annos
585 3055 693 3120 aetatis
708 3077 774 3120 suae
789 3056 1003 3141 quadraginta
1017 3057 1192 3143 completos
1207 3059 1313 3124 sanei-

258 3154 329 3210 tum
339 3151 390 3209 est
404 3143 526 3208 decimo
541 3143 653 3228 quinto
668 3163 790 3206 canone
805 3142 1099 3207 Chalcedoniornm.

650 3363 803 3431 CANON
826 3365 910 3429 XX.

303 3487 340 3550 P.
356 3485 430 3572 383.
446 3485 465 3549 l.
482 3505 514 3566 4.
540 3488 574 3550 ἓν
595 3489 630 3565 τῆ
653 3491 773 3568 κυριακῇ
795 3485 870 3570 γόνυ
892 3487 1058 3572 κλίνοντες]
1085 3486 1215 3552 Videsis
1238 3511 1313 3572 quae

258 3579 457 3640 emulantur
487 3572 529 3636 ac
557 3573 589 3636 s.
612 3551 702 3638 heta
733 3572 945 3638 Alexandrini
972 3572 1134 3638 canonem
1163 3574 1313 3639 ultimum

258 3661 344 3747 apud
365 3658 525 3744 Reliquiae
548 3659 635 3723 Sacr.
658 3659 719 3722 vol.
740 3658 803 3722 111.
827 3680 900 3744 pag.
915 3662 990 3743 367.
1035 3660 1139 3724 Abest
1162 3681 1236 3724 vero
1259 3661 1314 3725 hie

259 3768 361 3813 canon
377 3746 525 3810 Nieaenus
542 3766 563 3809 a
584 3744 755 3810 Rufiniana
775 3745 948 3810 eorundem
969 3767 1126 3810 canonum
1147 3747 1313 3812 abbrevia-

259 3833 355 3898 tione.
376 3832 459 3896 Has.
481 3831 566 3895 Eccl.
582 3853 613 3896 x.
628 3847 662 3916 5.
685 3853 796 3916 neque,
819 3837 857 3896 nt
878 3831 954 3895 olim
975 3832 1019 3896 ad
1039 3832 1200 3916 Reliquias
1221 3835 1313 3898 Sam

259 3918 378 3996 notavi,
400 3924 492 3984 extat
514 3916 598 3982 idem
619 3917 653 3982 in
675 3916 888 3999 Quesnellana
909 3917 1075 3982 Ganonum
1096 3919 1312 3990 Gohectionea

261 4027 332 4090 qnae
355 4025 427 4070 cum
451 4009 617 4068 statuatur
635 4026 656 4068 a
676 4003 854 4084 Quesnello,
875 4003 973 4067 luisse
994 4004 1134 4069 eeclesia
1156 4005 1314 4071 Romana

260 4091 370 4169 codex,
390 4111 448 4154 nee
466 4111 562 4174 porro
585 4089 619 4154 in
642 4089 786 4154 Arabica
806 4089 1001 4174 Paraphrasi
1026 4112 1183 4156 canonum
1209 4090 1314 4157 Nicae-

260 4197 374 4242 norum
393 4176 445 4240 hic
469 4197 571 4240 eonon
597 4182 789 4261 compareat,
810 4175 884 4240 inde
903 4175 1023 4261 colligit
1044 4177 1129 4241 idem
1149 4177 1198 4242 vir
1218 4177 1258 4241 cl.
1279 4179 1314 4242 in

262 4263 398 4330 Dissert.
413 4261 467 4330 xii.
490 4268 564 4348 post
584 4263 619 4328 S.
632 4261 743 4328 Lenaee
767 4263 818 4326 M.
839 4263 950 4348 Opera
970 4284 1091 4328 morem
1109 4263 1208 4328 istum
1225 4265 1315 4350 apud
