2867 4817
273 321 338 384 402
609 318 988 384 ANNOTATIONES

272 493 309 556 de
323 493 364 556 iis
378 490 433 578 qui
446 490 551 555 dedita
565 513 655 591 mero
670 513 732 555 rem
739 499 881 577 patrant.
911 489 1070 555 Caeterum
1085 489 1242 552 usitatam
1256 507 1325 550 rcr-

272 580 385 642 borum
407 585 674 642 constructronem
695 577 795 642 habes
817 577 901 640 infra
920 575 954 640 in
968 576 1098 642 canone
1112 575 1172 637 VI.
1191 574 1324 638 καθόλου

273 667 306 728 δὲ
320 665 470 746 πρόδηλον
486 667 592 742 ἐκεῖνο,
606 666 652 728 ὅτι
668 666 724 728 διο.
739 662 873 728 similem
886 662 951 736 isti,
967 684 1039 747 quoe
1053 667 1146 726 extat
1164 659 1227 724 hoe
1242 658 1323 734 loeo,

272 747 374 830 ὥσπερ
388 752 421 813 δὲ
435 755 521 814 τοῦτο
536 752 696 830 πρόδηλον,
713 751 758 813 ὅτι
774 751 831 813 διο.

317 835 398 900 Ibid.
425 834 444 898 l.
465 856 513 900 10.
542 835 665 922 χρῆναι]
696 835 925 920 Boponondum
950 842 1035 899 esset
1060 833 1118 916 χρὴ
1146 853 1188 896 err
1214 829 1325 895 codiee

274 922 372 985 MSto
388 921 562 986 Bodleiano
581 921 805 996 vetustissimo,
822 921 876 1005 qui
895 941 1026 984 numero
1045 924 1084 986 26
1100 919 1248 1004 signatus
1262 922 1323 990 est,

271 1015 306 1070 et
327 1008 370 1072 ad
391 1007 539 1072 saeculum
560 1008 720 1092 pertinere
740 1007 940 1071 undecimum
961 1007 1096 1082 videtur,
1119 1025 1192 1068 cum
1214 1003 1323 1068 faveat

271 1094 344 1157 huic
357 1092 485 1158 lectioni
500 1094 666 1158 vorborum
681 1093 886 1168 constructio,
900 1090 962 1156 uisi
975 1092 1186 1157 reclamarent
1198 1091 1323 1154 Graecoe

271 1201 427 1244 canonum
448 1179 657 1258 collectiones,
681 1201 852 1263 omnesque
878 1178 1002 1244 Latinae
1024 1177 1198 1242 eorundem
1222 1175 1322 1239 inter·

203 1289 210 1300 ’
270 1265 475 1350 prolationes,
498 1287 563 1330 una
587 1265 642 1330 illa
667 1266 847 1329 Isidoriaua
866 1272 1010 1350 excepta.
1054 1263 1267 1329 Desideratur
1287 1261 1323 1323 in

271 1353 435 1417 Oanonum
457 1354 642 1417 Graecorum
663 1352 802 1416 editione
827 1351 978 1438 principe,
1005 1372 1076 1436 qum
1101 1354 1236 1412 curante
1262 1345 1321 1412 Jo

270 1461 353 1502 anne
368 1438 449 1503 Tilio
468 1439 588 1524 prodiit
606 1459 691 1502 auno
715 1455 798 1523 1540
814 1438 956 1517 Parisiis,
971 1438 1032 1502 hoc
1051 1435 1229 1500 membrum
1249 1455 1322 1498 ora

269 1525 375 1590 tionis.

314 1612 396 1676 Ibid.
413 1609 433 1674 l.
449 1612 498 1677 16.
523 1609 574 1674 Ex
597 1610 659 1674 Vct.
680 1610 933 1695 Interpromium
947 1608 1093 1692 Dionysii
1106 1608 1226 1692 Eximi
1241 1607 1316 1691 dra]

269 1699 347 1778 Quae
367 1697 543 1762 substituta
564 1703 613 1760 est
634 1697 666 1760 in
684 1697 790 1760 Codice
805 1697 961 1760 Occouum
976 1695 1081 1764 <Vereri
1094 1695 1243 1758 nomio
1256 1693 1320 1756 Eo-

268 1785 364 1848 ciaioe
378 1783 511 1848 Parisiis
532 1785 624 1865 1687.
642 1783 728 1868 typis
747 1782 910 1867 impresso,
930 1781 994 1846 alia
1012 1803 1052 1844 ac
1073 1779 1199 1845 diversa
1220 1779 1320 1862 hujus

268 1869 540 1956 interpretationis
569 1890 725 1932 canonum
751 1869 954 1933 Nicaenorum
981 1867 1090 1945 editio,
1119 1887 1159 1930 ea
1187 1865 1319 1950 quidem

268 1957 436 2041 desumpta
444 1961 493 2018 est
504 1975 543 2017 ex
555 1954 663 2019 codiee
674 1954 773 2018 MSto
784 1955 962 2018 versionum
971 1961 1109 2037 quatuor
1115 1950 1317 2029 Latinarum,

267 2043 300 2106 in
323 2065 385 2126 quo
405 2042 488 2105 binae
510 2040 593 2104 binis
615 2061 634 2104 e
653 2041 783 2126 regione
804 2040 959 2125 oppositae
980 2039 1182 2103 videbantur.
1223 2036 1319 2102 Prin-

266 2129 368 2214 cipem
377 2127 548 2192 editionem
558 2127 685 2211 praetuli
693 2147 782 2211 egoa
794 2125 850 2191 Fr.
863 2126 992 2190 Pithoeo
1003 2145 1158 2188 recusam.
1179 2122 1320 2186 Verum-

267 2221 375 2278 tamen
390 2213 422 2276 in
437 2211 565 2296 reliquis
580 2211 725 2275 omnibus
740 2211 944 2298 Dionysiana
961 2209 1237 2296 interpretationis
1250 2210 1318 2274 edi-

265 2299 408 2364 tionibus
422 2297 564 2362 nonnulli
579 2297 639 2361 loci
653 2297 764 2362 melius
777 2298 896 2362 redditi
906 2298 1060 2363 existunt.

672 2467 826 2534 OANON
850 2471 899 2534 ll.

306 2573 345 2637 P.
355 2588 429 2656 371.
445 2571 465 2636 l.
480 2591 529 2658 13.
555 2573 582 2636 εἰ
596 2573 628 2634 δὲ
648 2573 803 2653 προϊόντος
821 2577 875 2635 τοῦ
895 2572 1007 2654 χρόνον
1025 2572 1159 2654 ψνχικόν
1175 2593 1204 2632 τι
1218 2569 1316 2651 ἁμάρ-

262 2685 338 2741 τημα
349 2657 497 2746 εὑρεθείῃ]
513 2657 674 2722 Delictum
683 2657 817 2740 ψνχικὸν
827 2657 983 2738 ἁμάρτημα
996 2656 1057 2720 hoc
1070 2656 1140 2720 loeo
1155 2657 1203 2720 ita
1213 2657 1313 2720 nomi-

261 2753 373 2811 natum
387 2745 522 2822 videtur,
537 2744 609 2808 ideo
625 2744 710 2828 quod
729 2745 763 2806 in
782 2742 936 2828 superiori
951 2762 1071 2807 canone
1090 2743 1130 2805 de
1144 2763 1231 2806 noxa
1244 2765 1313 2806 cor·

261 2832 362 2917 porsli
376 2831 496 2895 mentio
510 2830 624 2894 firerat.
661 2829 772 2894 Canon
786 2835 895 2893 autem
909 2828 961 2893 hic
975 2828 1131 2893 secundus
1142 2850 1214 2891 cum
1228 2850 1315 2892 nono

261 2919 355 3004 hujus
370 2915 492 2982 concilii
507 2923 541 2981 et
556 2937 640 2980 nono
655 2915 766 3000 synodi
787 2915 1027 2980 AnteNicaenae
1047 2913 1314 2979 Neocoesariensis

262 3005 469 3069 conferendus
490 3009 548 3068 est.
595 3002 647 3066 Sic
670 3023 743 3065 eum
765 3002 915 3087 exprimit
936 3000 969 3066 in
993 2999 1228 3065 Commentario
1254 3023 1313 3066 suo

261 3092 505 3155 Aristonus—cl
535 3087 569 3152 δέ
595 3113 638 3155 τις
669 3089 717 3152 καὶ
744 3091 819 3168 μετὰ
847 3087 902 3167 τὴν
926 3089 1115 3170 χειροτονίαν
1139 3089 1313 3169 ἂμαρτῆσος

261 3179 422 3259 ἀποδειχθῆ
437 3178 591 3257 πρότερον,
607 3176 734 3256 ὕστερον
748 3174 850 3238 οὑτοσὶ
864 3176 1027 3238 cenatote
1042 3178 1095 3238 τοῦ
1110 3175 1231 3255 κλήρου.

304 3261 385 3326 lbid.
422 3263 495 3324 .16.
515 3263 532 3324 ὁ
552 3263 586 3324 δὲ
606 3263 688 3342 παρὰ
708 3265 801 3324 τοῦτο
822 3260 930 3410 comp}
948 3259 1135 3345 Episcopus,
1157 3259 1207 3323 vel
1230 3260 1313 3324 alins

261 3348 370 3434 quivis,
397 3345 652 3431 delinquentibus
680 3346 797 3410 favens.
842 3345 888 3411 (lo
924 3367 959 3410 er
987 3345 1151 3411 (lenonem
1179 3347 1312 3412 Oonoilii

260 3433 412 3512 Trulluni,
429 3455 485 3498 seu
501 3431 690 3514 Quinisexti,
707 3432 830 3497 XXII.

662 3582 816 3648 OANON
839 3581 905 3646 Ill.

301 3693 340 3756 P.
354 3705 429 3776 372.
443 3688 464 3753 l.
475 3709 507 3770 4.
531 3690 729 3752 ουνείσοκτον
749 3685 847 3835 ἔχειιέ
870 3683 973 3749 Notus
995 3684 1110 3749 videsis
1132 3685 1174 3749 ad
1196 3683 1309 3750 (lonci-

257 3779 333 3844 lium
355 3773 508 3841 Antioch.
529 3780 643 3839 contra
665 3772 802 3838 Paulum
841 3777 1071 3850 amosatenum,
1089 3777 1124 3835 ot
1146 3771 1310 3857 Ancyrani

258 3861 388 3931 (lencilii
403 3862 564 3928 (iunonem
580 3857 687 3924 XIX.
702 3859 736 3923 in
750 3857 902 3943 Reliquiis
916 3856 1031 3936 Sacro,
1047 3857 1109 3922 vol.
1125 3856 1171 3920 ΙΙ.
1186 3864 1220 3922 ct
1236 3859 1309 3924 ΙΙΙ.

256 3947 430 4037 adpositas
476 3943 526 4012 Ut
541 3969 615 4012 vero
636 3945 756 4031 aliquid
775 3944 827 4008 hio
847 3943 973 4007 dicatur
994 3943 1035 4007 de
1053 3943 1129 4008 cleri
1150 3944 1309 4029 conjugio,

257 4039 297 4102 do
312 4057 375 4121 quo
390 4041 479 4100 motu
494 4033 629 4118 quaestio
645 4039 694 4097 est
710 4031 744 4094 in
758 4030 819 4095 boo
834 4028 986 4104 concilim
1012 4029 1046 4094 S.
1059 4030 1187 4115 quidem
1202 4030 1313 4115 Paph-

255 4123 364 4188 nutius
383 4127 503 4185 coactae
518 4117 722 4185 abstineutiae
737 4118 930 4196 elericorum,
946 4116 1097 4216 conjuges
1112 4116 1166 4202 qui
1180 4117 1308 4181 fuerant

254 4217 331 4274 ante
346 4207 588 4282 ordinationem,
610 4206 652 4270 ab
673 4204 825 4269 uxoribus
843 4203 908 4268 suis
927 4202 1062 4267 selrcrter
1081 4225 1116 4268 se
1135 4203 1307 4289 opposuit;

254 4295 310 4360 sed
325 4313 399 4360 vero
414 4291 499 4356 idem
518 4291 569 4356 ille
588 4291 761 4371 fatebatur,
776 4296 907 4355 auctore
922 4287 1056 4356 Socrate
1074 4289 1108 4354 iu
1122 4289 1205 4356 Hist-
1221 4289 1307 4356 scel.
