<?xml version="1.0" encoding="UTF-8"?>
<!DOCTYPE html PUBLIC "-//W3C//DTD XHTML 1.0 Transitional//EN"
    "http://www.w3.org/TR/xhtml1/DTD/xhtml1-transitional.dtd">
<html xmlns="http://www.w3.org/1999/xhtml" xml:lang="en" lang="en">
 <head>
  <title>
</title>
<meta http-equiv="Content-Type" content="text/html;charset=utf-8" />
  <meta name='ocr-system' content='tesseract 3.04.00' />
  <meta name='ocr-capabilities' content='ocr_page ocr_carea ocr_par ocr_line ocrx_word'/>
</head>
<body>
  <div class='ocr_page' id='page_1' title='image "./scriptorumeccle03routgoog_0066.png"; bbox 0 0 2867 4817; ppageno 0'>
   <div class='ocr_carea' id='block_1_1' title="bbox 304 334 992 399">
    <p class='ocr_par' dir='ltr' id='par_1_1' title="bbox 304 334 992 399">
     <span class='ocr_line' id='line_1_1' title="bbox 304 334 992 399; baseline 0.001 -1"><span class='ocrx_word' id='word_1_1' title='bbox 304 337 346 398; x_wconf 86' lang='lat'>50</span> <span class='ocrx_word' id='word_1_2' title='bbox 665 338 698 397; x_wconf 82' lang='lat' dir='ltr'>S.</span> <span class='ocrx_word' id='word_1_3' title='bbox 722 334 992 399; x_wconf 88' lang='lat' dir='ltr'>HIPPOLYTI</span> 
     </span>
    </p>
   </div>
   <div class='ocr_carea' id='block_1_2' title="bbox 307 506 1389 1384">
    <p class='ocr_par' dir='ltr' id='par_1_2' title="bbox 307 506 1389 1384">
     <span class='ocr_line' id='line_1_2' title="bbox 307 506 1365 614; baseline 0.003 -29"><span class='ocrx_word' id='word_1_4' title='bbox 307 506 378 611; x_wconf 83' lang='grc' dir='ltr'>γὰρ</span> <span class='ocrx_word' id='word_1_5' title='bbox 397 515 444 592; x_wconf 80' lang='grc' dir='ltr'>εἰς</span> <span class='ocrx_word' id='word_1_6' title='bbox 462 517 601 608; x_wconf 84' lang='grc' dir='ltr'>πνεῦμα</span> <span class='ocrx_word' id='word_1_7' title='bbox 625 507 729 609; x_wconf 81' lang='grc' dir='ltr'>ἅγιον</span> <span class='ocrx_word' id='word_1_8' title='bbox 747 515 996 614; x_wconf 80' lang='grc' dir='ltr'>βλασφημῶν,</span> <span class='ocrx_word' id='word_1_9' title='bbox 1016 509 1191 610; x_wconf 79' lang='grc' dir='ltr'>ἕκβλητος</span> <span class='ocrx_word' id='word_1_10' title='bbox 1214 509 1365 610; x_wconf 76' lang='grc' dir='ltr'>γίνηται</span> 
     </span>
     <span class='ocr_line' id='line_1_3' title="bbox 310 635 1365 741; baseline 0.001 -25"><span class='ocrx_word' id='word_1_11' title='bbox 310 644 381 733; x_wconf 79' lang='lat' dir='ltr'>(cor.</span> <span class='ocrx_word' id='word_1_12' title='bbox 402 636 600 740; x_wconf 77' lang='grc' dir='ltr'>γεγένηται)</span> <span class='ocrx_word' id='word_1_13' title='bbox 620 635 757 741; x_wconf 86' lang='grc' dir='ltr'>κλήρου</span> <span class='ocrx_word' id='word_1_14' title='bbox 776 637 891 738; x_wconf 84' lang='grc' dir='ltr'><strong><em>ἁγίου.</em></strong></span> <span class='ocrx_word' id='word_1_15' title='bbox 943 637 1062 720; x_wconf 75' lang='grc' dir='ltr'>Οὗτος</span> <span class='ocrx_word' id='word_1_16' title='bbox 1087 636 1210 739; x_wconf 83' lang='grc' dir='ltr'>ἔλεγεν</span> <span class='ocrx_word' id='word_1_17' title='bbox 1235 636 1365 718; x_wconf 82' lang='grc' dir='ltr'>ἑαυτὸν</span> 
     </span>
     <span class='ocr_line' id='line_1_4' title="bbox 309 761 1365 870; baseline -0.001 -25"><span class='ocrx_word' id='word_1_18' title='bbox 309 763 397 845; x_wconf 83' lang='grc' dir='ltr'>εῖναι</span> <span class='ocrx_word' id='word_1_19' title='bbox 413 768 590 864; x_wconf 77' lang='grc' dir='ltr'>Μωϋοῆν,</span> <span class='ocrx_word' id='word_1_20' title='bbox 603 767 662 843; x_wconf 80' lang='grc' dir='ltr'>καὶ</span> <span class='ocrx_word' id='word_1_21' title='bbox 675 761 739 843; x_wconf 81' lang='grc' dir='ltr'>τὸν</span> <span class='ocrx_word' id='word_1_22' title='bbox 753 761 915 870; x_wconf 78' lang='grc' dir='ltr'>ἀδελφόν</span> <span class='ocrx_word' id='word_1_23' title='bbox 928 765 1037 843; x_wconf 81' lang='grc' dir='ltr'>αὐτοῦ</span> <span class='ocrx_word' id='word_1_24' title='bbox 1049 763 1203 867; x_wconf 84' lang='grc' dir='ltr'>Ἀαριίν.</span> <span class='ocrx_word' id='word_1_25' title='bbox 1235 769 1365 844; x_wconf 79' lang='grc' dir='ltr'>Ταῖντα</span> 
     </span>
     <span class='ocr_line' id='line_1_5' title="bbox 309 890 1364 996; baseline -0.002 -21"><span class='ocrx_word' id='word_1_26' title='bbox 309 894 526 977; x_wconf 84' lang='grc' dir='ltr'>ἀκούσαντες</span> <span class='ocrx_word' id='word_1_27' title='bbox 558 898 592 972; x_wconf 88' lang='grc' dir='ltr'>οἱ</span> <span class='ocrx_word' id='word_1_28' title='bbox 625 890 793 996; x_wconf 89' lang='grc' dir='ltr'>μακάριοι</span> <span class='ocrx_word' id='word_1_29' title='bbox 823 891 1064 996; x_wconf 70' lang='grc' dir='ltr'>πρεσβύτεροι</span> <span class='ocrx_word' id='word_1_30' title='bbox 1101 893 1364 996; x_wconf 88' lang='grc' dir='ltr'>προσκαλεσά-</span> 
     </span>
     <span class='ocr_line' id='line_1_6' title="bbox 309 1020 1389 1127; baseline -0.002 -25"><span class='ocrx_word' id='word_1_31' title='bbox 309 1057 409 1122; x_wconf 82' lang='grc' dir='ltr'>μενοι</span> <span class='ocrx_word' id='word_1_32' title='bbox 425 1022 576 1102; x_wconf 83' lang='grc' dir='ltr'>ε’νείπιον</span> <span class='ocrx_word' id='word_1_33' title='bbox 594 1026 658 1121; x_wconf 82' lang='grc' dir='ltr'>τῆς</span> <span class='ocrx_word' id='word_1_34' title='bbox 672 1022 864 1122; x_wconf 80' lang='grc' dir='ltr'>ἐκκλησίας</span> <span class='ocrx_word' id='word_1_35' title='bbox 879 1021 1060 1127; x_wconf 79' lang='grc' dir='ltr'>ἐξήταζον.</span> <span class='ocrx_word' id='word_1_36' title='bbox 1099 1024 1148 1100; x_wconf 89' lang='grc' dir='ltr'><strong>Ὁ</strong></span> <span class='ocrx_word' id='word_1_37' title='bbox 1160 1020 1198 1100; x_wconf 73' lang='grc' dir='ltr'>δὲ</span> <span class='ocrx_word' id='word_1_38' title='bbox 1212 1023 1389 1125; x_wconf 79' lang='grc' dir='ltr'>ἠρνεῖτο,5</span> 
     </span>
     <span class='ocr_line' id='line_1_7' title="bbox 310 1147 1359 1256; baseline -0.003 -27"><span class='ocrx_word' id='word_1_39' title='bbox 310 1150 426 1252; x_wconf 77' lang='grc' dir='ltr'>λέγων</span> <span class='ocrx_word' id='word_1_40' title='bbox 451 1147 516 1234; x_wconf 81' lang='grc' dir='ltr'>τὰς</span> <span class='ocrx_word' id='word_1_41' title='bbox 538 1148 662 1255; x_wconf 80' lang='grc' dir='ltr'>ἀρχὰς,</span> <span class='ocrx_word' id='word_1_42' title='bbox 687 1147 738 1248; x_wconf 85' lang='grc' dir='ltr'>μὴ</span> <span class='ocrx_word' id='word_1_43' title='bbox 762 1154 916 1256; x_wconf 79' lang='grc' dir='ltr'>φρονεῖν.</span> <span class='ocrx_word' id='word_1_44' title='bbox 960 1147 1142 1250; x_wconf 82' lang='grc' dir='ltr'>Ὕστερον</span> <span class='ocrx_word' id='word_1_45' title='bbox 1170 1147 1208 1228; x_wconf 72' lang='grc' dir='ltr'>δὲ</span> <span class='ocrx_word' id='word_1_46' title='bbox 1232 1151 1359 1256; x_wconf 79' lang='grc' dir='ltr'>ἐμφω-</span> 
     </span>
     <span class='ocr_line' id='line_1_8' title="bbox 311 1274 1359 1384; baseline 0.002 -28"><span class='ocrx_word' id='word_1_47' title='bbox 311 1277 446 1361; x_wconf 87' lang='grc' dir='ltr'>λειίσας</span> <span class='ocrx_word' id='word_1_48' title='bbox 470 1275 508 1356; x_wconf 76' lang='grc' dir='ltr'>ε”ν</span> <span class='ocrx_word' id='word_1_49' title='bbox 533 1312 640 1374; x_wconf 92' lang='grc' dir='ltr'>τισιν,</span> <span class='ocrx_word' id='word_1_50' title='bbox 667 1280 725 1356; x_wconf 76' lang='grc' dir='ltr'>καὶ</span> <span class='ocrx_word' id='word_1_51' title='bbox 747 1274 980 1360; x_wconf 74' lang='grc' dir='ltr'>συσκευάσας</span> <span class='ocrx_word' id='word_1_52' title='bbox 1003 1279 1117 1384; x_wconf 73' lang='grc' dir='ltr'>ἑαυτῷ</span> <span class='ocrx_word' id='word_1_53' title='bbox 1137 1287 1359 1358; x_wconf 83' lang='grc' dir='ltr'>συιπλανω-</span> 
     </span>
    </p>
   </div>
   <div class='ocr_carea' id='block_1_3' title="bbox 310 1402 1363 1512">
    <p class='ocr_par' dir='ltr' id='par_1_3' title="bbox 310 1402 1363 1512">
     <span class='ocr_line' id='line_1_9' title="bbox 310 1402 1363 1512; baseline -0.001 -26"><span class='ocrx_word' id='word_1_54' title='bbox 310 1407 444 1506; x_wconf 80' lang='grc' dir='ltr'>με’νους,</span> <span class='ocrx_word' id='word_1_55' title='bbox 470 1404 627 1507; x_wconf 83' lang='grc' dir='ltr'>καθαρὸν</span> <span class='ocrx_word' id='word_1_56' title='bbox 654 1407 727 1512; x_wconf 85' lang='lat' dir='ltr'>(for.</span> <span class='ocrx_word' id='word_1_57' title='bbox 745 1408 803 1482; x_wconf 84' lang='grc' dir='ltr'>καὶ</span> <span class='ocrx_word' id='word_1_58' title='bbox 828 1402 987 1510; x_wconf 81' lang='grc' dir='ltr'>θαρρῶν)</span> <span class='ocrx_word' id='word_1_59' title='bbox 1014 1406 1165 1507; x_wconf 83' lang='grc' dir='ltr'>ὕστερον</span> <span class='ocrx_word' id='word_1_60' title='bbox 1187 1409 1298 1511; x_wconf 79' lang='grc' dir='ltr'>ῖστᾷν</span> <span class='ocrx_word' id='word_1_61' title='bbox 1319 1404 1363 1485; x_wconf 86' lang='grc' dir='ltr'>τδ</span> 
     </span>
    </p>
   </div>
   <div class='ocr_carea' id='block_1_4' title="bbox 312 1530 1413 3038">
    <p class='ocr_par' dir='ltr' id='par_1_4' title="bbox 312 1530 1413 3038">
     <span class='ocr_line' id='line_1_10' title="bbox 312 1530 1362 1636; baseline 0 -22"><span class='ocrx_word' id='word_1_62' title='bbox 312 1533 430 1635; x_wconf 80' lang='grc' dir='ltr'>δόγμα</span> <span class='ocrx_word' id='word_1_63' title='bbox 462 1531 643 1628; x_wconf 82' lang='grc' dir='ltr'>ἐβούλετο.</span> <span class='ocrx_word' id='word_1_64' title='bbox 697 1531 775 1611; x_wconf 87' lang='grc' dir='ltr'>Ὃν</span> <span class='ocrx_word' id='word_1_65' title='bbox 811 1530 924 1611; x_wconf 88' lang='grc' dir='ltr'>πάλιν</span> <span class='ocrx_word' id='word_1_66' title='bbox 955 1530 1297 1636; x_wconf 66' lang='grc' dir='ltr'>προσκαλεσάμενοι</span> <span class='ocrx_word' id='word_1_67' title='bbox 1328 1541 1362 1614; x_wconf 83' lang='grc' dir='ltr'>οῖ</span> 
     </span>
     <span class='ocr_line' id='line_1_11' title="bbox 312 1659 1410 1767; baseline 0 -27"><span class='ocrx_word' id='word_1_68' title='bbox 312 1661 477 1764; x_wconf 85' lang='grc' dir='ltr'>μακάριοι</span> <span class='ocrx_word' id='word_1_69' title='bbox 507 1660 747 1763; x_wconf 85' lang='grc' dir='ltr'>πρεσβύτεροι</span> <span class='ocrx_word' id='word_1_70' title='bbox 778 1659 951 1767; x_wconf 79' lang='grc' dir='ltr'>ἤλεγξαν.</span> <span class='ocrx_word' id='word_1_71' title='bbox 1007 1661 1056 1739; x_wconf 79' lang='lat' dir='ltr'>‘O</span> <span class='ocrx_word' id='word_1_72' title='bbox 1087 1659 1125 1740; x_wconf 71' lang='grc' dir='ltr'>δὲ</span> <span class='ocrx_word' id='word_1_73' title='bbox 1155 1663 1362 1758; x_wconf 84' lang='grc' dir='ltr'>άντίστατο,</span> <span class='ocrx_word' id='word_1_74' title='bbox 1377 1697 1410 1733; x_wconf 80' lang='grc' dir='ltr'>ιο</span> 
     </span>
     <span class='ocr_line' id='line_1_12' title="bbox 314 1785 1359 1894; baseline 0.001 -27"><span class='ocrx_word' id='word_1_75' title='bbox 314 1790 443 1892; x_wconf 75' lang='grc' dir='ltr'>λέγων’</span> <span class='ocrx_word' id='word_1_76' title='bbox 491 1788 543 1867; x_wconf 87' lang='grc' dir='ltr'>Τί</span> <span class='ocrx_word' id='word_1_77' title='bbox 565 1788 627 1866; x_wconf 78' lang='grc' dir='ltr'>οὖν</span> <span class='ocrx_word' id='word_1_78' title='bbox 651 1787 762 1867; x_wconf 82' lang='grc' dir='ltr'>κακὸν</span> <span class='ocrx_word' id='word_1_79' title='bbox 784 1795 876 1867; x_wconf 82' lang='grc' dir='ltr'>ποιῶ</span> <span class='ocrx_word' id='word_1_80' title='bbox 900 1785 1059 1894; x_wconf 76' lang='grc' dir='ltr'>δοξάζων</span> <span class='ocrx_word' id='word_1_81' title='bbox 1079 1785 1143 1866; x_wconf 87' lang='grc' dir='ltr'>τδν</span> <span class='ocrx_word' id='word_1_82' title='bbox 1165 1787 1359 1891; x_wconf 87' lang='grc' dir='ltr'>Χριστόν;</span> 
     </span>
     <span class='ocr_line' id='line_1_13' title="bbox 312 1912 1365 2018; baseline 0.001 -23"><span class='ocrx_word' id='word_1_83' title='bbox 312 1915 403 2018; x_wconf 82' lang='grc' dir='ltr'>πρὸς</span> <span class='ocrx_word' id='word_1_84' title='bbox 421 1913 462 1994; x_wconf 85' lang='grc' dir='ltr'>δν</span> <span class='ocrx_word' id='word_1_85' title='bbox 480 1915 796 2018; x_wconf 84' lang='grc' dir='ltr'>ἀνταποκρίνονται</span> <span class='ocrx_word' id='word_1_86' title='bbox 818 1919 852 1993; x_wconf 84' lang='grc' dir='ltr'>οἱ</span> <span class='ocrx_word' id='word_1_87' title='bbox 875 1912 1125 2018; x_wconf 78' lang='grc' dir='ltr'>πρεσβύτεροι·</span> <span class='ocrx_word' id='word_1_88' title='bbox 1171 1917 1245 1993; x_wconf 83' lang='grc' dir='ltr'>Καὶ</span> <span class='ocrx_word' id='word_1_89' title='bbox 1260 1915 1365 2014; x_wconf 81' lang='grc' dir='ltr'>ἡμεῖς</span> 
     </span>
     <span class='ocr_line' id='line_1_14' title="bbox 315 2038 1360 2143; baseline -0.001 -23"><span class='ocrx_word' id='word_1_90' title='bbox 315 2042 376 2120; x_wconf 78' lang='grc' dir='ltr'>ἕνα</span> <span class='ocrx_word' id='word_1_91' title='bbox 401 2041 496 2122; x_wconf 83' lang='grc' dir='ltr'>Θεὸν</span> <span class='ocrx_word' id='word_1_92' title='bbox 521 2043 664 2141; x_wconf 80' lang='grc' dir='ltr'>οἴδαμεν</span> <span class='ocrx_word' id='word_1_93' title='bbox 690 2045 848 2142; x_wconf 82' lang='grc' dir='ltr'>άληθῶς.</span> <span class='ocrx_word' id='word_1_94' title='bbox 880 2041 1025 2138; x_wconf 82' lang='grc' dir='ltr'>οἴδαμεν</span> <span class='ocrx_word' id='word_1_95' title='bbox 1047 2038 1225 2143; x_wconf 88' lang='grc' dir='ltr'>Χριστόν·</span> <span class='ocrx_word' id='word_1_96' title='bbox 1258 2041 1360 2120; x_wconf 69' lang='lat' dir='ltr'>olda-</span> 
     </span>
     <span class='ocr_line' id='line_1_15' title="bbox 314 2165 1365 2270; baseline 0 -22"><span class='ocrx_word' id='word_1_97' title='bbox 314 2205 381 2270; x_wconf 88' lang='grc' dir='ltr'>μεν</span> <span class='ocrx_word' id='word_1_98' title='bbox 410 2168 473 2250; x_wconf 85' lang='grc' dir='ltr'>τδν</span> <span class='ocrx_word' id='word_1_99' title='bbox 503 2170 577 2249; x_wconf 84' lang='grc' dir='ltr'>υίδν</span> <span class='ocrx_word' id='word_1_100' title='bbox 608 2167 783 2267; x_wconf 81' lang='grc' dir='ltr'>παθόντα,</span> <span class='ocrx_word' id='word_1_101' title='bbox 815 2166 933 2253; x_wconf 80' lang='grc' dir='ltr'>καθώς</span> <span class='ocrx_word' id='word_1_102' title='bbox 962 2170 1102 2267; x_wconf 81' lang='grc' dir='ltr'>ἔπαθεν,</span> <span class='ocrx_word' id='word_1_103' title='bbox 1134 2165 1365 2249; x_wconf 82' lang='grc' dir='ltr'>ἀποθανόντα</span> 
     </span>
     <span class='ocr_line' id='line_1_16' title="bbox 315 2296 1408 2406; baseline -0.001 -29"><span class='ocrx_word' id='word_1_104' title='bbox 315 2296 431 2383; x_wconf 78' lang='grc' dir='ltr'>καθῶς</span> <span class='ocrx_word' id='word_1_105' title='bbox 467 2300 652 2395; x_wconf 76' lang='grc' dir='ltr'>ἀπέθανεν,</span> <span class='ocrx_word' id='word_1_106' title='bbox 685 2302 743 2378; x_wconf 83' lang='grc' dir='ltr'>καὶ</span> <span class='ocrx_word' id='word_1_107' title='bbox 780 2296 988 2377; x_wconf 83' lang='grc' dir='ltr'>ἀναστάντα</span> <span class='ocrx_word' id='word_1_108' title='bbox 1023 2303 1068 2401; x_wconf 80' lang='grc' dir='ltr'>τῇ</span> <span class='ocrx_word' id='word_1_109' title='bbox 1104 2299 1206 2403; x_wconf 85' lang='grc' dir='ltr'>τρίτη</span> <span class='ocrx_word' id='word_1_110' title='bbox 1236 2298 1364 2406; x_wconf 73' lang='grc' dir='ltr'>ἡμέρᾳ,</span> <span class='ocrx_word' id='word_1_111' title='bbox 1378 2329 1408 2386; x_wconf 83' lang='lat'>¹5</span> 
     </span>
     <span class='ocr_line' id='line_1_17' title="bbox 315 2423 1365 2534; baseline 0 -31"><span class='ocrx_word' id='word_1_112' title='bbox 315 2429 373 2504; x_wconf 82' lang='grc' dir='ltr'>καὶ</span> <span class='ocrx_word' id='word_1_113' title='bbox 392 2426 477 2504; x_wconf 83' lang='grc' dir='ltr'>ὄντα</span> <span class='ocrx_word' id='word_1_114' title='bbox 501 2429 538 2505; x_wconf 83' lang='grc' dir='ltr'>ἐν</span> <span class='ocrx_word' id='word_1_115' title='bbox 562 2426 663 2534; x_wconf 77' lang='grc' dir='ltr'>δεξιᾷ</span> <span class='ocrx_word' id='word_1_116' title='bbox 686 2437 750 2506; x_wconf 83' lang='grc' dir='ltr'>τοῦ</span> <span class='ocrx_word' id='word_1_117' title='bbox 777 2425 932 2528; x_wconf 78' lang='grc' dir='ltr'>Πατρός,</span> <span class='ocrx_word' id='word_1_118' title='bbox 955 2428 1013 2505; x_wconf 76' lang='grc' dir='ltr'>καὶ</span> <span class='ocrx_word' id='word_1_119' title='bbox 1033 2423 1224 2530; x_wconf 79' lang='grc' dir='ltr'>ἐρχόμενον</span> <span class='ocrx_word' id='word_1_120' title='bbox 1246 2431 1365 2528; x_wconf 89' lang='grc' dir='ltr'>κρῖναι</span> 
     </span>
     <span class='ocr_line' id='line_1_18' title="bbox 315 2549 1361 2657; baseline 0.001 -26"><span class='ocrx_word' id='word_1_121' title='bbox 315 2550 447 2654; x_wconf 78' lang='grc' dir='ltr'>ζῶντας</span> <span class='ocrx_word' id='word_1_122' title='bbox 470 2557 528 2633; x_wconf 81' lang='grc' dir='ltr'>καὶ</span> <span class='ocrx_word' id='word_1_123' title='bbox 552 2554 703 2657; x_wconf 82' lang='grc' dir='ltr'>νεκρούς.</span> <span class='ocrx_word' id='word_1_124' title='bbox 735 2559 794 2634; x_wconf 83' lang='grc' dir='ltr'>καὶ</span> <span class='ocrx_word' id='word_1_125' title='bbox 817 2564 929 2634; x_wconf 82' lang='grc' dir='ltr'>ταῦτα</span> <span class='ocrx_word' id='word_1_126' title='bbox 951 2553 1102 2655; x_wconf 81' lang='grc' dir='ltr'>λέγομεν</span> <span class='ocrx_word' id='word_1_127' title='bbox 1121 2550 1145 2631; x_wconf 85' lang='grc' dir='ltr'>ἂ</span> <span class='ocrx_word' id='word_1_128' title='bbox 1168 2549 1361 2653; x_wconf 82' lang='grc' dir='ltr'>ἐμάθομεν.</span> 
     </span>
     <span class='ocr_line' id='line_1_19' title="bbox 316 2679 1365 2790; baseline 0.004 -29"><span class='ocrx_word' id='word_1_129' title='bbox 316 2679 410 2762; x_wconf 90' lang='grc' dir='ltr'>Τότε</span> <span class='ocrx_word' id='word_1_130' title='bbox 437 2690 564 2761; x_wconf 84' lang='grc' dir='ltr'>τοῦτον</span> <span class='ocrx_word' id='word_1_131' title='bbox 590 2681 801 2790; x_wconf 78' lang='grc' dir='ltr'>ε’λέγξαντες</span> <span class='ocrx_word' id='word_1_132' title='bbox 828 2683 988 2789; x_wconf 73' lang='grc' dir='ltr'>ἐξάοσαν</span> <span class='ocrx_word' id='word_1_133' title='bbox 1009 2685 1074 2780; x_wconf 84' lang='grc' dir='ltr'>τῆς</span> <span class='ocrx_word' id='word_1_134' title='bbox 1099 2683 1304 2780; x_wconf 81' lang='grc' dir='ltr'>ἐκκλησίας,</span> <span class='ocrx_word' id='word_1_135' title='bbox 1323 2681 1365 2765; x_wconf 79' lang='grc' dir='ltr'>ὃς</span> 
     </span>
     <span class='ocr_line' id='line_1_20' title="bbox 316 2809 1366 2917; baseline 0.004 -30"><span class='ocrx_word' id='word_1_136' title='bbox 316 2815 363 2893; x_wconf 86' lang='grc' dir='ltr'>είς</span> <span class='ocrx_word' id='word_1_137' title='bbox 393 2818 547 2890; x_wconf 84' lang='grc' dir='ltr'>τοσοῦτο</span> <span class='ocrx_word' id='word_1_138' title='bbox 575 2811 748 2917; x_wconf 78' lang='grc' dir='ltr'>φυσίωμα</span> <span class='ocrx_word' id='word_1_139' title='bbox 776 2809 918 2914; x_wconf 79' lang='grc' dir='ltr'>ἠνέχθη,</span> <span class='ocrx_word' id='word_1_140' title='bbox 945 2812 993 2892; x_wconf 91' lang='grc' dir='ltr'>ὡς</span> <span class='ocrx_word' id='word_1_141' title='bbox 1019 2812 1270 2889; x_wconf 86' lang='grc' dir='ltr'>διδασκαλεῖον</span> <span class='ocrx_word' id='word_1_142' title='bbox 1295 2845 1366 2891; x_wconf 90' lang='grc' dir='ltr'>συ-</span> 
     </span>
     <span class='ocr_line' id='line_1_21' title="bbox 316 2969 1413 3038; baseline -0.013 -19"><span class='ocrx_word' id='word_1_143' title='bbox 316 2971 463 3038; x_wconf 67' lang='lat' dir='ltr'>metat.</span> <span class='ocrx_word' id='word_1_144' title='bbox 1378 2969 1413 3005; x_wconf 74' lang='grc' dir='ltr'>το</span> 
     </span>
    </p>
   </div>
   <div class='ocr_carea' id='block_1_5' title="bbox 317 3143 1365 4354">
    <p class='ocr_par' dir='ltr' id='par_1_5' title="bbox 317 3143 1365 4272">
     <span class='ocr_line' id='line_1_22' title="bbox 318 3143 1365 3226; baseline 0.003 -24"><span class='ocrx_word' id='word_1_145' title='bbox 318 3145 503 3223; x_wconf 80' lang='lat' dir='ltr'>blasphemus</span> <span class='ocrx_word' id='word_1_146' title='bbox 517 3155 610 3202; x_wconf 86' lang='lat' dir='ltr'>estex</span> <span class='ocrx_word' id='word_1_147' title='bbox 626 3144 726 3202; x_wconf 81' lang='lat' dir='ltr'>divina</span> <span class='ocrx_word' id='word_1_148' title='bbox 739 3155 817 3202; x_wconf 86' lang='lat' dir='ltr'>sorte</span> <span class='ocrx_word' id='word_1_149' title='bbox 859 3154 922 3201; x_wconf 91' lang='lat' dir='ltr'>tum</span> <span class='ocrx_word' id='word_1_150' title='bbox 938 3143 1071 3201; x_wconf 85' lang='lat' dir='ltr'>honoro?</span> <span class='ocrx_word' id='word_1_151' title='bbox 1102 3143 1183 3202; x_wconf 86' lang='lat' dir='ltr'>Huic</span> <span class='ocrx_word' id='word_1_152' title='bbox 1199 3146 1365 3226; x_wconf 82' lang='lat' dir='ltr'>presbyteri</span> 
     </span>
     <span class='ocr_line' id='line_1_23' title="bbox 318 3223 1364 3303; baseline 0.001 -19"><span class='ocrx_word' id='word_1_153' title='bbox 318 3225 427 3302; x_wconf 86' lang='lat' dir='ltr'>ejectus</span> <span class='ocrx_word' id='word_1_154' title='bbox 438 3236 492 3284; x_wconf 89' lang='lat' dir='ltr'>est.</span> <span class='ocrx_word' id='word_1_155' title='bbox 532 3224 639 3284; x_wconf 79' lang='lat' dir='ltr'><strong>Aiebat</strong></span> <span class='ocrx_word' id='word_1_156' title='bbox 653 3225 700 3283; x_wconf 92' lang='lat' dir='ltr'>hic</span> <span class='ocrx_word' id='word_1_157' title='bbox 714 3245 817 3284; x_wconf 86' lang='lat' dir='ltr'>seesse</span> <span class='ocrx_word' id='word_1_158' title='bbox 859 3223 1089 3303; x_wconf 86' lang='lat' dir='ltr'>responderunt:</span> <span class='ocrx_word' id='word_1_159' title='bbox 1124 3225 1167 3283; x_wconf 88' lang='lat' dir='ltr'>Et</span> <span class='ocrx_word' id='word_1_160' title='bbox 1191 3246 1246 3284; x_wconf 85' lang='lat' dir='ltr'>nos</span> <span class='ocrx_word' id='word_1_161' title='bbox 1269 3247 1364 3285; x_wconf 87' lang='lat' dir='ltr'>unum</span> 
     </span>
     <span class='ocr_line' id='line_1_24' title="bbox 319 3305 1365 3384; baseline 0.005 -22"><span class='ocrx_word' id='word_1_162' title='bbox 319 3305 455 3384; x_wconf 83' lang='lat' dir='ltr'>Moysen,</span> <span class='ocrx_word' id='word_1_163' title='bbox 475 3316 505 3365; x_wconf 86' lang='lat' dir='ltr'>et</span> <span class='ocrx_word' id='word_1_164' title='bbox 519 3306 637 3364; x_wconf 78' lang='lat' dir='ltr'>fratrem</span> <span class='ocrx_word' id='word_1_165' title='bbox 656 3326 739 3364; x_wconf 91' lang='lat' dir='ltr'>suum</span> <span class='ocrx_word' id='word_1_166' title='bbox 755 3327 817 3364; x_wconf 86' lang='lat' dir='ltr'>esse</span> <span class='ocrx_word' id='word_1_167' title='bbox 859 3305 956 3363; x_wconf 90' lang='lat' dir='ltr'>Deum</span> <span class='ocrx_word' id='word_1_168' title='bbox 988 3324 1056 3363; x_wconf 90' lang='lat' dir='ltr'>vere</span> <span class='ocrx_word' id='word_1_169' title='bbox 1085 3305 1210 3365; x_wconf 86' lang='lat' dir='ltr'>scimus:</span> <span class='ocrx_word' id='word_1_170' title='bbox 1253 3308 1365 3367; x_wconf 84' lang='lat' dir='ltr'>scimus</span> 
     </span>
     <span class='ocr_line' id='line_1_25' title="bbox 319 3385 1364 3468; baseline 0 -24"><span class='ocrx_word' id='word_1_171' title='bbox 319 3385 429 3444; x_wconf 82' lang='lat' dir='ltr'><strong>Aaron.</strong></span> <span class='ocrx_word' id='word_1_172' title='bbox 452 3387 524 3445; x_wconf 82' lang='lat' dir='ltr'>Haec</span> <span class='ocrx_word' id='word_1_173' title='bbox 535 3407 600 3444; x_wconf 91' lang='lat' dir='ltr'>cum</span> <span class='ocrx_word' id='word_1_174' title='bbox 610 3387 686 3446; x_wconf 77' lang='lat' dir='ltr'>beati</span> <span class='ocrx_word' id='word_1_175' title='bbox 697 3387 817 3466; x_wconf 81' lang='lat' dir='ltr'>presby·</span> <span class='ocrx_word' id='word_1_176' title='bbox 858 3385 1018 3452; x_wconf 80' lang='lat' dir='ltr'><strong>Christum,</strong></span> <span class='ocrx_word' id='word_1_177' title='bbox 1038 3386 1144 3445; x_wconf 87' lang='lat' dir='ltr'>scimus</span> <span class='ocrx_word' id='word_1_178' title='bbox 1163 3386 1274 3445; x_wconf 89' lang='lat' dir='ltr'>Filium</span> <span class='ocrx_word' id='word_1_179' title='bbox 1296 3410 1364 3468; x_wconf 74' lang='lat' dir='ltr'>pas.</span> 
     </span>
     <span class='ocr_line' id='line_1_26' title="bbox 319 3467 1363 3546; baseline 0.002 -20"><span class='ocrx_word' id='word_1_180' title='bbox 319 3467 374 3526; x_wconf 82' lang='lat' dir='ltr'>teri</span> <span class='ocrx_word' id='word_1_181' title='bbox 398 3467 543 3536; x_wconf 79' lang='lat' dir='ltr'><strong>audirent,</strong></span> <span class='ocrx_word' id='word_1_182' title='bbox 569 3469 738 3526; x_wconf 81' lang='lat' dir='ltr'>accersitum</span> <span class='ocrx_word' id='word_1_183' title='bbox 770 3489 818 3526; x_wconf 88' lang='lat' dir='ltr'>co-</span> <span class='ocrx_word' id='word_1_184' title='bbox 859 3487 933 3535; x_wconf 90' lang='lat' dir='ltr'>sum,</span> <span class='ocrx_word' id='word_1_185' title='bbox 959 3467 1035 3526; x_wconf 87' lang='lat' dir='ltr'>sicut</span> <span class='ocrx_word' id='word_1_186' title='bbox 1058 3487 1160 3546; x_wconf 81' lang='lat' dir='ltr'>pessus</span> <span class='ocrx_word' id='word_1_187' title='bbox 1186 3478 1249 3540; x_wconf 68' lang='grc' dir='ltr'>σοι,</span> <span class='ocrx_word' id='word_1_188' title='bbox 1282 3491 1363 3528; x_wconf 90' lang='lat' dir='ltr'>mor·</span> 
     </span>
     <span class='ocr_line' id='line_1_27' title="bbox 320 3547 1364 3622; baseline 0.008 -18"><span class='ocrx_word' id='word_1_189' title='bbox 320 3568 379 3605; x_wconf 81' lang='lat' dir='ltr'>ram</span> <span class='ocrx_word' id='word_1_190' title='bbox 415 3547 535 3607; x_wconf 84' lang='lat' dir='ltr'>ecclesie</span> <span class='ocrx_word' id='word_1_191' title='bbox 569 3549 816 3607; x_wconf 81' lang='lat' dir='ltr'>examinaverunt.</span> <span class='ocrx_word' id='word_1_192' title='bbox 860 3559 954 3618; x_wconf 89' lang='lat' dir='ltr'>tuum,</span> <span class='ocrx_word' id='word_1_193' title='bbox 977 3548 1053 3606; x_wconf 88' lang='lat' dir='ltr'>sicut</span> <span class='ocrx_word' id='word_1_194' title='bbox 1075 3559 1209 3608; x_wconf 84' lang='lat' dir='ltr'>mortuus</span> <span class='ocrx_word' id='word_1_195' title='bbox 1231 3559 1278 3608; x_wconf 84' lang='lat' dir='ltr'>eet</span> <span class='ocrx_word' id='word_1_196' title='bbox 1289 3573 1299 3622; x_wconf 92' lang='lat'>;</span> <span class='ocrx_word' id='word_1_197' title='bbox 1331 3564 1364 3612; x_wconf 83' lang='lat' dir='ltr'>et</span> 
     </span>
     <span class='ocr_line' id='line_1_28' title="bbox 320 3627 1363 3709; baseline 0.006 -23"><span class='ocrx_word' id='word_1_198' title='bbox 320 3627 375 3688; x_wconf 90' lang='lat' dir='ltr'>llle</span> <span class='ocrx_word' id='word_1_199' title='bbox 391 3650 459 3688; x_wconf 88' lang='lat' dir='ltr'>vero</span> <span class='ocrx_word' id='word_1_200' title='bbox 479 3631 601 3708; x_wconf 74' lang='lat' dir='ltr'>negabat</span> <span class='ocrx_word' id='word_1_201' title='bbox 620 3629 764 3709; x_wconf 87' lang='lat' dir='ltr'>principio</span> <span class='ocrx_word' id='word_1_202' title='bbox 777 3629 819 3688; x_wconf 88' lang='lat' dir='ltr'>sic</span> <span class='ocrx_word' id='word_1_203' title='bbox 859 3629 1030 3687; x_wconf 79' lang='lat' dir='ltr'>suscitatum</span> <span class='ocrx_word' id='word_1_204' title='bbox 1054 3630 1143 3687; x_wconf 79' lang='lat' dir='ltr'>tertie</span> <span class='ocrx_word' id='word_1_205' title='bbox 1170 3629 1227 3699; x_wconf 89' lang='lat' dir='ltr'>die,</span> <span class='ocrx_word' id='word_1_206' title='bbox 1256 3642 1288 3690; x_wconf 89' lang='lat' dir='ltr'>et</span> <span class='ocrx_word' id='word_1_207' title='bbox 1316 3653 1363 3692; x_wconf 86' lang='lat' dir='ltr'>se-</span> 
     </span>
     <span class='ocr_line' id='line_1_29' title="bbox 319 3708 1362 3787; baseline 0.005 -20"><span class='ocrx_word' id='word_1_208' title='bbox 319 3731 350 3769; x_wconf 86' lang='lat' dir='ltr'>se</span> <span class='ocrx_word' id='word_1_209' title='bbox 361 3710 477 3770; x_wconf 86' lang='lat' dir='ltr'>sentire.</span> <span class='ocrx_word' id='word_1_210' title='bbox 505 3711 611 3769; x_wconf 80' lang='lat' dir='ltr'><strong>Postea</strong></span> <span class='ocrx_word' id='word_1_211' title='bbox 625 3731 693 3768; x_wconf 84' lang='lat' dir='ltr'>vero</span> <span class='ocrx_word' id='word_1_212' title='bbox 707 3711 738 3767; x_wconf 87' lang='lat' dir='ltr'>in</span> <span class='ocrx_word' id='word_1_213' title='bbox 753 3710 817 3787; x_wconf 90' lang='lat' dir='ltr'>qui·</span> <span class='ocrx_word' id='word_1_214' title='bbox 860 3708 977 3769; x_wconf 88' lang='lat' dir='ltr'>dentem</span> <span class='ocrx_word' id='word_1_215' title='bbox 1009 3709 1046 3768; x_wconf 79' lang='lat' dir='ltr'>ad</span> <span class='ocrx_word' id='word_1_216' title='bbox 1073 3709 1221 3770; x_wconf 80' lang='lat' dir='ltr'>dexteram</span> <span class='ocrx_word' id='word_1_217' title='bbox 1251 3711 1362 3781; x_wconf 83' lang='lat' dir='ltr'>Petris,</span> 
     </span>
     <span class='ocr_line' id='line_1_30' title="bbox 318 3789 1363 3868; baseline 0.002 -18"><span class='ocrx_word' id='word_1_218' title='bbox 318 3791 438 3852; x_wconf 78' lang='lat' dir='ltr'>busdam</span> <span class='ocrx_word' id='word_1_219' title='bbox 451 3790 630 3860; x_wconf 84' lang='lat' dir='ltr'>delitescens,</span> <span class='ocrx_word' id='word_1_220' title='bbox 646 3801 676 3849; x_wconf 91' lang='lat' dir='ltr'>et</span> <span class='ocrx_word' id='word_1_221' title='bbox 690 3789 819 3850; x_wconf 84' lang='lat' dir='ltr'>collectis</span> <span class='ocrx_word' id='word_1_222' title='bbox 859 3803 1074 3868; x_wconf 83' lang='lat' dir='ltr'>venturumque</span> <span class='ocrx_word' id='word_1_223' title='bbox 1102 3791 1139 3850; x_wconf 82' lang='lat' dir='ltr'>ad</span> <span class='ocrx_word' id='word_1_224' title='bbox 1167 3790 1363 3868; x_wconf 78' lang='lat' dir='ltr'>judicandum</span> 
     </span>
     <span class='ocr_line' id='line_1_31' title="bbox 319 3871 1364 3952; baseline 0.002 -20"><span class='ocrx_word' id='word_1_225' title='bbox 319 3875 383 3932; x_wconf 85' lang='lat' dir='ltr'>aliis</span> <span class='ocrx_word' id='word_1_226' title='bbox 394 3873 443 3952; x_wconf 90' lang='lat' dir='ltr'>qui</span> <span class='ocrx_word' id='word_1_227' title='bbox 458 3873 488 3930; x_wconf 88' lang='lat' dir='ltr'>iu</span> <span class='ocrx_word' id='word_1_228' title='bbox 500 3873 601 3930; x_wconf 87' lang='lat' dir='ltr'>eodem</span> <span class='ocrx_word' id='word_1_229' title='bbox 614 3891 710 3930; x_wconf 87' lang='lat' dir='ltr'>errore</span> <span class='ocrx_word' id='word_1_230' title='bbox 724 3883 817 3939; x_wconf 81' lang='lat' dir='ltr'>erant,</span> <span class='ocrx_word' id='word_1_231' title='bbox 860 3872 941 3928; x_wconf 78' lang='lat' dir='ltr'>vivos</span> <span class='ocrx_word' id='word_1_232' title='bbox 955 3882 985 3929; x_wconf 95' lang='lat' dir='ltr'>et</span> <span class='ocrx_word' id='word_1_233' title='bbox 1002 3882 1142 3930; x_wconf 87' lang='lat' dir='ltr'>mortuos.</span> <span class='ocrx_word' id='word_1_234' title='bbox 1179 3871 1282 3950; x_wconf 83' lang='lat' dir='ltr'>Atque</span> <span class='ocrx_word' id='word_1_235' title='bbox 1301 3875 1364 3934; x_wconf 74' lang='lat' dir='ltr'>haec</span> 
     </span>
     <span class='ocr_line' id='line_1_32' title="bbox 318 3952 1364 4033; baseline 0.004 -22"><span class='ocrx_word' id='word_1_236' title='bbox 318 3954 433 4013; x_wconf 81' lang='lat' dir='ltr'>volebat</span> <span class='ocrx_word' id='word_1_237' title='bbox 444 3964 543 4033; x_wconf 84' lang='lat' dir='ltr'>aperte</span> <span class='ocrx_word' id='word_1_238' title='bbox 555 3953 657 4030; x_wconf 83' lang='lat' dir='ltr'>dogma</span> <span class='ocrx_word' id='word_1_239' title='bbox 669 3973 754 4011; x_wconf 90' lang='lat' dir='ltr'>suum</span> <span class='ocrx_word' id='word_1_240' title='bbox 770 3952 819 4011; x_wconf 92' lang='lat' dir='ltr'>de·</span> <span class='ocrx_word' id='word_1_241' title='bbox 860 3952 993 4021; x_wconf 82' lang='lat' dir='ltr'>dicimus,</span> <span class='ocrx_word' id='word_1_242' title='bbox 1007 3971 1072 4028; x_wconf 80' lang='lat' dir='ltr'>quae</span> <span class='ocrx_word' id='word_1_243' title='bbox 1085 3952 1247 4013; x_wconf 89' lang='lat' dir='ltr'>didicimus.</span> <span class='ocrx_word' id='word_1_244' title='bbox 1274 3955 1364 4016; x_wconf 70' lang='lat' dir='ltr'>Tunc</span> 
     </span>
     <span class='ocr_line' id='line_1_33' title="bbox 318 4034 1362 4111; baseline 0.004 -19"><span class='ocrx_word' id='word_1_245' title='bbox 318 4034 446 4093; x_wconf 88' lang='lat' dir='ltr'>fendere.</span> <span class='ocrx_word' id='word_1_246' title='bbox 483 4034 578 4106; x_wconf 90' lang='lat' dir='ltr'>Quem</span> <span class='ocrx_word' id='word_1_247' title='bbox 600 4053 700 4092; x_wconf 85' lang='lat' dir='ltr'>rursus</span> <span class='ocrx_word' id='word_1_248' title='bbox 724 4054 820 4092; x_wconf 80' lang='lat' dir='ltr'>aecer.</span> <span class='ocrx_word' id='word_1_249' title='bbox 860 4034 948 4092; x_wconf 90' lang='lat' dir='ltr'>istum</span> <span class='ocrx_word' id='word_1_250' title='bbox 968 4034 1134 4092; x_wconf 86' lang='lat' dir='ltr'>convictum</span> <span class='ocrx_word' id='word_1_251' title='bbox 1153 4035 1304 4111; x_wconf 84' lang='lat' dir='ltr'>ejecerunt</span> <span class='ocrx_word' id='word_1_252' title='bbox 1324 4055 1362 4096; x_wconf 84' lang='lat' dir='ltr'>ex</span> 
     </span>
     <span class='ocr_line' id='line_1_34' title="bbox 317 4113 1362 4195; baseline 0.002 -21"><span class='ocrx_word' id='word_1_253' title='bbox 317 4117 405 4174; x_wconf 86' lang='lat' dir='ltr'>situm</span> <span class='ocrx_word' id='word_1_254' title='bbox 420 4114 580 4195; x_wconf 76' lang='lat' dir='ltr'>presbyteri</span> <span class='ocrx_word' id='word_1_255' title='bbox 595 4113 816 4193; x_wconf 79' lang='lat' dir='ltr'>redarguerunt.</span> <span class='ocrx_word' id='word_1_256' title='bbox 857 4113 978 4173; x_wconf 83' lang='lat' dir='ltr'>ecclesis</span> <span class='ocrx_word' id='word_1_257' title='bbox 986 4115 1036 4191; x_wconf 93' lang='lat' dir='ltr'>qui</span> <span class='ocrx_word' id='word_1_258' title='bbox 1049 4134 1085 4173; x_wconf 89' lang='lat' dir='ltr'>eo</span> <span class='ocrx_word' id='word_1_259' title='bbox 1099 4114 1258 4175; x_wconf 80' lang='lat' dir='ltr'>inflationis</span> <span class='ocrx_word' id='word_1_260' title='bbox 1267 4119 1362 4186; x_wconf 83' lang='lat' dir='ltr'>venit,</span> 
     </span>
     <span class='ocr_line' id='line_1_35' title="bbox 319 4194 1199 4272; baseline 0.001 -19"><span class='ocrx_word' id='word_1_261' title='bbox 319 4196 374 4255; x_wconf 88' lang='lat' dir='ltr'>Ille</span> <span class='ocrx_word' id='word_1_262' title='bbox 394 4217 462 4255; x_wconf 88' lang='lat' dir='ltr'>vero</span> <span class='ocrx_word' id='word_1_263' title='bbox 480 4195 640 4262; x_wconf 74' lang='lat' dir='ltr'>resistebat,</span> <span class='ocrx_word' id='word_1_264' title='bbox 663 4195 815 4272; x_wconf 88' lang='lat' dir='ltr'>inquiens:</span> <span class='ocrx_word' id='word_1_265' title='bbox 859 4206 892 4254; x_wconf 85' lang='lat' dir='ltr'>ut</span> <span class='ocrx_word' id='word_1_266' title='bbox 907 4195 1009 4254; x_wconf 84' lang='lat' dir='ltr'>docere</span> <span class='ocrx_word' id='word_1_267' title='bbox 1023 4194 1199 4255; x_wconf 85' lang='lat' dir='ltr'>institueret.</span> 
     </span>
    </p>

    <p class='ocr_par' dir='ltr' id='par_1_6' title="bbox 320 4275 817 4354">
     <span class='ocr_line' id='line_1_36' title="bbox 320 4275 817 4354; baseline 0.002 -21"><span class='ocrx_word' id='word_1_268' title='bbox 320 4277 400 4347; x_wconf 88' lang='lat' dir='ltr'>Quid</span> <span class='ocrx_word' id='word_1_269' title='bbox 415 4276 505 4354; x_wconf 83' lang='lat' dir='ltr'>igitur</span> <span class='ocrx_word' id='word_1_270' title='bbox 516 4275 584 4334; x_wconf 81' lang='lat' dir='ltr'>muli</span> <span class='ocrx_word' id='word_1_271' title='bbox 595 4275 668 4334; x_wconf 79' lang='lat' dir='ltr'>facio</span> <span class='ocrx_word' id='word_1_272' title='bbox 679 4277 703 4334; x_wconf 91' lang='lat' dir='ltr'>si</span> <span class='ocrx_word' id='word_1_273' title='bbox 718 4275 817 4334; x_wconf 86' lang='lat' dir='ltr'>Chris-</span> 
     </span>
    </p>
   </div>
   <div class='ocr_carea' id='block_1_6' title="bbox 0 0 1450 4817">
    <p class='ocr_par' dir='ltr' id='par_1_7' title="bbox 0 0 1450 4817">
     <span class='ocr_line' id='line_1_37' title="bbox 0 0 1450 4817; baseline 0 0"><span class='ocrx_word' id='word_1_274' title='bbox 0 0 1450 4817; x_wconf 95' lang='lat' dir='ltr'> </span> 
     </span>
    </p>
   </div>
  </div>
 </body>
</html>
