2867 4817
182 360 402 427 CANONES
424 364 609 430 NICAENI
634 366 822 433 CONOIL.
845 368 1066 434 UNIVERS.
1110 372 1173 440 ³71

520 644 704 721 KANQN
733 646 776 722 Β.

175 798 324 899 Ἐπειδὴ
341 799 469 883 πολλὰ
485 802 564 901 ἤτοι
582 798 650 881 ieri
669 798 829 905 ἀνάγκης
846 800 869 903 ἢ
892 803 1016 888 ἄλλως
1035 805 1172 907 ἐπειγο-

115 928 237 1027 μένωυ
254 934 327 1008 τῶν
351 928 549 1033 ἀνθρώπων
569 928 707 1028 ἐγένετο
734 928 834 1034 παρὰ
861 928 924 1011 τὸν
948 930 1083 1012 κανόνα
1108 930 1172 1014 τὸν

115 1054 431 1155 ἐκκλησιαστυεὸν,
459 1054 554 1137 ὥστε
582 1056 793 1160 ἀνθρώπους
819 1056 892 1138 ἀπὸ
924 1061 1063 1139 ε’θνικοῦ
1088 1062 1171 1154 βίου

86 1184 201 1285 εᾶρτὶ
226 1180 499 1285 προσελθόντας
524 1189 570 1290 τῇ
596 1184 734 1281 πίστει,
761 1190 821 1264 καὶ
847 1186 886 1265 ἐν
914 1186 1029 1293 ὀλίγῳ
1050 1184 1169 1297 χρόνῳ

113 1309 396 1414 κατηχηθέντας,
436 1306 539 1394 εὐθὺς
567 1311 626 1388 ἐπὶ
661 1307 703 1389 τὸ
739 1310 977 1411 πνευματικὸν
1014 1312 1169 1419 λουτρὸν

112 1438 228 1540 ἄγειν,
246 1440 305 1518 καὶ
331 1435 406 1537 ἅμα
429 1442 480 1545 τῷ
509 1440 758 1537 βαπτισθῆναι
783 1436 984 1543 προσάγειν
1012 1446 1059 1525 είς
1087 1444 1164 1522 ἔτι·

111 1563 276 1665 σκοπὴν,
296 1562 319 1666 ἢ
338 1571 387 1650 εἰς
407 1562 677 1667 πρεσβυτέρων·
706 1572 827 1649 καλῶς
854 1566 976 1674 ἔδοξεν
994 1568 1086 1673 ἔχειν
1104 1579 1168 1650 τοῦ

111 1700 246 1773 λοιποῦ
263 1692 374 1794 μηδὲν
392 1700 529 1772 τοιοῦτο
547 1692 722 1795 γίνεσθαι.
770 1696 829 1772 καὶ
856 1693 1009 1798 γὰρκαὶ
1035 1695 1168 1801 χρόνου

65 1826 171 1901 10δεῖ
184 1825 237 1928 τῷ
255 1820 522 1929 κατηχουμένῳ,
543 1823 602 1900 καὶ
629 1818 720 1918 μετὰ
741 1816 784 1899 τὸ
801 1818 996 1922 βάπτισμα
1014 1825 1161 1924 δοκιμα-

109 1950 197 2033 σίας
215 1949 392 2033 πλείονος.
442 1946 561 2053 σαφὲς
587 1944 659 2050 γὰρ
685 1945 729 2026 τὸ
752 1945 997 2028 ἀποοτολικδν
1015 1948 1165 2054 γράμμα

108 2078 154 2158 τὸ
173 2076 299 2179 λόγον,
323 2075 429 2176 Μηδὲ
449 2072 631 2181 νεόφυτον,
648 2074 707 2155 ἵνα
723 2072 774 2175 μὴ
796 2078 972 2181 τυφωθεὶς
990 2082 1038 2160 εἰς
1056 2081 1165 2181 κρίμα

107 2206 254 2311 ἐμπείτῃ
268 2208 327 2284 καὶ
344 2204 481 2307 παγίδα
498 2210 563 2282 τοῦ
581 2200 766 2297 διαβόλου·
798 2207 827 2281 εἰ
846 2201 885 2281 δὲ
901 2202 1089 2307 προϊόντος
1100 2215 1165 2288 τοῦ

107 2328 244 2439 χρόνου
262 2328 420 2439 ψυχικόν
437 2364 472 2410 τι
491 2326 684 2433 ἁμάρτημα
709 2330 863 2432 εὑρεθείη
881 2332 962 2434 περὶ
979 2326 1022 2410 τὸ
1039 2330 1161 2434 πρόσ-

62 2492 95 2553 ¹5
108 2496 221 2557 ωπον,
240 2463 299 2540 καὶ
326 2459 510 2564 ἐλέγχοιτο
538 2454 607 2537 ὑπὸ
626 2456 690 2536 δύο
707 2454 731 2557 ἢ
750 2464 857 2561 τριῶν
873 2454 1076 2561 μαρτύρων,
1093 2493 1159 2540 πε·

105 2587 265 2669 παθσθω
294 2589 314 2667 ὁ
339 2596 497 2670 τοιοῦτος
521 2592 586 2665 τοῦ
618 2582 766 2689 κλήρου.
812 2585 832 2663 ὁ
862 2583 900 2665 δὲ
924 2583 1023 2690 παρὰ
1049 2596 1163 2667 ταῦτα

103 2723 236 2813 ποιῶν,
266 2720 315 2799 ὡς
338 2715 527 2795 ἰοτεναντία
557 2719 603 2817 τῇ
632 2711 776 2818 μεγάλῃ
808 2712 950 2821 συνόδῳ
978 2715 1159 2817 θρασυνό-

101 2879 223 2945 μενος,
241 2842 347 2928 αότὸς
365 2840 581 2922 κινδυνεύσει
599 2841 681 2944 περὶ
698 2837 762 2920 τὸν
779 2843 928 2945 κλῆρον.

249 3144 401 3205 ennon
422 3145 466 3203 11·
651 3097 1157 3258 bbssfbbbttt‘ttbbtt

145 3260 295 3333 Quoniam
316 3257 401 3338 plura
418 3268 470 3316 aut
487 3276 540 3337 per
559 3276 608 3314 ne·
651 3260 804 3337 scriptura,
818 3278 883 3335 que
897 3258 987 3331 dicim
1009 3279 1068 3318 non
1085 3278 1156 3318 neo.

101 3342 279 3411 cessitatem,
291 3350 343 3398 aut
355 3338 425 3397 aliae
440 3336 610 3415 cogentibus
651 3339 786 3418 phytum,
801 3360 838 3396 nc
859 3340 888 3397 in
910 3340 1074 3419 superbiam
1096 3340 1156 3399 ela-

101 3421 281 3490 hominibus,
299 3420 437 3478 adversus
458 3416 607 3477 ecclesias·
649 3432 698 3480 tua
733 3419 764 3477 in
796 3419 939 3497 judicium
976 3421 1095 3487 incidat,
1123 3430 1156 3480 et

100 3504 190 3562 ticam
214 3502 293 3560 facta
320 3509 388 3559 eunt
411 3498 550 3577 regulam,
574 3507 608 3555 ut
650 3501 785 3578 laqueum
800 3499 916 3559 diaboli.
959 3500 991 3559 Si
1003 3521 1072 3559 vero
1085 3521 1153 3581 pro-

99 3582 236 3642 heminee
256 3600 294 3640 ex
314 3579 416 3660 gentili
434 3580 495 3638 vita
515 3597 609 3657 nuper
650 3601 733 3641 cessa
766 3581 907 3659 temporie
944 3580 1063 3658 aliquod
1101 3580 1153 3640 de.

99 3662 320 3723 accedenteaad
336 3660 607 3727 fidem.etinatruc·
650 3661 752 3721 lictum
775 3660 878 3718 anime
900 3662 975 3721 cirea
998 3680 1153 3741 personam

99 3755 149 3803 toa
162 3743 243 3802 brevi
263 3755 404 3821 ternpore,
420 3760 487 3799 mox
509 3739 545 3798 ad
565 3738 607 3797 la·
648 3742 810 3821 reperiatur
823 3740 1001 3817 hujusmodi,
1013 3741 1154 3801 etaduo·

99 3843 222 3883 vacrum
250 3822 380 3903 spiritale
401 3821 603 3901 perducerent,
648 3824 702 3881 bur
723 3820 769 3879 vel
790 3820 884 3881 tribue
905 3822 1030 3881 testibus
1050 3840 1154 3901 argua-

99 3904 256 3981 eimulque,
270 3914 304 3961 ut
319 3902 459 3981 baptizati
476 3912 554 3970 aunt,
569 3899 606 3958 ad
648 3914 714 3963 tur:
736 3900 844 3960 aclero
857 3902 925 3962 talis
937 3902 1091 3961 abstineat.
1119 3900 1152 3961 Si

98 3986 311 4080 episcopatum,
330 3982 377 4041 vel
397 3982 432 4041 ad
455 3981 603 4063 presbyte-
647 3982 713 4061 quia
726 3992 825 4041 autern
839 3996 945 4062 preter
963 3984 1025 4042 haee
1039 3983 1151 4051 fecerit,

98 4086 177 4124 rrum
190 4075 441 4144 promoverentw
463 4064 533 4122 time
543 4064 605 4143 pla·
648 4063 731 4142 quasi
758 4073 859 4122 contra
889 4083 1027 4143 magnum
1055 4064 1151 4123 conci·

98 4147 172 4215 cuit,
188 4144 262 4203 nihil
276 4144 335 4205 tale
349 4143 386 4203 de
407 4082 520 4222 reiiquo
535 4142 606 4202 fieri.
647 4144 720 4202 lium
734 4162 765 4202 ae
779 4142 918 4204 efferens:
941 4147 1004 4225 ipae
1018 4144 1054 4203 de
1067 4144 1152 4204 cleri·

98 4226 177 4285 Nam
202 4236 232 4285 et
257 4236 387 4305 ternpore
408 4245 482 4305 opus
503 4236 547 4283 eat
566 4225 604 4290 ei,
648 4236 730 4284 catus
744 4223 853 4285 honore
867 4225 1089 4307 periclitabitur.

96 4308 148 4384 qui
170 4306 379 4373 catechizatur,
398 4318 429 4365 et
450 4316 515 4385 post
537 4305 606 4385 bap·
