2867 4817
350 357 414 421 DE
438 357 694 421 IDOLORUM
722 358 983 422 VANITATE.
1130 361 1193 426 275

138 531 407 625 disciplinaeque
436 534 569 603 arbiter
598 543 636 603 et
665 537 835 629 magister
861 533 987 605 Sermo
1017 543 1054 604 et
1082 533 1192 605 Filius

138 647 210 721 Dei
231 651 400 731 mittitur,
422 652 483 742 qui
504 672 569 743 per
590 650 781 744 prophetas
803 673 926 721 omnes
947 659 1041 721 retro
1063 649 1192 722 illumi-

136 773 244 837 nator
259 773 298 836 et
310 765 485 837 deductor
499 767 647 837 humani
659 768 799 860 generis
816 767 1084 860 praedicabatur.
1121 766 1192 837 Hic

135 890 193 952 est
210 883 325 951 virtus
346 878 427 963 Dei,
443 882 503 953 hic
524 885 625 966 ratio,
642 883 701 954 hic
720 885 892 977 sapientia
913 885 989 977 ejus
1011 892 1049 955 et
1071 883 1191 979 gloria.

108 997 212 1077 sHic
228 999 268 1068 in
291 998 464 1092 virginem
487 999 674 1083 delabitur,
695 1023 839 1071 carnem
864 999 1016 1093 Spiritus
1040 1000 1192 1072 Sanctus

135 1115 310 1198 induitur,
341 1112 440 1186 Deus
470 1140 553 1187 cum
582 1118 729 1188 homine
757 1119 937 1188 miscetur.
990 1115 1062 1188 Hic
1093 1117 1192 1188 Deus

135 1239 270 1314 noster,
295 1230 353 1301 hic
380 1231 543 1305 Christus
567 1243 631 1317 est,
658 1235 720 1326 q'ui
741 1235 918 1305 mediator
942 1235 1103 1317 duorum,
1129 1233 1193 1303 ho-

134 1349 274 1419 minem
298 1349 425 1433 induit,
452 1373 558 1442 quem
587 1351 759 1443 perducat
789 1351 834 1422 ad
865 1351 1020 1422 Patrem.
1085 1350 1190 1435 Quod

135 1465 247 1536 homo
278 1476 334 1537 est
363 1489 441 1537 esse
470 1466 633 1537 Christus
662 1467 787 1550 voluit,
813 1476 918 1538 utet
948 1468 1055 1538 homo
1082 1468 1193 1559 possit

90 1605 216 1654 roesse
233 1583 329 1676 quod
347 1583 509 1654 Christus
525 1592 590 1654 est.
634 1584 804 1655 Sciebant
817 1592 855 1654 et
871 1582 991 1655 Judaei
1010 1583 1191 1654 Christum

135 1721 215 1770 esse
232 1709 434 1770 venturum.
481 1699 578 1770 Nam
594 1701 654 1771 hic
670 1700 741 1771 illis
759 1723 899 1794 semper
915 1700 1096 1793 prophetis
1114 1723 1190 1770 mo-

134 1815 307 1887 uentibus
323 1817 609 1887 adnuntiabatur.
658 1815 731 1888 Sed
750 1817 947 1911 significato
965 1817 1098 1910 duplici
1116 1817 1191 1909 ejus

134 1935 307 2016 adventu,
324 1957 396 2005 uno
414 1934 475 2025 qui
497 1933 669 2003 exercitio
692 1942 731 2004 et
754 1932 919 2027 exemplo
942 1933 1095 2003 hominis
1112 1933 1192 2004 fun-

133 2059 292 2144 geretur,
309 2049 423 2121 altero
440 2051 500 2141 qui
524 2048 644 2119 Deum
666 2051 848 2132 fateretur,
867 2073 937 2121 non
958 2050 1191 2144 intelligendo

89 2191 97 2228 ι
105 2190 122 2247 5
134 2167 293 2259 primum
305 2166 510 2247 adventum,
524 2166 584 2258 qui
602 2167 639 2235 in
651 2169 813 2259 passione
826 2169 1007 2261 praecessit
1020 2167 1190 2250 occultus,

133 2305 250 2352 uuum
277 2289 418 2354 tantum
447 2283 597 2353 credunt
622 2284 682 2375 qui
713 2284 782 2353 erit
812 2285 848 2353 in
876 2293 1053 2376 potestate
1080 2287 1192 2356 mani-

130 2399 257 2470 festus.
301 2398 407 2483 Quod
424 2407 546 2469 autem
567 2399 636 2470 hoc
657 2399 866 2470 Judaeorum
888 2401 1040 2494 populus
1060 2401 1190 2471 intelli-

133 2539 221 2610 gere
238 2537 311 2584 non
327 2516 456 2607 potuit,
473 2514 685 2586 delictorum
701 2517 871 2586 meritum
889 2517 967 2587 fuit.
1011 2517 1072 2588 Sic
1089 2529 1189 2593 erant

134 2631 321 2724 sapientire
347 2640 385 2703 et
412 2630 660 2725 intelligentiae
686 2633 852 2703 coecitate
882 2634 1035 2718 multati,
1062 2639 1188 2728 utqui

84 2749 212 2822 corita
231 2747 368 2842 indigni
391 2757 510 2819 essent
531 2748 704 2819 haberent
729 2751 838 2820 vitam
861 2759 945 2822 ante
970 2750 1100 2835 oculos,
1122 2777 1188 2823 nec

135 2865 310 2936 viderent.

187 2981 278 3054 Vll.
296 2983 423 3076 Itaque
441 3006 523 3054 cum
540 2981 703 3054 Christus
720 2983 744 3055 J
746 3009 835 3069 esus,
854 2987 1048 3056 secundum
1071 3009 1187 3080 apro-

134 3099 254 3192 phetis
271 3109 355 3171 ante
371 3101 552 3193 praedicta,
565 3100 673 3172 verbo
686 3110 725 3171 et
738 3103 833 3173 vocis
850 3103 997 3195 imperio
1011 3103 1187 3174 daemonia

134 3218 181 3286 de
201 3216 405 3288 hominibus
425 3225 621 3300 excuteret,
644 3217 854 3312 paralyticos
875 3220 1112 3313 restringeret,
1135 3218 1186 3289 le-

85 3357 257 3427 25prosos
282 3343 458 3429 purgaret,
481 3333 698 3406 illuminaret
721 3359 845 3420 coecos
869 3336 1003 3408 claudis
1024 3361 1184 3432 gressum

134 3453 246 3534 daret,
281 3461 440 3523 mortuos
469 3475 588 3523 rursus
622 3453 804 3536 animaret,
834 3463 978 3548 cogeret
1012 3455 1078 3524 sibi
1113 3455 1184 3524 ele-

133 3579 257 3640 menta
274 3569 446 3652 famulari,
460 3570 589 3639 servire
606 3579 742 3652 ventos,
759 3573 870 3642 maria
886 3572 1039 3654 obedire,
1053 3573 1182 3642 inferos

133 3687 273 3770 cedere,
296 3685 422 3771 Judoei,
446 3687 506 3779 qui
529 3686 631 3756 illum
652 3688 874 3758 crediderant
898 3688 1080 3758 hominem
1106 3697 1184 3758 tan-

133 3811 213 3873 tum
237 3804 284 3873 de
309 3802 513 3873 humilitate
538 3805 652 3873 carnis
677 3813 714 3874 et
740 3807 903 3899 corporis,
931 3806 1183 3877 existimabant

82 3943 280 4016 3omagnm
298 3922 344 3992 de
360 3921 504 3992 licentia
519 3922 716 4013 potestatis.
758 3921 866 3994 Hunc
883 3925 1041 4018 magistri
1059 3947 1181 3994 corum

132 4045 242 4130 atque
271 4038 452 4129 primores,
481 4037 550 4107 hoc
579 4047 644 4121 est,
672 4061 760 4131 quos
789 4049 826 4110 et
856 4042 1016 4112 doctrina
1048 4040 1109 4111 ille
1144 4051 1182 4110 ct

133 4155 309 4246 sapientia
348 4154 559 4238 revincebat,
598 4159 735 4226 accensi
776 4159 827 4227 ira
865 4167 902 4228 et
938 4158 1181 4253 indignatione

134 4271 315 4362 provocati
333 4271 483 4341 insecuti
499 4280 592 4353 sunt,
606 4283 642 4342 et
660 4283 838 4365 postremo
852 4275 1039 4345 detentum
1054 4275 1182 4346 Pontio

136 4385 266 4469 Pilato,
292 4389 351 4478 qui
381 4395 466 4457 tunc
496 4411 543 4458 ex
573 4397 672 4480 parte
701 4390 862 4460 Romana
893 4391 1029 4484 Syriam
1059 4417 1184 4486 procu-

624 4527 650 4576 Ν
667 4513 732 4577 112
