2867 4817
457 304 603 369 LIBER
627 306 821 372 PRIMUS.
1090 308 1161 379 26¹7

112 476 220 569 Ergo
236 479 331 551 istu'd
354 488 482 551 munus
505 480 575 553 Dei
597 485 706 575 petris
729 492 768 554 et
789 484 926 555 donum
939 497 1003 570 at,
1020 496 1062 557 ut
1083 489 1161 559 infi-

111 595 201 665 -nite'
210 597 403 667 meruerint
415 598 525 669 iidem·
536 620 611 669 esse
627 623 697 692 per
707 598 842 683 saeeuln,
856 622 937 671 eum
951 602 1022 673 sint
1037 602 1162 676 labiles

115 711 358 807 'solubilesque
377 722 513 785 nature

114 880 119 885 -
174 829 323 901 XXIX.
345 829 467 924 Atque
489 834 626 903 utinam
652 834 803 905 duretur·
818 837 856 905 in
881 836 986 907 unius
1007 838 1162 931 speeiem

114 948 300 1019 'eonoionis
325 956 402 1019 to'to
428 948 513 1019 orbe
538 957 720 1019 oontrneto
747 952 904 1021 oratione
932 952 1000 1023 hso
1027 956 1092 1037 uti,
1124 964 1163 1026 et

111 1064 266 1137 humani
292 1066 329 1135 in
348 1068 486 1160 generis
509 1066 688 1139 audientia
709 1066 883 1139 oollooori.
923 1069 1075 1165 ‘Ergone
1097 1070 1163 1143 im·

117 1182 187 1275 piae
211 1182 389 1276 religionis
414 1205 534 1253 sumus
562 1186 657 1277 opud
687 1206 750 1255 vos
775 1186 837 1268 rei,
861 1195 901 1255 et
931 1189 1025 1279 qnod
1048 1197 1162 1282 'ceput

119 1305 237 1369 reru'm
263 1308 301 1369 et
330 1297 495 1371 columen
524 1300 782 1372 venerabilibus
805 1302 943 1373 odimus
956 1330 961 1339 ·
974 1304 1159 1397 obsequiis,

118 1424 161 1487 ut
188 1416 342 1486 convitio
365 1424 507 1487 utemur
530 1426 656 1499 vestro,
681 1418 824 1489 infausti
847 1428 885 1489 et
906 1420 1004 1491 ethei
1026 1445 1162 1493 nuneu-

114 1533 267 1624 pamm?
313 1532 362 1603 Et
391 1534 469 1627 quis
498 1533 609 1629 magis
638 1534 770 1605 rectius
796 1535 922 1607 horum
952 1537 1043 1609 feret
1072 1539 1162 1609 invi-

118 1648 213 1719 diam
247 1650 440 1735 nominum,
466 1674 571 1743 quem
602 1652 661 1744 qui
692 1651 801 1722 elium
830 1676 901 1745 prae
929 1654 998 1724 hoe
1028 1654 1159 1741 Deum,

113 1776 181 1837 eut
207 1768 315 1851 novit,
341 1778 405 1838 eut
429 1768 638 1851 sciscitetur·
657 1778 721 1841 eut
747 1768 898 1840 credite
919 1770 1050 1842 Nonne
1076 1772 1160 1845 huie

118 1906 242 1955 ornnes
266 1886 436 1957 debemus
465 1885 533 1956 hoo
562 1886 678 1979 ipsum
707 1886 861 1978 primum
892 1889 986 1979 quod
1014 1891 1159 1963 sumus?

111 2003 212 2094 quod
237 2024 314 2073 esse
339 2002 499 2073 homines
521 2002 693 2075 dicimur?
721 2002 816 2095 quod
840 2003 886 2074 eb
903 2028 947 2074 eo
970 2005 1026 2076 vel
1052 2008 1158 2091 missi,

118 2118 175 2189 vel
209 2116 297 2211 lapsi
326 2120 485 2191 eaeeitete
518 2119 623 2212 hujus
656 2118 693 2189 in
727 2121 880 2212 eorporis
913 2122 1158 2195 continemur?

118 2234 157 2305 N
158 2260 205 2307 ou
227 2236 549 2329 quod'inoedimus,
567 2236 854 2328 quodspirumus
876 2246 914 2307 et
934 2236 1096 2322 vivimus,
1112 2239 1158 2310 ab

111 2376 160 2425 eo
183 2354 229 2425 ad
245 2377 310 2426 nos
326 2356 442 2438 venit3
472 2356 577 2447 rique
597 2354 673 2445 ipsa
695 2354 836 2423 vivendi
859 2353 967 2425 effioit
986 2376 1051 2425 nos
1071 2376 1158 2441 esse,

115 2480 154 2541 et
167 2471 313 2543 enimnii
331 2472 524 2566 agitatione
535 2470 686 2541 moturi?
714 2469 846 2542 Nonne
861 2471 908 2541 sb
924 2471 1158 2543 hoo'effluunt

111 2612 239 2672 osusae,
256 2613 320 2682 per
334 2612 422 2681 quus
438 2598 558 2659 nostre
573 2586 722 2659 firloitur
743 2585 835 2657 sulus
852 2588 1026 2660 veriorum
1042 2589 1158 2659 muni·

111 2706 258 2779 fioentie
283 2706 531 2800 voluptatum?
568 2704 728 2775 Mundus
754 2706 823 2775 iste
850 2706 887 2774 in
917 2729 988 2798 quo
1017 2706 1156 2800 degitis,

116 2826 216 2918 eujus
251 2824 331 2895 esti
365 2832 430 2895 eut
459 2823 536 2915 quis
563 2823 639 2914 ejus
672 2820 773 2891 vobis
805 2822 969 2892 attribuit
1000 2822 1156 2895 fruetum

115 2939 438 3031 possessionemque
471 2934 647 3007 retineret
688 2934 789 3018 Quis,
819 2945 860 3006 ut
894 2936 1070 3029 subjectas
1101 2960 1157 3009 res

110 3076 269 3138 eernere,
288 3062 329 3125 ut
345 3062 576 3136 contrectare,
593 3062 635 3123 ut
652 3050 872 3123 considerare
894 3054 1158 3147 possetispub-

113 3170 222 3243 lioum
252 3170 341 3243 illud
375 3169 495 3241 lumen
525 3168 648 3240 dediti
692 3167 792 3251 Quis,
825 3191 872 3237 ne
892 3168 976 3238 fixa
1007 3170 1156 3264 pigritie

111 3298 258 3382 stupore
291 3293 533 3381 torpescerent
567 3286 744 3357 elemento
772 3284 903 3367 vitalia,
932 3285 1016 3357 solis
1043 3289 1156 3381 igneis

111 3406 298 3477 constituit
338 3407 383 3476 ed
416 3426 534 3475 rerum
574 3404 793 3473 incrementa
831 3402 991 3474 tuturos?
1034 3402 1154 3475 Solem

113 3526 221 3595 ¹deum
254 3546 337 3593 enm
371 3544 448 3593 esse
486 3521 646 3603 credetis,
681 3518 901 3589 conditorem
938 3522 1023 3613 ejus,
1056 3522 1155 3615 opis

115 3662 262 3733 oemque
284 3664 355 3710 non
379 3638 558 3731 quaeritis?
589 3636 692 3707 Luna
708 3658 791 3706 eum
812 3637 905 3730 apud
922 3660 985 3708 ros
1008 3638 1076 3709 dee
1096 3638 1153 3721 sit,

114 3782 184 3828 non
209 3756 371 3829 similiter
395 3757 484 3827 seire
507 3755 637 3826 curetis
653 3754 793 3847 genitor
814 3755 890 3846 ejus
907 3764 945 3825 et
967 3755 1155 3826 fabricator

113 3876 190 3965 quis
207 3874 277 3946 sit?

164 3990 291 4061 XXX.
311 3989 442 4061 Nonne
459 3988 625 4083 cogitatio
643 4012 705 4059 vos
727 3989 822 4060 subit
840 3990 1066 4073 considerare,
1083 3990 1152 4061 dis-

111 4108 258 4199 quirere,
284 4109 322 4178 in
347 4108 427 4199 cuja
451 4108 668 4199 possessione
699 4105 907 4177 versemini?
941 4107 1022 4198 euje
1048 4107 1085 4177 in
1113 4128 1152 4177 re

113 4226 210 4297 sitis?
241 4226 339 4317 eujus
363 4225 430 4294 iste
452 4225 507 4305 sit,
525 4246 630 4315 quum
654 4223 810 4318 iutigntis
832 4222 949 4293 terra?
978 4224 1077 4315 eujus
1093 4226 1153 4293 uer

580 4358 605 4399 M
624 4359 652 4399 m
671 4356 688 4401 2
