2867 4817
447 338 515 402 DE
538 337 800 402 ORATIONE.
1086 338 1150 405 119

118 513 243 583 Israelis
266 512 460 606 disciplina,
486 536 533 583 ne
560 514 678 583 minus
702 523 760 584 ter
790 513 847 583 die
877 510 1003 582 saltem
1030 510 1153 582 ndore-

115 653 193 711 mus,
217 630 394 701 debitores
421 628 548 711 Patris,
574 639 612 698 et
642 628 733 711 Filii,
761 637 799 699 et
829 628 983 721 Spiritus
1014 627 1149 699 Sancti.

115 744 273 838 Exceptis
295 748 421 838 utique
443 745 613 841 legitimis
632 746 860 828 orationibus
878 769 959 837 quae
982 745 1058 814 sine
1078 742 1151 813 ulla

113 863 343 933 admonitione
360 863 537 934 debentur
556 864 716 957 ingressu
737 861 826 932 lucis
843 870 880 931 et
901 862 1025 931 noctis.
1078 859 1151 930 Sed

90 987 146 1059 set
167 980 283 1051 cibum
310 1003 382 1050 non
408 981 505 1073 prius
527 1002 675 1063 sumere,
693 976 936 1050 et'lavecrum
960 1001 1031 1048 non
1056 980 1152 1070 prius

112 1096 207 1177 adire,
220 1120 328 1188 quam
342 1098 552 1189 interposita
563 1098 732 1179 oratione,
745 1094 869 1166 fideles
882 1094 996 1165 decet.
1031 1088 1153 1164 Priora

112 1214 198 1282 enim
213 1212 379 1285 habenda
391 1221 474 1283 sunt
491 1214 633 1307 spiritus
646 1213 827 1306 refrigeria
840 1219 878 1281 et
894 1210 1033 1306 pabula,
1047 1232 1152 1303 quem

112 1331 223 1412 earnis,
240 1340 279 1400 et
295 1332 415 1423 priore
430 1330 597 1413 ooelestia,
614 1353 722 1422 qnam
736 1337 885 1399 terrene.

155 1444 315 1516 Fratrem
340 1448 486 1518 domum
509 1456 609 1517 tuem
631 1448 884 1540 introgressum
908 1468 953 1514 ne
979 1446 1054 1515 sine
1077 1468 1153 1513 ore-
1195 1460 1281 1509 car

75 1562 200 1633 sotione
214 1564 401 1634 dimiseris
453 1564 598 1646 Vidisti,
619 1566 745 1656 inquit,
762 1563 917 1644 fratrem,
936 1562 1054 1632 vidisti
1079 1560 1152 1630 Do·
1160 1526 1288 1642 nexssq
1260 1608 1315 1640 mm

109 1680 237 1749 minum
272 1690 389 1763 tuum,
420 1682 577 1752 maxime
614 1682 798 1762 advenam,
827 1677 902 1768 (sab
884 1676 1065 1750 boudiend.
1092 1676 1153 1747 ad·
1160 1659 1275 1721 ὤμ’·

110 1801 226 1889 verte),
243 1822 290 1869 ne
313 1798 463 1891 angelus
482 1798 575 1869 forte
596 1800 643 1869 sit
660 1797 772 1888 (Heb.
785 1794 860 1867 'xiii
880 1800 941 1889 2.).
995 1795 1065 1865 Sed
1088 1817 1154 1863 nec

110 1913 178 2006 ipse
192 1938 215 1983 a
230 1915 401 1985 fratribus
418 1917 571 1985 exemtis
588 1913 681 2009 (for.
698 1917 886 2007 exceptus)
904 1914 1019 2006 priore
1031 1912 1155 1982 fecerit

111 2029 196 2124 (for.
221 2033 365 2123 feceris)
390 2032 571 2126 refrigeria
597 2042 737 2103 tenena
767 2029 988 2102 coelestibus!
1023 2028 1154 2099 Statim

74 2148 197 2235 rsenim
215 2148 441 2241 judicabitur
464 2146 558 2243 (sor.
583 2148 811 2241 indicabitur)
838 2148 926 2217 fides
951 2156 1023 2216 tua.
1076 2142 1154 2214 Aut

109 2267 280 2355 quomodo
297 2266 495 2336 secundum
511 2274 732 2360 praeceptum
746 2265 849 2354 (Luc.
861 2288 896 2335 x.
908 2268 969 2357 5.),
982 2286 1059 2359 poe
1075 2260 1156 2332 huic

110 2378 221 2451 domei
244 2383 355 2464 diees,
380 2384 446 2452 nisi
472 2391 510 2453 et
535 2383 596 2464 eis,
625 2384 685 2475 qui
713 2383 751 2451 in
781 2382 887 2452 domo
913 2389 1007 2463 sunt,
1030 2402 1154 2473 pacem

109 2507 263 2569 mutuam
281 2499 434 2571 reddas?

155 2616 440 2711 Diligentiores
430 2641 467 2686 ιιι
488 2616 620 2688 orendo
642 2618 889 2713 subjungere'
880 2642 916 2689 m
938 2614 1154 2689 orationibus
1197 2641 1281 2690 cae.

73 2732 244 2827 ioalleluja
268 2733 398 2816 solent,
415 2743 454 2805 et
476 2733 546 2804 hoc
566 2756 678 2829 genus
698 2735 862 2827 psalmos,
884 2758 1033 2827 quorum
1059 2735 1154 2806 clau·
1162 2706 1313 2835 unffi,

111 2850 189 2921 aulis
209 2851 459 2945 respondeant,
477 2852 537 2944 qui
560 2851 666 2922 simul
688 2861 782 2921 sunt.
836 2852 884 2923 Et
901 2862 955 2923 est
979 2855 1241 2953 οιιιίιιιιιιιιξξἸὤο
1210 2838 1319 2887 ‘¹⁰¹''⁸¹·

110 2970 227 3061 ntique
254 2969 463 3039 institutum
486 2992 602 3051 omne,
620 2967 716 3060 quod
732 2971 961 3062 proponendo
984 2980 1022 3041 et
1044 2970 1155 3041 hono-

112 3084 214 3153 rando
251 3083 337 3153 Deo
369 3084 552 3175 competit,
591 3089 786 3152 saturatam
823 3085 1019 3155 orationem
1055 3085 1155 3155 velut

111 3202 278 3293 optimam
306 3200 460 3270 hostiam
490 3199 680 3269 admovere
698 3196 790 3294 (sor.
819 3200 972 3291 opimam
1003 3200 1155 3272 hostiam

73 3347 102 3405 ²5
110 3314 326 3407 admovens).

158 3428 249 3502 Haec
265 3438 324 3501 est
340 3429 437 3498 enim
460 3427 577 3499 hostia
597 3427 774 3520 spiritalis,
792 3451 873 3520 quae
890 3430 1037 3521 pristina
1053 3431 1157 3501 saeri-
1201 3458 1286 3510 cap,

112 3546 186 3617 sse
205 3547 353 3619 sorevit.
398 3541 474 3634 eae
494 3542 592 3629 mres,
612 3545 739 3638 inquit,
763 3544 894 3635 (nsaiae
908 3548 930 3615 i.
946 3552 1019 3641 ιι.)
1042 3540 1157 3619 mea
1180 3526 1308 3577 fflffl·

111 3662 259 3735 tudinem
292 3661 578 3756 sacnfieiomm?
616 3658 747 3732 Plenus
780 3666 856 3732 sim
893 3660 1159 3735 holocaustoma-

112 3786 179 3849 tura
215 3778 392 3858 arietum
431 3786 464 3849 et
501 3776 638 3872 adipem
677 3800 855 3875 cyrenen,
877 3788 921 3849 et
957 3780 1159 3876 eorpuiraem

71 3902 289 3988 3otouroram
318 3904 350 3966 el
379 3891 556 3965 hircorum
584 3892 673 3965 reolo
728 3892 815 3983 Quis
850 3895 942 3966 enim
977 3895 1159 3991 requisivit

114 4011 177 4083 isra
201 4012 245 4084 de
267 4008 426 4083 monibus
448 4010 601 4082 restris?
625 4009 718 4094 Quae
742 4034 826 4105 ergo
847 4014 1027 4104 quaesierit
1049 4011 1159 4094 Deua

113 4129 333 4224 evangelium
344 4128 461 4199 docet.
501 4124 618 4197 Veniet
634 4124 731 4209 doro,
743 4128 869 4219 inquit,
883 4126 922 4218 (J
924 4152 955 4199 o.
962 4130 1072 4199 luet.
1085 4130 1159 4220 24.)

114 4268 212 4337 poam
243 4246 316 4317 reri
345 4242 545 4315 adoratores
570 4241 762 4314 αιίοιαόιιιιί
790 4242 936 4315 Putrem
965 4245 1003 4315 ire
1032 4244 1160 4339 spirite
