2867 4817
531 324 782 397 LECTORI.
1143 323 1181 395 xi

134 521 277 607 altem
306 535 485 621 auctam,
504 524 592 621 tibi,
618 520 781 621 Lector,
799 522 843 605 in
872 548 1021 604 manus
1045 520 1178 603 trado.

136 664 304 749 Etenim
343 664 592 775 synodicam
634 664 778 748 addidi
812 664 852 746 S.
872 663 1019 774 Cyrilli
1054 662 1181 746 Alex-

134 809 299 891 andrini
347 809 404 890 ad
446 806 690 892 Nestorium
734 803 978 919 Epistolam,
1023 811 1179 920 quippe

135 978 236 1061 quae,
254 981 343 1035 una
361 980 459 1035 cum
478 952 712 1036 Duodecim
732 952 816 1035 illis
834 951 1051 1064 Capitulis
1065 954 1178 1066 apud

134 1094 337 1178 Generale
356 1094 592 1180 Concilium
611 1097 769 1207 Ephesi
792 1096 919 1207 paulo
943 1111 1038 1208 post
1062 1096 1179 1181 habi-

134 1248 221 1319 tum
235 1254 406 1350 recepta
417 1252 504 1337 est3
523 1268 723 1351 quaevero
735 1242 780 1323 in
792 1241 1013 1324 Canonum
1024 1241 1178 1327 Codice

133 1378 316 1463 ecclcsiae
326 1382 532 1467 Romanae
543 1383 642 1468 huic
653 1384 912 1495 ipsiconcilio
922 1385 1178 1468 attribuitur.

134 1521 244 1613 Quid
267 1527 385 1635 quod
403 1528 688 1639 Appendicem
708 1556 877 1639 quoque
899 1529 1063 1613 duobus
1081 1530 1180 1612 auxi

133 1670 367 1777 opusculis?
391 1672 501 1755 Nam
515 1687 668 1784 praeter
682 1676 860 1785 positam
874 1676 919 1756 in
937 1702 987 1757 ea
1002 1672 1180 1757 Joannis

133 1811 398 1915 Antiocheni,
416 1818 726 1928 praesulumque
748 1818 1038 1918 Orientalium,
1059 1818 1177 1901 Fidei

133 1956 443 2043 confessionem
476 1964 529 2045 ab
561 1963 706 2045 eodem
741 1963 781 2045 S.
802 1962 960 2071 Cyrillo
992 1991 1180 2072 compro-

133 2102 297 2197 batam3
346 2132 472 2203 nune,
510 2132 605 2215 quae
643 2118 852 2217 postrema
882 2117 956 2190 'ost
997 2106 1178 2190 ecclesiae

134 2248 336 2329 universae
364 2248 419 2331 de
445 2276 621 2358 persona
639 2262 683 2333 et
711 2250 994 2333 incarnatione
1022 2250 1178 2333 Christi

132 2387 333 2489 delinitio,
361 2392 601 2476 Formulam
630 2393 752 2478 Fidei
784 2394 982 2505 subjunxi
1014 2422 1040 2475 a
1069 2394 1179 2477 Con-

133 2534 227 2617 cilio
271 2537 398 2619 Sexto
446 2534 641 2620 Generali
685 2550 830 2620 contra
876 2536 1178 2620 Monothelitas

133 2678 302 2761 editam.
362 2679 487 2768 Quod
513 2682 546 2763 si
575 2680 673 2763 addi
699 2680 779 2763 ista
796 2678 1017 2777 debuisset,
1036 2692 1176 2762 tamen

133 2848 298 2905 neoesse
330 2850 593 2933 nequaquam
630 2825 714 2907 fuit
746 2824 960 2907 catholicae
993 2823 1179 2906 veritatis

133 2964 256 3047 causti
274 2966 394 3049 Fidei
410 2968 594 3077 proferre
611 2967 850 3051 Formulam
872 2968 1022 3059 Quinti
1043 2968 1180 3049 Gene-

134 3108 255 3204 ralis3
287 3110 444 3222 quippe
471 3124 639 3195 tantum
668 3140 754 3195 nou
782 3140 948 3196 omnem
977 3124 1178 3194 versatam

134 3252 177 3334 in
201 3256 546 3338 condemnatione
571 3254 638 3337 vel
662 3256 906 3365 dogmatum
934 3256 987 3337 ab
1011 3253 1180 3337 ecclesia

130 3400 220 3507 jam
250 3401 585 3510 proscriptorum,
617 3397 682 3481 vel
714 3400 886 3482 demum
919 3398 1178 3508 singulorum

135 3536 362 3641 hominum,
389 3569 460 3624 seu
493 3539 762 3642 Nestorianis,
789 3566 864 3623 seu
893 3539 1204 3650 Eutychiania,

135 3686 337 3769 erroribus
385 3684 650 3796 aliquatenus
694 3687 939 3770 faventium.
1018 3686 1179 3766 Iterum

137 3825 231 3929 vale,
249 3831 307 3912 mi
328 3826 494 3911 Lector.
