2867 4817
527 326 757 391 EPITOME.
1101 319 1168 394 365⁴

117 501 229 570 sancti
254 499 395 582 babere,
421 500 516 592 quod
537 497 610 570 nou
634 501 810 592 cupiditas
837 503 980 573 infanda
1007 487 1165 574 violaret.

117 612 239 696 Quum
256 614 332 684 bec
347 614 484 697 fierent,
501 624 580 685 tum
603 615 701 710 leges
724 617 790 686 sibi
812 616 974 688 homines
1000 620 1165 690 condide-

116 737 200 797 runt
224 729 289 820 pro
314 729 472 800 utilitate
496 732 686 813 communi,
704 739 747 800 ut
772 753 809 801 se
834 734 977 802 interim
995 730 1088 827 (sor.
1111 733 1165 801 in-

117 843 230 913 vicem
247 841 387 937 Deoia.)
404 853 503 915 tutos
525 845 571 915 ab
587 844 723 936 injuriis
739 837 907 917 fecerent.
956 847 1029 918 Sed
1046 856 1164 918 metus

116 957 240 1050 legum'
276 980 348 1028 uon
388 956 521 1028 scelera
565 960 831 1050 comprimebat,
877 962 939 1033 sed
983 963 1163 1034 licentiam

116 1071 359 1143 submovebat.
411 1071 582 1143 Poterant
611 1075 708 1144 enim
741 1072 839 1169 leges
867 1074 999 1146 delicta
1027 1077 1163 1168 punire,

116 1187 370 1258 conscientiam
385 1190 512 1280 punire
527 1211 600 1258 non
615 1199 790 1281 poterant.
835 1188 962 1283 Itaque
979 1213 1056 1282 quae
1080 1199 1164 1262 ante

115 1300 233 1393 polam
267 1300 411 1385 fiebunt,
445 1302 537 1374 clam
570 1304 647 1374 lieri
680 1315 885 1399 coeperunt;
925 1308 1163 1378 circumscribi

116 1418 225 1487 etiam
244 1418 346 1508 jura:
376 1419 551 1510 siquidem
575 1421 642 1513 ipsi
666 1422 830 1514 praesides
856 1422 986 1516 legum,
1012 1423 1164 1515 praemiis

116 1532 392 1625 muneribusque
424 1535 590 1627 corrupti,
620 1535 678 1606 rel
711 1537 748 1605 in
777 1538 1019 1607 remissionem
1052 1538 1164 1608 melo-

116 1670 206 1730 rum,
241 1647 298 1717 vel
331 1649 523 1740 perniciem
560 1650 735 1720 bonorum
772 1653 965 1722 sententias
1004 1654 1164 1723 vendita-

116 1764 214 1834 bant.
265 1763 335 1834 His
351 1765 568 1836 accedebant
588 1767 830 1851 dissensiones,
848 1777 885 1839 et
908 1768 1012 1852 bella,
1030 1777 1068 1840 et
1085 1792 1164 1838 mu-

116 1889 191 1951 tuae
225 1880 512 1973 depredationes,
546 1892 584 1952 et
618 1885 791 1976 oppressis
825 1882 962 1978 legibus
999 1884 1163 1954 saeviendi

116 2004 274 2088 potestas
290 1995 438 2067 licenter
454 2007 621 2068 assumta.

531 2214 641 2283 CAP.
669 2215 750 2284 LX.

169 2343 213 2412 ln
235 2342 304 2413 boc
326 2353 422 2415 statu
448 2368 558 2437 quum
584 2354 702 2417 essent
727 2344 889 2415 bumanae
911 2369 977 2428 res,
999 2347 1164 2418 misertus

116 2465 173 2530 est
189 2461 300 2529 nostri
318 2458 427 2542 Deus,
444 2461 615 2532 revelavit
631 2484 670 2532 se
686 2461 789 2532 nobis
805 2471 843 2532 et
864 2462 1043 2545 ostendit3
1068 2471 1110 2532 ut
1126 2463 1164 2533 in

116 2577 195 2666 ipso
227 2574 445 2668 religionem,
484 2576 602 2659 fidem,
642 2578 854 2660 castitatem,
887 2578 1163 2649 misericordiam

116 2692 351 2775 disceremus3
390 2701 432 2763 ut
461 2715 577 2763 errore
606 2694 687 2763 vitae
721 2693 843 2785 prioris
877 2690 1027 2783 abjecto,
1058 2692 1164 2763 simul

116 2829 200 2878 curn
229 2808 305 2899 ipso
335 2805 414 2877 Deo
439 2811 682 2902 nosmetipsos,
710 2831 798 2900 quos
827 2809 992 2900 impietae
1022 2808 1164 2879 dissoci-

115 2932 249 3005 averat,
265 2945 500 3007 nosceremus,
518 2922 705 3018 legemque
728 2924 893 3006 divinam,
911 2947 989 3016 quae
1010 2922 1165 2994 bumana

115 3061 200 3108 cum
225 3037 427 3108 coelestibus
452 3037 605 3131 copulat,
630 3041 795 3110 tradente
820 3040 896 3131 ipso
917 3037 1083 3121 Domino,
1107 3061 1165 3109 su·

114 3177 314 3225 meremus:
341 3178 411 3246 qua
435 3155 516 3248 lege
540 3156 704 3238 universi,
722 3156 849 3248 quibus
872 3155 998 3225 irretiti
1022 3155 1163 3238 fuimus,

115 3292 252 3340 errores
276 3292 358 3340 cunr
388 3272 487 3341 vanis
516 3281 554 3341 et
582 3273 700 3364 impiis
730 3271 1036 3363 superstitionibus
1061 3270 1165 3342 tolle-

114 3395 250 3457 rentur.
301 3385 397 3469 Quid
424 3387 533 3481 igitur
557 3387 692 3458 bomini
717 3387 920 3468 debeamus
948 3387 1072 3457 eedem
1102 3386 1164 3458 illa

115 3504 178 3574 lex
203 3503 404 3596 praescribit,
432 3526 510 3595 quae
539 3504 654 3586 docet,
682 3502 848 3596 quicquid
875 3501 1010 3572 homini
1031 3505 1161 3595 praesti-

115 3620 212 3701 teris,
242 3619 322 3689 Deo
355 3619 520 3711 prestari.
572 3619 644 3689 Sed
674 3620 775 3689 radix
803 3619 962 3709 justitiae,
988 3628 1026 3688 et
1056 3643 1163 3690 omne

115 3737 390 3806 fundamentum
423 3736 603 3827 aequitatis
638 3747 693 3807 est
734 3735 833 3818 illud,
868 3743 909 3804 ut
942 3758 1013 3804 non
1047 3735 1164 3820 facias,

114 3852 212 3945 quod
242 3853 317 3944 pati
346 3849 447 3934 nolis,
478 3852 539 3921 sed
566 3850 712 3922 alterius
739 3851 896 3923 animum
924 3850 969 3920 de
998 3859 1063 3921 tuo
1090 3874 1165 3923 me-

114 3967 225 4037 tiaris.
277 3965 315 4034 Si
341 3965 508 4035 acerbum
536 3975 591 4037 est
619 3966 782 4058 injuriam
810 3966 912 4048 ferre,
935 3973 973 4036 et
998 3951 1066 4057 qui*
1084 3988 1163 4037 eam

115 4083 252 4162 feeerit,
279 4080 420 4152 videtur
444 4083 614 4173 injustus3
641 4083 791 4152 transfer
816 4083 853 4151 iu
879 4081 1023 4152 alterius
1046 4067 1165 4175 perso·

116 4221 211 4278 nam,
228 4197 323 4288 quod
348 4197 394 4267 de
417 4205 454 4267 te
479 4199 598 4280 sentis,
617 4206 654 4266 et
677 4199 713 4266 in
737 4206 847 4280 tuam,
865 4197 959 4290 quod
983 4199 1027 4268 de
1052 4198 1164 4269 altero

597 4329 690 4394 3s2
