2867 4817
279 337 345 401 elo
662 340 694 403 S.
720 338 958 404 CYPRIANI

273 509 397 607 placet,
426 520 458 597 at
480 510 575 608 filiis
609 512 678 584 tuis
708 512 835 586 manda
863 522 902 585 rt
925 511 1069 611 saeiaat
1091 513 1268 607 jors-titiam
1297 524 1332 587 et

278 627 515 725 eleemosynas,
532 638 567 703 et
580 630 655 703 sint
667 654 831 703 mores
846 628 928 714 Dei,
946 639 978 702 et
993 627 1191 702 beatiam
1207 654 1332 703 aaran

279 745 350 839 q'us
367 747 462 817 amai
485 756 647 841 ternpore.¹
690 747 740 819 Et
762 748 903 831 iterum,
923 744 1089 819 Omnibm
1111 745 1228 819 diebu
1249 748 1333 820 vita

280 871 358 946 tace,
378 861 440 956 fili
466 861 695 949 dilectissime,
724 862 840 935 Deum
869 864 909 935 ia
937 872 1046 935 mente
1074 861 1167 949 labe,
1196 872 1229 935 et
1256 863 1333 936 rol-i

274 979 459 1073 proesntre
477 988 651 1074 praemla
673 979 754 1071 eyirs.
803 978 989 1053 Justitiam
1001 979 1070 1076 sae
1085 978 1241 1051 amasius
1257 979 1361 1067 die-5

280 1094 341 1167 bus
358 1096 437 1167 vita
459 1106 537 1180 tuce,
554 1104 585 1169 et
602 1094 676 1169 ooli
697 1093 871 1167 ambulare
886 1096 979 1168 aiam
1001 1095 1198 1190 iniquitatis
1208 1121 1220 1175 ;
1245 1118 1333 1191 quo-

281 1212 376 1283 niam
410 1222 526 1311 aperte
560 1223 591 1284 te
625 1237 671 1285 er
702 1209 853 1296 veritate
886 1213 953 1285 erit
986 1220 1155 1307 respectus
1188 1235 1333 1307 operum

281 1337 429 1402 tuorum
478 1328 541 1401 Ea
562 1328 751 1402 srrbstaatio
774 1327 915 1425 tua-sae
931 1326 1184 1424 eleemosynam,
1202 1337 1234 1400 et
1255 1327 1334 1401 reoli

282 1457 432 1521 avertere
441 1445 576 1545 sacam
597 1456 691 1520 team
708 1446 750 1519 ab
770 1444 840 1519 allo
856 1470 1019 1542 paupere.
1061 1443 1121 1517 Ita
1132 1444 1199 1539 fiet
1215 1454 1254 1517 at
1268 1468 1335 1516 aea

281 1587 305 1635 a
330 1574 361 1636 te
385 1574 559 1637 avertatur
579 1563 696 1660 series
721 1562 803 1635 Dei.
853 1560 969 1635 Proui
993 1560 1163 1646 means
1178 1559 1250 1656 fili,
1277 1563 1336 1633 sie
1350 1604 1394 1643 ro

271 1678 348 1776 fae.
398 1680 444 1755 Si
460 1680 649 1778 tibifaerit
665 1681 803 1775 eopiosa
819 1678 1018 1763 substantia,
1029 1677 1112 1774 plus
1133 1703 1178 1750 ea
1194 1675 1334 1774 illafae

281 1796 535 1894 eleemosynam.
585 1795 631 1870 Si
650 1797 813 1894 eripuere
829 1792 998 1879 ianas,
1016 1819 1060 1866 ea
1079 1792 1143 1867 loe
1162 1796 1238 1890 ipso
1255 1796 1334 1866 eai-

275 1938 346 2013 pao
373 1915 594 1987 conmunire.
646 1912 695 1985 Et
719 1937 762 1985 ae
788 1912 944 1984 rimaris
973 1936 1050 1984 eum
1066 1910 1166 2007 saris
1193 1909 1334 1982 eremo

280 2054 413 2126 synam.
463 2029 658 2102 Proemium
682 2030 774 2101 enim
796 2027 920 2101 borum
942 2028 1081 2124 reponis
1098 2026 1161 2100 tibi
1183 2029 1222 2099 ia
1239 2027 1333 2100 diem

280 2148 498 2231 necessitatis,
524 2148 608 2243 quia
632 2144 842 2243 eleemosyna
866 2169 889 2218 a
910 2155 1018 2218 morte
1046 2143 1175 2229 liberat,
1202 2154 1234 2217 et
1260 2169 1386 2252 nors15

275 2266 413 2359 patitur
443 2264 495 2335 ire
529 2264 567 2333 ia
592 2260 793 2361 paleariam.
842 2262 978 2335 Murrus
1010 2260 1135 2335 bonam
1167 2271 1216 2334 est
1249 2260 1335 2335 elee-

281 2404 424 2476 mosyna
440 2377 595 2451 omnibus
613 2380 674 2474 qui
680 2377 827 2475 faarai
841 2402 916 2451 earn
933 2404 1050 2451 eoram
1066 2404 1199 2452 samma
1215 2377 1305 2451 Dea.

331 2496 440 2571 XVI.
467 2495 583 2581 Quale
612 2518 742 2569 munus
770 2505 836 2581 est,
866 2497 991 2568 fratres
1020 2498 1199 2581 carissimi,
1229 2499 1333 2590 cujus

280 2615 390 2686 editio
420 2611 500 2685 Deo
530 2622 713 2708 spectante
744 2612 962 2684 celebratur!
1006 2611 1046 2684 si
1075 2614 1113 2684 in
1141 2613 1334 2707 gentilium

279 2754 428 2803 munere
460 2731 593 2826 grande
627 2738 664 2801 et
704 2729 897 2824 gloriosum
931 2729 1072 2800 videtur
1103 2729 1333 2823 proconsules
1345 2780 1385 2819 20

281 2847 338 2919 vel
363 2849 592 2941 imperatores
617 2846 749 2918 habere
777 2854 981 2941 praesentes,
1007 2855 1045 2917 et
1074 2856 1262 2941 apparatus
1288 2871 1333 2919 so

280 2972 442 3058 sumptus
468 2966 563 3058 apud
585 2964 802 3035 munerarios
824 2964 937 3055 major
956 2970 1011 3033 est
1035 2971 1078 3033 ut
1098 2962 1234 3057 possint
1256 2961 1334 3056 pla-

279 3104 360 3152 eere
389 3080 589 3174 majoribus,
614 3088 749 3174 quanto
773 3078 943 3152 illustrior
970 3081 1127 3150 muneris
1153 3087 1192 3151 et
1217 3080 1334 3172 major

278 3204 334 3268 est
358 3194 471 3291 gloria
500 3196 620 3267 Deum
650 3204 687 3267 et
718 3194 902 3267 Christum
929 3205 1145 3290 spectatores
1173 3196 1331 3268 habere?

279 3311 423 3397 Quanto
452 3314 532 3383 istie
558 3320 595 3383 et
622 3320 811 3406 apparatus
836 3312 978 3383 uberior
1004 3321 1042 3384 et
1072 3321 1233 3406 sumptus
1263 3312 1378 3423 lar-²⁵

276 3430 355 3525 gior
370 3428 591 3501 exhibendus
613 3438 668 3501 est
689 3429 752 3499 ubi
775 3432 821 3501 ad
848 3428 1090 3523 spectaculum
1111 3430 1331 3501 conveniunt

279 3545 449 3618 coelorum
466 3548 625 3631 virtutes,
643 3546 860 3617 conveniunt
882 3544 999 3639 angeli
1022 3568 1156 3628 omnes,
1172 3545 1235 3615 ubi
1251 3569 1332 3617 mu-

279 3664 416 3735 nerario
432 3684 504 3735 non
525 3664 695 3757 quadriga
711 3661 769 3733 vel
789 3660 993 3733 consulatus
1014 3663 1158 3756 petitur,
1175 3662 1240 3733 sed
1256 3662 1332 3733 rita

279 3788 415 3855 aeterna
441 3786 638 3873 praestatur,
668 3802 735 3849 neo
760 3785 925 3871 captatur
951 3780 1064 3849 inanis
1090 3787 1129 3849 et
1154 3786 1331 3871 tempora-

280 3900 352 3969 rius
369 3897 468 3969 favor
489 3895 596 3991 vulgi,
613 3896 675 3966 sed
698 3901 912 3988 perpetuum
934 3896 1122 3988 praemium
1143 3896 1243 3989 regni
1260 3918 1381 4012 osa-30

280 4014 379 4087 lestis
395 4012 589 4107 aooipiturt
614 4008 738 4103 Atque
760 4019 802 4081 ut
821 4011 940 4105 pigras
956 4020 994 4082 et
1015 4010 1152 4083 steriles
1174 4020 1212 4081 et
1233 4011 1331 4105 eupi-

280 4132 392 4201 ditate
426 4129 624 4201 nummaria
652 4126 741 4199 nihil
770 4129 865 4199 eirea
897 4128 1053 4199 fructum
1089 4127 1213 4199 salutis
1247 4150 1332 4221 ope-

279 4255 396 4319 rantes
418 4247 531 4341 mogis
553 4246 695 4340 pudeat,
713 4254 756 4316 ut
780 4244 860 4339 plus
882 4246 1135 4317 conscientiam
1151 4244 1331 4317 sordidam
