2867 4817
303 272 367 339 160
633 278 1011 347 ANNOTATIONES

301 464 397 531 porro
411 455 545 549 oonstet
559 470 581 515 o
591 448 823 515 suoeessoribus
837 452 905 535 ejus
919 450 1072 517 Romanas
1087 454 1175 519 urbis
1190 456 1357 541 episeopis

301 532 540 635 mmmm
566 534 764 637 ,mones
781 536 956 636 rmum
979 560 1038 603 ιιι
1062 538 1248 639 somam
1278 542 1360 626 ret

301 787 1355 978 ¹,shm‘su‘nuuu‘uuuursn

301 958 553 1145 {ffiqffldm
566 982 684 1061 papam
697 984 811 1061 errore·
861 984 911 1026 sse
925 984 959 1025 ιιι
972 964 1045 1027 fider
1064 964 1219 1039 articulis,
1231 964 1266 1027 id
1279 988 1354 1029 vero

442 1046 585 1111 homines
599 1069 666 1111 sme
679 1048 801 1131 probob
852 1048 985 1127 ratione,
1001 1049 1097 1113 immo
1111 1048 1160 1113 vel
1179 1070 1270 1134 pepo
1285 1051 1354 1150 ipso

301 1129 386 1193 idem
396 1130 457 1195 hoo
471 1131 604 1205 fetente,
617 1155 638 1196 ιι
720 1139 748 1197 t.
778 1133 943 1218 Agevero,
955 1134 1003 1198 ite
1019 1134 1059 1198 de
1075 1134 1224 1198 Honorio
1239 1138 1354 1200 sonbit

302 1214 578 1282 Melohiorllenus
592 1218 625 1281 in
712 1219 720 1233 ’
752 1218 940 1304 Tloobrpiesh,
955 1219 983 1282 is
998 1220 1052 1303 qui
1071 1241 1140 1304 esp.
1156 1235 1185 1300 7.
1203 1220 1280 1284 libri
1293 1223 1351 1285 Vl.

300 1300 477 1367 rationibus
490 1302 676 1388 theologicis
695 1310 829 1368 eonutus
843 1313 894 1368 est
931 1304 1054 1381 robore,
1071 1304 1255 1368 Romanum
1270 1328 1352 1391 pon-

300 1386 418 1449 tifioem
431 1388 464 1451 in
478 1388 552 1451 fidei
566 1388 788 1453 oontroversiis
802 1389 898 1453 finien
920 1390 1068 1453 iserrure
1082 1411 1145 1453 non
1267 1416 1276 1465 ;

299 1473 463 1535 tamenin
477 1494 545 1557 oep.
569 1474 712 1558 proxime
732 1480 806 1559 post
827 1480 978 1559 sequente
996 1475 1057 1538 hoo
1079 1474 1159 1559 privi
1171 1475 1281 1559 egium
1304 1478 1351 1541 nit

299 1555 570 1657 eiroumseriptum
595 1580 673 1658 esse,
689 1564 734 1657 ‘et
758 1560 916 1659 pertinere
942 1560 1058 1623 statuit
1081 1560 1124 1623 ed
1152 1562 1351 1644 quaestiones

299 1640 364 1761 “¹2
375 1642 1239 1813 tllttn‘ttffnt‘tttsslltllttffllt110„
1254 1730 1351 1794 mo,

300 1818 321 1847 “
335 1814 441 1897 potuit
470 1835 634 1877 oeourrere
665 1818 892 1899 (argumento),
920 1836 1016 1898 quum
1044 1836 1153 1879 omnes
1182 1814 1351 1879 Romanos

299 1902 320 1932 “
334 1897 500 1999 pontifioes
516 1897 633 1963 erroris
646 1906 731 1998 ,ιιοιι
746 1899 920 1999 liberando.
965 1901 1021 1963 lto
1040 1899 1205 1963 eontondit
1225 1900 1351 1997 nullum

299 2074 320 2104 u
333 2005 524 2133 tutta?
539 1984 1072 2146 htttsstltttultttt
1085 1984 1352 2133 mile?

299 2160 320 2191 “
334 2154 421 2232 sime,
432 2154 625 2240 jurisperitis
638 2154 820 2239 turpissime
831 2153 1013 2229 maledixit3
1030 2161 1151 2218 utrero
1162 2153 1350 2219 Honorium

299 2245 319 2275 “
333 2246 487 2319 tueretur,
521 2247 620 2304 sextae
647 2239 804 2325 generalis
832 2239 944 2324 synodi
972 2239 1166 2338 exemplario
1198 2237 1350 2305 lslserios

299 2329 319 2361 ‘⁴
333 2325 518 2410 eormpisse,
544 2324 652 2389 multis
673 2324 862 2409 oonjeoturis
884 2324 1018 2389 suadere
1039 2346 1126 2389 nisus
1146 2331 1206 2398 est,
1229 2325 1350 2390 deinde

298 2415 319 2445 “
333 2409 431 2473 etism
443 2410 478 2473 in
491 2432 563 2474 eam
577 2410 756 2495 opinionem
767 2410 948 2474 inelinavit:
971 2415 1010 2473 ut
1020 2411 1164 2474 erederet
1174 2409 1350 2508 epistolam

298 2502 319 2531 “
334 2494 470 2558 Honor-ii
490 2496 533 2559 ed
552 2496 697 2581 Sergium
715 2516 737 2560 o
756 2494 876 2559 Graeois
893 2495 933 2559 de
950 2515 1039 2559 more
1060 2494 1157 2559 fuisso
1176 2494 1346 2559 vitiatum:

297 2587 318 2617 “
332 2581 487 2666 synodum
500 2588 610 2645 autem
623 2582 657 2645 iu
671 2602 710 2644 eo
725 2580 845 2665 judioio
859 2581 1046 2665 deeeptam3
1072 2580 1147 2664 quin
1166 2580 1250 2644 odeo
1265 2581 1347 2644 duo-

297 2674 320 2706 “
334 2687 406 2730 rum
420 2665 621 2730 ooneiliorum
636 2665 718 2730 serti
733 2672 768 2730 et
781 2664 907 2750 septimi
921 2672 996 2730 soto
1010 2664 1117 2729 omnia
1130 2664 1347 2730 calumniatus

297 2759 319 2793 “
333 2758 395 2828 ost,
409 2773 449 2816 eo
462 2773 523 2836 pro
536 2774 595 2815 suo
608 2758 695 2815 oerte
705 2750 787 2815 virili
797 2750 962 2815 amborum
973 2750 1177 2815 lebelootorit
1187 2757 1223 2816 et
1233 2758 1348 2816 sueto

297 2846 319 2878 “
334 2837 464 2903 ritatem
489 2843 523 2901 et
546 2837 653 2901 fidem.
710 2836 792 2900 Haeo
816 2857 891 2901 vero
919 2835 1046 2899 Alberti
1076 2834 1230 2921 opinatio,
1262 2858 1348 2901 nors

297 2930 319 2964 “
334 2923 462 3008 quidem
475 2923 509 2986 in
528 2922 659 2987 ecelesia
679 2928 740 2999 est,
756 2922 814 2987 sed
832 2943 870 2986 ea
888 2921 1012 2985 ratione
1027 2920 1207 2985 oonfirmuri
1223 2930 1346 3006 potest,

296 3017 320 3048 “
335 3009 421 3093 quod
440 3030 504 3072 non
525 3015 575 3072 est
595 3006 781 3083 verosimile,
797 3014 834 3071 ut
855 3005 986 3082 homini,
1004 3006 1060 3090 qui
1082 3006 1251 3070 haeretious
1274 3028 1346 3072 esse

296 3102 320 3134 “
334 3093 445 3179 possit,
460 3093 534 3157 fidei
549 3114 704 3158 srrmmom
724 3092 879 3157 Dominus
895 3091 1099 3167 commiserit,
1114 3097 1239 3155 reotum
1258 3092 1345 3155 enim

296 3186 319 3219 “
333 3186 384 3243 est
535 3179 584 3243 sui
605 3187 639 3243 et
658 3177 787 3263 obliqui,
802 3184 840 3241 ut
856 3176 1048 3240 Aristoteles
1069 3176 1175 3253 dooet,
1192 3198 1294 3261 quare
1316 3178 1343 3241 si

296 3272 317 3303 “
331 3264 410 3329 fides
483 3264 567 3328 meni
589 3263 748 3350 pontificis
762 3262 898 3348 dirigere
917 3261 1020 3347 ipsum
1042 3282 1105 3325 non
1127 3261 1222 3335 vnlet,
1239 3262 1344 3326 multo

294 3360 318 3391 “
333 3350 447 3426 minus,
463 3357 501 3415 ut
514 3350 649 3423 videtur,
665 3348 745 3413 elios
759 3348 792 3411 iu
806 3348 869 3411 lide
879 3354 984 3411 reetos
994 3346 1117 3411 effieiet.
1148 3346 1243 3427 Quid,
1255 3349 1342 3431 quod

296 3444 319 3477 ‘⁴
334 3434 507 3499 imbeoillus
526 3435 560 3498 in
577 3435 651 3511 lide,
666 3434 783 3499 iratres
804 3433 838 3497 in
855 3432 918 3497 fide
940 3432 1126 3497 confirmare
1147 3431 1280 3514 nequit!
1307 3432 1343 3495 Si

295 3520 430 3605 “igitur
451 3520 614 3583 Romame
634 3520 800 3605 episeopus
820 3519 917 3603 juxto
938 3516 1057 3582 Christi
1078 3515 1342 3602 pollicitationem

293 3615 315 3647 ‘⁶
330 3605 447 3669 fratres
461 3626 534 3669 suos
548 3606 792 3669 eonfirmaturus
807 3609 868 3678 est,
884 3603 1009 3666 firmum
1028 3602 1131 3687 ipsum
1154 3622 1223 3664 osse
1246 3623 1340 3701 opor·

294 3702 317 3732 “
332 3691 434 3765 tebit;
456 3690 599 3774 quemvis
612 3697 722 3753 autem
736 3686 844 3753 multis
858 3688 892 3751 in
905 3687 982 3751 loeis
995 3687 1082 3751 diost
1094 3686 1241 3771 Pighius,
1256 3696 1341 3751 nont

294 3786 317 3818 “
328 3777 380 3841 hio
388 3775 477 3853 dioit‚
486 3776 566 3839 sotis
575 3774 783 3860 probabiliter
793 3773 833 3838 de
844 3772 956 3837 summi
1007 3771 1338 3837 utilieisouotoritste:

294 3870 316 3903 “
332 3870 442 3927 tumen
458 3881 521 3923 non
541 3860 576 3923 id
594 3859 802 3945 speotsndum
821 3864 881 3935 est,
898 3791 1087 3957 quiihioot,
1103 3856 1159 3920 sed
1172 3856 1251 3940 quid
1266 3878 1340 3921 oon-

294 3956 317 3987 “
331 3956 517 4011 sentuneum
538 3946 582 4009 sit
603 3946 632 4009 ei
653 3945 768 4021 dioere,
783 3941 833 4008 eui
852 3948 1020 4007 veritatem
1038 3940 1122 4005 tueri
1141 3962 1180 4006 so
1200 3942 1340 4008 retinere

294 4031 492 4096 “sententie
504 4037 574 4099 ost:
598 4030 676 4096 dicit
690 4030 799 4112 itaque
813 4028 865 4093 ille
885 4027 986 4092 multe
1005 4026 1114 4091 multis
1127 4024 1204 4090 loeis
1219 4026 1262 4091 de
1278 4028 1339 4091 hso

295 4124 317 4159 ‘⁵
330 4138 366 4180 re
402 4115 518 4191 uidem,
533 4116 590 4180 sed
603 4137 689 4201 sque
702 4116 811 4191 haeret‚
827 4120 865 4178 ut
878 4112 985 4177 siunt:
1009 4111 1160 4176 defendet
1175 4110 1339 4177 Liberium

294 4211 317 4243 ‘⁶
332 4201 394 4287 Pig
417 4202 475 4280 us,
490 4221 583 4285 quem
602 4201 699 4266 toedio
717 4200 836 4265 vietum
858 4197 942 4262 exilii
965 4196 999 4260 in
1021 4196 1214 4281 pravitatem
1239 4196 1339 4263 harre
