2867 4817
302 267 367 335 828
556 266 789 332 FIRMIANI
812 269 1084 335 LACTANTII

302 442 353 515 ise
369 440 434 513 sibi
451 464 526 515 esse
543 464 711 527 connexu,
729 452 771 515 ut
786 442 939 515 elterum
954 448 1031 520 sine
1051 446 1166 518 nltsro
1180 457 1343 519 constare

303 580 373 628 non
390 558 508 651 possit.
551 558 699 630 Summe
714 561 822 654 igitur
837 563 1025 655 prudentie
1041 562 1141 633 Deus
1156 566 1344 635 materiam

302 678 441 747 virtutis
466 676 500 747 in
528 675 629 747 melis
651 679 779 770 posuit,
801 702 881 771 quoe
905 680 1036 752 idcirco
1059 681 1156 765 fecit,
1173 692 1219 753 ut
1244 684 1346 753 nobis

302 793 532 865 constitueret
553 815 711 887 ugonem,
735 796 773 865 in
799 818 869 887 quo
892 797 1043 869 victores
1064 798 1346 869 immortalitatis

301 910 443 1005 premio
460 919 650 981 coronaret.

684 1025 794 1098 GAP.
819 1026 947 1099 XXX.

351 1141 476 1227 Docui,
502 1152 544 1216 ιιι
569 1146 700 1238 opinor,
726 1143 843 1216 cultus
871 1146 1017 1217 deennu
1044 1170 1117 1217 non
1138 1148 1255 1219 modo
1280 1150 1346 1219 im·

300 1263 386 1356 pice,
412 1262 472 1333 sed
498 1261 608 1335 etism
634 1284 741 1333 vanos
770 1280 866 1343 eese3
894 1261 951 1333 vel
977 1264 1070 1355 quod
1096 1264 1268 1336 homines
1293 1267 1346 1337 fu-

300 1380 400 1462 erint,
426 1401 575 1471 quorum
600 1379 770 1449 memorie
793 1386 873 1470 post
895 1380 1032 1465 obitum
1055 1393 1268 1453 consecrato
1288 1384 1343 1465 sit,

299 1495 356 1567 vel
385 1496 478 1588 qnod
508 1494 693 1566 simulacre
722 1496 797 1587 ipse
821 1496 1037 1568 insensibilia
1059 1508 1104 1569 et·
1124 1500 1236 1570 surdo
1263 1502 1343 1581 sint,

299 1614 381 1707 quia
397 1620 479 1685 sunt
501 1612 584 1683 ficte
601 1614 645 1683 de
662 1620 776 1696 terre3
799 1635 866 1683 nec
882 1624 1043 1705 oportere
1065 1614 1266 1702 hominem,
1283 1619 1342 1709 qui

301 1731 430 1803 debeat
453 1738 610 1823 spectare
632 1726 797 1811 coelestis,
813 1730 962 1801 terrenis
983 1754 1022 1802 so
1044 1730 1255 1825 subjugum
1286 1734 1342 1805 vel

300 1848 394 1942 quod
419 1847 567 1941 spiritus,
594 1847 654 1938 qui
679 1868 738 1915 ees
762 1846 948 1938 religiones
973 1847 1039 1918 sibi
1069 1848 1263 1931 vindicent,
1290 1852 1343 1921 in-

300 1951 403 2037 cesti*
420 1973 458 2033 et
490 1963 617 2055 impuri
651 1962 730 2045 sint,
765 1970 801 2032 et
835 1962 915 2033 ideo
945 1961 1013 2033 Dei
1047 1965 1226 2035 sententie
1257 1988 1343 2036 con-

300 2080 456 2153 demnati
478 2078 668 2150 ceciderint
690 2079 728 2147 in
749 2085 888 2160 terrem,
904 2101 971 2149 nec
991 2078 1044 2149 fes
1059 2102 1135 2149 esse
1155 2080 1194 2149 in
1213 2104 1340 2152 comm

300 2198 469 2270 ditionem
496 2196 625 2279 venire,
643 2195 770 2287 quibus
795 2195 912 2287 potior
936 2196 993 2278 sis,
1018 2196 1047 2265 ei
1071 2194 1190 2267 Deum
1215 2220 1340 2269 verum

299 2316 398 2408 sequi
415 2313 511 2385 velis.
554 2310 739 2383 Suennssr
755 2320 807 2395 ιιι,
825 2313 989 2403 quonism
1005 2313 1051 2383 de
1067 2312 1155 2383 isles
1166 2312 1340 2408 religione

299 2434 463 2515 diximus,
489 2432 596 2501 etiem
620 2430 664 2499 dc
685 2428 772 2500 feles
793 2429 965 2521 sepientis
986 2428 1205 2513 disseremus,
1229 2454 1340 2523 quam

297 2548 495 2643 philesophi
541 2546 759 2640 profitentur,
804 2544 965 2615 homines
1008 2568 1146 2617 summe
1190 2547 1338 2639 quidem

298 2667 457 2738 doctrine
473 2671 511 2735 et
534 2664 735 2757 eloquentie
757 2661 903 2755 prediti,
928 2664 990 2733 sed
1014 2661 1119 2757 longo
1140 2684 1165 2733 e
1186 2664 1339 2735 veritate

298 2782 476 2863 summoti,
494 2780 578 2872 quie
600 2801 667 2850 nec
692 2777 811 2848 Deum
839 2800 905 2848 nec
929 2779 1135 2871 sapientium
1158 2776 1230 2848 Dei
1254 2802 1340 2875 cog-

297 2905 482 2969 noverunt.
532 2895 604 2979 Qui
628 2893 712 2964 licet
738 2894 809 2963 sint
834 2894 951 2986 arguti
979 2915 1021 2963 ec
1046 2893 1178 2978 diserti,
1204 2902 1338 2979 umen,

299 3015 382 3108 quio
404 3014 558 3085 humens
586 3018 641 3081 est
669 3032 794 3079 eorum
821 3010 1001 3102 sepientis,
1030 3011 1139 3080 etium
1168 3032 1253 3081 cum
1281 3010 1340 3083 his

299 3131 464 3226 congredi
486 3126 744 3212 nonvereb013
769 3133 811 3197 ιιι
835 3138 1001 3220 eppnreot
1024 3150 1048 3197 e
1062 3127 1211 3197 veritate
1235 3150 1340 3200 mon·

298 3250 448 3331 decium,
477 3269 499 3317 e
527 3244 729 3317 coelestibus
752 3251 893 3315 terrene
916 3243 1019 3315 focile
1042 3266 1145 3338 posse
1168 3247 1338 3337 superori.

299 3365 394 3450 Quid
418 3366 464 3435 sit
489 3359 707 3457 philosophie
729 3360 797 3431 hoe
820 3359 926 3432 modo
950 3361 1142 3432 definiunt:
1174 3358 1338 3433 Philoso-

292 3481 446 3579 pluisset
468 3502 565 3551 amor
589 3475 641 3551 vel
654 3476 807 3549 studium
826 3477 1014 3573 sapienties.
1066 3477 1152 3549 Non
1171 3487 1228 3549 est
1250 3502 1337 3573 orgo

296 3602 373 3695 ipse
405 3588 585 3691 sepientis,
619 3596 702 3688 quio
733 3618 875 3667 necesse
908 3604 963 3665 est
996 3594 1090 3666 eliud
1123 3597 1335 3687 essequod

297 3725 403 3801 umet,
420 3714 526 3797 eliud,
543 3712 637 3805 quod
653 3719 803 3783 ematur.
845 3711 884 3785 Si
901 3711 1056 3782 studium
1073 3719 1129 3781 est
1145 3712 1335 3804 sepientis,

298 3858 343 3905 ne
369 3835 419 3905 sic
444 3830 586 3926 quidem
611 3827 830 3922 philosophie
857 3828 1029 3921 sepientis
1055 3837 1129 3899 est:
1163 3829 1336 3921 sepientis

298 3952 392 4024 enim
425 3973 481 4019 res
510 3958 565 4019 est
599 3946 683 4039 ipss,
713 3968 791 4037 quae
820 3947 1004 4039 queeritur3
1048 3944 1206 4015 studium
1240 3968 1333 4028 vero,

297 4069 390 4160 quod
424 4066 558 4158 quaerit.
622 4062 706 4154 Ipse
741 4064 851 4157 igitur
886 4062 1054 4147 delinitio,
1088 4061 1146 4133 vel
1182 4062 1333 4133 nominis

295 4184 513 4277 significatio,
544 4178 698 4250 declaret
727 4179 982 4273 philosophiam
1015 4202 1087 4251 neu
1116 4202 1192 4251 esse
1221 4182 1330 4273 ipssm
