2867 4817
281 278 332 344 IN
357 278 391 344 S.
414 278 616 344 CYRILLI
640 279 793 343 EPIS'l'.
818 280 985 344 SYNOD.
1117 282 1160 349 99

104 459 167 515 tua
186 450 443 515 amomacum
461 470 573 515 moeste
593 458 644 526 ec,
659 448 730 513 duic
750 449 882 535 ορίσίαίια
899 458 1009 513 codro
1029 449 1158 535 ανδρδαα

103 545 191 610 στανδ,
207 537 364 620 interpres
378 537 478 613 addit,
491 535 572 621 quod
587 535 616 599 ei
629 535 753 599 minem
766 534 875 601 eudem
888 532 1032 620 sedjoco,
1047 546 1158 601 ceuton-

104 622 189 686 tium
355 643 393 686 ec.

155 708 196 772 Ρ.
208 727 262 793 30.
294 754 301 769 .
315 726 367 792 25.
390 707 484 788 ἤγονν
498 708 655 771 αὖθεντίαν
670 704 690 785 ἢ
705 707 897 791 δυναστείαν]
922 706 1033 772 Habet
1048 706 1157 774 Gouol-

104 792 227 858 liomm
248 801 425 869 contextus,
442 792 580 877 οὖθεντίο
600 790 619 873 ἦ
640 793 807 878 δυναστείᾳ,
826 793 882 857 eod
902 792 947 858 nd
969 793 1075 880 Merg.
1097 794 1157 859 leo-

105 879 200 944 tione
213 878 316 944 ultera
330 879 493 943 collocate.
529 878 608 960 Quae
621 884 750 963 receptu
764 900 784 942 α
798 899 849 943 me
863 878 1021 963 scripture
1031 878 1064 943 in
1079 880 1156 946 edit.

106 965 263 1052 principe,
278 966 312 1030 in
326 965 426 1029 MSto
439 969 575 1049 utroque
589 964 720 1041 Gallico,
736 962 827 1027 simul
842 970 939 1049 etque
954 964 987 1029 in
1002 986 1158 1031 cononum

107 1050 344 1203 {tfitpl'xdl
366 1049 1157 1220 multltdldllttl⁰dttlt

108 1229 161 1289 est
181 1184 541 1301 A’nuthenrutiemorum,
557 1244 629 1307 quie
646 1228 722 1288 unte
739 1222 853 1285 horum
867 1160 1101 1307 ueplloacoelc
1123 1232 1157 1291 et

108 1309 293 1396 Αροίαρίααι
299 1331 359 1395 pro
367 1308 437 1387 illie,
447 1306 701 1393 Theodoretique
712 1308 961 1393 Hcpredcmionce
975 1311 1156 1390 eorundem,

107 1395 218 1481 positu
239 1396 396 1461 videntur.
441 1396 524 1460 Hoec
548 1394 613 1461 trio
629 1394 781 1480 opusculo
805 1393 838 1457 in
866 1394 1009 1460 θααοίίίίι
1032 1404 1157 1473 extent,

108 1490 188 1546 tone
206 1480 270 1547 Ill.
290 1482 342 1545 od.
358 1480 477 1558 Lubbe,
496 1503 518 1566 p
542 1481 639 1565 .813.
656 1480 729 1555 827.
748 1498 820 1565 902.
852 1479 1006 1545 Oonsulee
1024 1490 1058 1546 et
1080 1482 1157 1547 Dio-

109 1566 193 1653 nyeii
206 1567 503 1668 interpretationem
516 1503 567 1630 ln
580 1565 779 1651 subjectum
803 1572 902 1651 etque
916 1566 1017 1651 ipsum
1031 1567 1157 1634 initium

109 1661 340 1825 wll-qdlllll&
361 1739 401 1806 ὣς
418 1737 484 1803 νίδν
504 1738 563 1837 ἕνα
579 1739 627 1801 καὶ
646 1738 752 1820 φύσει)
762 1736 878 1837 ’Vulgo
894 1738 933 1805 ὥς
945 1738 1012 1803 υίδν
1030 1760 1089 1823 pro
1108 1742 1156 1804 καί

108 1824 185 1904 νίδν,
215 1826 271 1889 ned
293 1825 341 1889 καὶ
366 1831 479 1910 utpote
504 1823 636 1888 lucidius
662 1845 771 1908 repom
797 1824 954 1909 jusseram
983 1846 1022 1888 ex
1048 1824 1155 1909 Oyrilli

107 1910 419 1975 Anchemolum
428 1910 650 1995 Εσρίίσαθίαασ,
662 1915 696 1974 et
710 1908 904 1974 Theodoreti
914 1910 1085 1973 eorundem
1096 1911 1155 1974 Rc-

239 1997 246 2012 '
289 1994 356 2074 δια,
372 1999 467 2061 modo
480 1996 673 2060 memoratio

155 2082 238 2147 Ibid.
259 2083 280 2147 l.
307 2083 356 2147 18.
380 2082 529 2167 εὐδοξίαν]
554 2081 671 2147 (loncil.
700 2082 816 2167 Margo
840 2084 988 2161 ἐξουσίαν,
1015 2082 1071 2146 sed
1094 2082 1154 2147 leo-

109 2167 231 2235 tu'onem
244 2175 406 2253 receptam
420 2168 565 2233 omnibus
578 2167 644 2232 fere
658 2168 910 2254 agnoscentibus.

154 2253 289 2319 Ibidem.
322 2258 362 2323 ὣς
394 2254 484 2339 ἑτέρῳ
511 2252 581 2336 παρ’
611 2253 703 2319 αι’ντδν
734 2253 910 2337 ὑπάρχοντι]
945 2253 1156 2318 (lonoiliorum

109 2347 251 2443 context.
267 2342 306 2408 ὣς
320 2342 423 2441 ἕτερον
436 2337 504 2421 παρ’
521 2340 611 2439 αὐτὸν
628 2338 811 2439 ὑπάρχοντα,
826 2340 882 2404 ned
902 2336 1036 2441 lectione
1053 2340 1156 2440 ultera

109 2425 1156 2597 littletuittltdelmilllldtttttlltlt

110 2600 242 2663 verbnm
256 2603 416 2681 περιῆφθαι
429 2598 462 2662 iu
476 2597 568 2662 codd.
583 2598 707 2662 duobus
726 2596 908 2677 Bodleiano,
924 2598 993 2662 eod.
1083 2616 1155 2664 m.

109 2691 147 2750 et
160 2684 291 2750 Bnrocc.
310 2686 380 2771 158.

155 2770 236 2835 Ibid.
260 2772 343 2837 l.20.
368 2774 407 2837 Εί
429 2796 473 2837 τις
497 2772 593 2854 τολμᾷ
611 2770 728 2852 λέγειν]
758 2769 898 2835 Concilio
920 2769 1072 2850 τολμήσει,
1099 2772 1156 2835 sed

110 2858 246 2923 lectione
267 2856 379 2935 ultera,
403 2878 497 2942 quem
520 2856 570 2919 bie
589 2877 686 2941 supro
708 2856 816 2935 hebes,
841 2857 884 2920 ed
906 2876 1006 2943 mnrg.
1029 2856 1152 2941 posite3

112 2964 245 3029 eamque
272 2950 405 3093 prppter
427 2943 580 3007 librorum
605 2963 791 3005 consensum
817 2942 969 3007 revocavi.
1017 2943 1097 3006 Mox
1121 2943 1155 3006 in

113 3030 219 3116 Merg.
234 3028 329 3095 Oonc'
346 3076 353 3091 .
368 3030 614 3113 ονγχρημοτίζειν
636 3031 706 3113 Θεῷ
729 3028 867 3113 positum
888 3034 947 3106 eet,
964 3028 1020 3092 sed
1039 3029 1071 3091 in
1090 3050 1155 3093 orn-

112 3115 205 3180 nibus
219 3122 337 3200 praeter
353 3114 424 3180 MS.
440 3114 572 3179 Bcrocc.
595 3134 602 3175 ι
609 3114 662 3199 58.
677 3114 780 3198 reperi
795 3110 887 3178 Θεόν.

157 3200 238 3265 lbid.
252 3202 274 3265 l.
288 3219 339 3288 29.
361 3205 397 3281 τῇ
417 3199 452 3265 δι’
475 3201 564 3265 αὐτοῦ
582 3199 751 3282 χριίμενον]
782 3200 944 3264 Praestant
970 3198 1096 3283 quidem
1119 3205 1155 3289 τῇ

114 3290 172 3373 ἰδίᾳ
187 3288 276 3352 αὐτοῦ
292 3314 322 3370 χ.
342 3287 407 3352 trie
425 3286 479 3350 ille
497 3286 647 3371 opusculo
666 3306 763 3369 eupre
782 3291 967 3363 memoratu,
987 3285 1020 3347 in
1041 3286 1155 3370 quibus

111 3372 147 3437 hi
168 3372 438 3438 Anothemetiemi
460 3378 593 3445 extent3
616 3371 784 3435 lectionem
808 3392 882 3435 vero
904 3377 1067 3456 receptum
1091 3393 1155 3435 non

112 3465 238 3523 tantum
253 3459 402 3535 Concilio,
425 3457 496 3523 MS.
512 3464 645 3543 uterque
659 3456 811 3535 Gallicus,
827 3462 860 3521 et
875 3456 1046 3541 Dionysius
1065 3465 1156 3523 vetus

113 3542 284 3631 Interpree,
298 3550 439 3618 tuentur,
455 3545 512 3609 eod
526 3542 624 3608 etiarn
635 3543 668 3606 S.
679 3542 786 3628 Gyrilli
797 3542 865 3607 heec
875 3542 972 3608 verba
982 3543 1016 3606 in
1029 3544 1156 3629 Βαρσα-

112 3631 191 3696 cono
215 3630 261 3695 ad
287 3630 506 3708 Τδααιίαναίντν,
530 3629 654 3694 Anoth.
670 3630 714 3692 ix.
739 3631 778 3695 ὣς
800 3629 945 3715 ἀλλοτρίᾳ
967 3628 1088 3709 δυνάμει
1107 3654 1154 3694 κε-

112 3720 241 3801 χρῆσθαι
263 3721 299 3797 τῇ
321 3720 370 3781 διδ
390 3722 442 3780 τοῦ
463 3717 636 3796 πνεύματος,
658 3738 691 3800 p.
703 3718 777 3799 928.
803 3714 917 3779 Concil.
937 3715 1013 3779 edit.
1036 3714 1155 3781 Lebbe.

113 3802 237 3867 Desunt
251 3824 343 3867 voces
358 3806 393 3882 τῇ
408 3802 445 3866 δι’
460 3803 548 3865 αὐτοῦ
562 3780 595 3865 in
609 3801 685 3865 edit.
702 3799 842 3887 principe
859 3801 1021 3886 Epistolae.

156 3888 195 3953 P.
204 3907 257 3973 32.
274 3888 294 3951 l.
304 3909 353 3974 19.
369 3888 454 3952 θείαν
465 3888 626 3971 ἐνοίκησιν]
646 3886 762 3972 Margo
774 3886 892 3952 concil.
904 3890 988 3951 θείαν
997 3889 1155 3963 οίκείωσιν,

114 3996 183 4061 quae
198 3973 325 4059 quidem
339 3974 434 4039 lectio
448 3973 534 4037 haud
548 3972 623 4037 nlibi
638 3994 659 4036 e
672 3995 724 4036 me
738 3983 865 4058 reperta
879 3980 938 4038 est.
973 3975 1069 4039 Θείαν
1081 3976 1157 4038 ivol-

114 4086 199 4141 κησιν
220 4060 319 4125 huben
335 4082 432 4145 cupre
445 4059 478 4123 in
492 4081 562 4145 eep.
580 4078 610 4141 7.
648 4058 766 4123 Deficit
782 4080 844 4122 vox
859 4063 943 4124 θείαν
963 4060 995 4123 in
1010 4060 1108 4145 Ecpl'

113 4148 191 4213 tione
207 4146 418 4233 θαρίίιιίανναι
432 4167 488 4211 een
502 4144 697 4210 Auctione.
714 4166 746 4231 p.
759 4146 831 4209 826.
849 4145 960 4210 decit
972 4146 1020 4210 ed.
1038 4145 1158 4212 Lebbe.

617 4340 671 4387 02
