2867 4817
512 336 742 400 ΕΡΙΤΟΜΕ.
1088 340 1153 409 349

103 505 144 575 iu
164 503 321 603 pladium
346 505 443 579 dodo.
496 505 577 579 Nec
601 509 730 581 frustra
754 510 829 580 haec
856 511 1076 582 dictasunt:
1107 515 1152 584 si-

102 621 248 713 qnidem
270 631 351 715 post
377 623 486 694 breve
514 634 656 717 tempus
684 624 883 718 Imperator
912 625 1152 720 Vespasianus

101 735 252 809 Judaeos
268 739 471 822 debellavit,
488 750 526 810 et
543 750 654 812 terras
677 763 800 814 eorum
818 741 910 812 ferro
930 744 1074 837 ignique
1091 746 1152 815 de-

102 851 294 944 populatus
314 863 379 937 est,
397 855 555 927 obsessos
577 857 672 928 fumo
692 857 843 950 subegit,
867 857 1151 952 Hierosolymam

102 969 244 1052 evertit,
277 972 435 1063 captivos
468 973 713 1065 triumpharit,
748 974 892 1056 caeteris,
927 977 987 1067 qui
1026 974 1152 1067 reliqui

103 1082 258 1167 fuerunt,
275 1088 379 1157 terrIs
401 1088 473 1158 suis
495 1089 690 1170 interdixit,
708 1088 896 1180 nequando
913 1091 955 1160 iis
975 1091 1021 1160 ad
1037 1090 1151 1161 solum

101 1201 258 1291 patrium
279 1204 408 1272 reverti
433 1201 567 1273 liceret.
619 1204 711 1287 Quae
734 1227 756 1274 a
780 1203 868 1289 Deo,
887 1215 1032 1299 propter
1052 1205 1150 1277 illam

102 1313 237 1386 Christi
270 1339 424 1400 crucem,
457 1318 552 1389 faeta
585 1329 677 1404 suut,
712 1329 754 1389 ut
793 1320 861 1391 hoe
896 1323 934 1391 in
967 1322 1150 1414 scripturis

101 1453 227 1502 eorum
252 1431 434 1505 Salomoni
459 1443 543 1505 anto
569 1443 721 1506 testatus
751 1437 807 1518 sit,
838 1437 977 1507 dicens:
1006 1434 1057 1508 Et
1085 1437 1152 1507 erit

101 1543 219 1618 Israel
240 1549 280 1618 iu
298 1549 541 1644 perditionem,
563 1559 595 1620 et
620 1551 659 1620 ia
685 1552 935 1646 improperium
955 1550 1095 1646 populo,
1121 1561 1153 1623 et

101 1661 224 1734 dorum
244 1663 318 1737 icoc
350 1665 417 1737 erit
450 1665 592 1749 deserta,
623 1676 656 1737 et
683 1668 796 1738 amuis
826 1667 887 1760 qui
917 1669 1062 1763 transiet
1084 1690 1152 1761 per

102 1777 210 1862 illam,
231 1779 471 1864 admirabitur,
489 1791 521 1853 et
538 1781 647 1853 dicet:
674 1781 827 1878 Propter
843 1805 945 1877 quam
963 1807 1034 1854 rem
1052 1783 1150 1856 Deru

88 1893 185 1990 ficit
201 1905 305 1966 terrra
325 1894 407 1967 liuic
422 1905 455 1969 ct
476 1895 558 1968 liuic
574 1897 693 1968 domui
708 1895 783 1969 lcoec
803 1896 927 1969 mma?
959 1897 1010 1969 Er
1026 1898 1148 1983 dicerit,

100 2012 186 2104 quia
210 2010 464 2106 dereliquerunt
489 2011 682 2083 Dominum
709 2012 824 2084 Deum
851 2037 962 2085 suum
993 2015 1028 2103 (l
1060 2015 1148 2109 Reg.

99 2130 150 2196 ix.
174 2125 208 2198 6.
234 2132 346 2223 seqq.)
375 2139 408 2201 et
434 2130 608 2223 persecuti
635 2140 716 2201 suut
750 2129 878 2227 Iiepem
912 2153 1012 2201 suum
1047 2128 1150 2202 diiec-

100 2242 273 2313 tireimum
306 2242 394 2327 Deo,
428 2253 460 2314 et
489 2246 729 2315 mmmomuut
759 2243 856 2315 iilum
886 2246 924 2314 iu
957 2243 1151 2316 humilitate

100 2381 248 2456 mappa.-
269 2369 414 2454 propter
435 2357 499 2430 ioo
521 2360 720 2455 importavit
737 2359 808 2430 iilis
831 2359 929 2432 Deru
952 2361 1043 2434 maia
1066 2361 1148 2434 icccc.

99 2474 160 2562 (In
191 2475 317 2547 Bibliis
342 2476 537 2568 posteriora
561 2475 636 2546 haec
666 2500 737 2546 non
765 2481 998 2568 comparent.)
1052 2478 1148 2562 Quid

98 2591 195 2660 enirn
213 2614 284 2661 non
301 2600 530 2673 mererentur,
549 2593 610 2683 qui
629 2590 835 2676 Dominum,
853 2593 912 2684 qui
930 2594 975 2663 ad
997 2593 1147 2666 sulutem

98 2708 255 2798 ipsorum
274 2718 428 2792 venerat,
445 2709 696 2798 peremerunt?

481 2921 591 2993 CAP.
618 2921 782 2993 XLVII.

151 3056 334 3127 Posthac
358 3057 559 3126 detractum
582 3054 742 3148 patibulo
762 3076 888 3146 corpus
915 3067 1147 3126 monumento

96 3173 342 3244 condiderunt.
395 3170 532 3242 Verum
558 3172 665 3241 tertio
691 3171 750 3240 die
779 3179 862 3240 aute
893 3169 1020 3250 lucem,
1046 3179 1147 3242 terrae

96 3297 200 3358 mot-u
235 3289 339 3370 faeta,
373 3309 415 3357 ae
452 3286 614 3357 revoluto
652 3286 778 3379 lapide,
813 3309 884 3376 quo
922 3285 1146 3377 sepulchrum

96 3407 307 3487 clauserant,
342 3405 544 3476 resurrexit.
608 3404 651 3474 Iu
681 3403 868 3500 sepulchro
902 3411 1022 3473 autem
1058 3403 1146 3473 nihil

96 3523 165 3591 nIsi
188 3522 325 3592 exuviae
347 3522 502 3614 corporis
525 3528 608 3591 sunt
630 3531 792 3612 repertae.
845 3518 967 3612 Ipsum
990 3542 1073 3588 vero
1094 3543 1148 3589 re-

97 3646 338 3708 surrecturum
366 3639 424 3708 die
453 3638 560 3706 tertio
579 3638 656 3730 jam
682 3636 768 3706 olim
797 3635 977 3729 prophetae
1007 3635 1147 3712 fueram

97 3753 291 3845 praelocuti.
343 3752 461 3824 David
481 3753 518 3821 in
540 3752 682 3823 Psalmo
698 3773 757 3822 xv.
779 3752 869 3840 (10.)
898 3749 979 3821 Nou
1002 3748 1148 3820 ‹teretiu-

97 3892 181 3963 pucs
205 3869 357 3940 animam
383 3891 493 3939 meam
522 3867 570 3939 ad
597 3866 739 3963 inferos,
770 3891 831 3937 uec
864 3865 961 3937 dabis
992 3875 1145 3938 sanctum

97 3994 196 4056 tuum
211 3981 328 4056 uidere
345 3985 609 4080 corruptionem.
645 3984 739 4055 Item
758 3983 851 4054 Osee
873 3983 962 4076 (xiii.
982 3987 1039 4064 13,
1056 3983 1145 4070 14.);

95 4097 173 4171 Hic
189 4098 293 4195 fitius
318 4125 412 4172 meus
438 4102 585 4196 sopiens,
604 4109 749 4195 propter
773 4098 865 4194 quod
886 4121 977 4170 nuuc
1002 4121 1071 4170 uou
1094 4121 1147 4169 re-

95 4217 192 4288 sistet
216 4218 254 4286 iu
270 4217 555 4290 contribulatione
571 4214 732 4310 fitiorum
754 4237 905 4296 suorum,
924 4224 955 4285 et
978 4213 1019 4285 de
1042 4237 1146 4285 uranu

583 4351 604 4392 r
620 4351 641 4414 y
655 4347 673 4395 a
