2867 4817
204 269 257 333 IN
276 271 308 334 S.
325 270 464 335 CYPR.
480 270 545 335 DE
562 270 751 336 IDOLOR.
767 270 1033 335 VANITATE.
1099 271 1165 339 337

115 440 199 505 lionis
213 439 346 527 obsequii
358 441 662 525 etfideisortion'ein
672 447 798 507 textum
811 441 926 528 reeepi.
949 440 990 506 In
1004 442 1074 507 eod.
1088 464 1164 507 vero

115 526 194 591 Novi
217 527 295 592 0011.
319 528 406 593 dioto
424 548 452 591 1.
481 535 515 593 et
536 527 569 591 in
592 528 661 593 eod.
684 528 847 593 Drnriano
867 527 1034 593 vetustiori
1057 528 1164 614 posita

114 619 187 677 simt
201 618 332 678 tantum
345 614 443 679 verbe
455 613 548 677 mado
563 614 730 697 fideliores,
745 613 870 679 omissis
883 613 953 693 illis,
967 614 1101 678 molion's
1114 615 1163 679 ob·

113 698 210 784 equit
223 708 253 764 at
265 699 346 782 fidei
352 699 505 785 senioris,
521 701 606 785 quod
626 706 660 765 et
679 698 801 764 foetum
816 706 866 765 est
880 697 913 763 in
927 700 1067 765 editione
1082 701 1162 765 Gro-

114 784 207 849 novii.
251 784 393 850 Mutant
406 784 537 871 obsequ&
550 787 664 869 etfldei
674 786 819 869 sotion's
833 786 906 850 MS.
922 785 1101 851 Drunanm
1114 808 1162 851 re·

114 870 237 935 oentior
258 871 375 936 omissa
395 893 471 937 vooe
492 871 594 935 multo.
639 873 720 937 (ium
740 872 876 936 leotione
897 871 1071 937 Baluziana
1089 894 1163 937 eon-

113 956 212 1021 sentit
228 956 300 1021 MS.
315 979 404 1022 meus
418 956 493 1021 olim
509 956 717 1022 Meermanni.

167 1042 207 1107 P.
224 1044 342 1193 απ.
360 1062 389 1107 2.
420 1043 616 1108 illuminator
637 1051 670 1109 et
693 1044 849 1108 deductor
869 1043 1000 1108 humani
1020 1044 1158 1131 generis]

115 1128 219 1214 Vulgo
313 1151 358 1208 or,
381 1130 438 1194 sed
460 1128 604 1193 deductor
631 1136 820 1216 receperunt
844 1128 920 1193 olim
948 1129 1101 1195 Oellarius
1129 1136 1164 1195 et

114 1214 302 1293 Gronovius,
317 1214 538 1300 reoentiusque
553 1214 741 1294 Lindnerus,
754 1215 831 1279 dnm
845 1215 900 1279 din
915 1222 991 1280 ante
1005 1215 1045 1279 Iti
1099 1216 1165 1280 tius

114 1300 175 1365 hoo
199 1307 428 1365 annotaverat:
462 1308 481 1337 “
496 1300 641 1366 dem
663 1301 791 1365 lomoni
811 1302 952 1385 poneret:
979 1300 1024 1365 sio
1060 1301 1165 1387 egitur

115 1385 379 1471 “antiquissimis
394 1386 542 1487 Cypriani
557 1393 592 1452 et
606 1386 794 1452 Tertulliani
809 1386 1069 1472 exemplaribus!
1099 1387 1164 1451 Ex-

115 1478 277 1557 asporto
290 1472 434 1538 &ductor
447 1494 480 1537 m
495 1474 587 1537 oodd.
603 1474 727 1538 duobus
742 1471 824 1537 Novi
834 1472 922 1538 Oolle
944 1473 974 1550 ·i‚
990 1471 1164 1537 Druriano-

114 1558 718 1644 quevetnstioriaoTewateranomeis.
743 1558 818 1624 Vox
828 1559 927 1623 Tertu
951 1558 1165 1638 'aniest,eum

113 1642 190 1709 alibi
204 1650 320 1709 extans
333 1642 403 1709 tuin
418 1645 516 1709 etiam
530 1645 564 1709 in
586 1646 656 1731 ipso
675 1646 736 1709 hoe
752 1636 955 1731 Apologetiei
975 1644 1055 1723 loeo,
1071 1666 1165 1730 quem

113 1730 176 1794 hue
201 1730 367 1796 transtulit
382 1731 567 1816 Cyprianus.
612 1731 678 1795 Pro
707 1730 819 1795 eadem
844 1740 941 1796 rector
968 1730 1068 1796 babet
1091 1730 1164 1796 MS.

114 1816 294 1881 Drusianus
308 1816 475 1892 recentior,
490 1817 592 1882 dootor
608 1818 887 1884 Meermannanus.

158 1901 243 1965 Ibid.
267 1902 287 1965 l.
308 1923 341 1988 3.
365 1903 430 1967 Hie
453 1909 503 1967 est
524 1903 624 1967 virtus
650 1902 721 1981 Dei,
747 1903 818 1987 tro]
844 1901 1058 1967 Tertullianus
1079 1905 1164 1989 Apo·

114 1986 199 2089 lopot.
217 2010 287 2075 oap.
302 2007 354 2074 23.
389 1990 452 2052 Dei
474 1990 581 2065 oium,
601 1999 629 2054 et
650 1990 713 2055 Dei
734 1988 870 2074 spiram,
893 1998 922 2053 ot
941 2010 1044 2067 senno,
1067 1998 1097 2053 et
1116 2011 1165 2054 sa·

107 2076 242 2160 panio,
257 2083 285 2139 et
302 2076 393 2153 ratio,
408 2084 436 2139 et
450 2076 515 2139 Dei
528 2075 646 2141 Filius.
693 2074 810 2141 Confer
829 2082 864 2139 et
882 2074 1009 2140 initium
1027 2075 1082 2140 lib.
1096 2075 1166 2139 e'us

113 2160 151 2225 ds
169 2161 323 2236 Oratim
342 2183 439 2248 supra
459 2182 534 2247 pag.
550 2178 603 2244 97.
648 2160 702 2227 Ita
725 2160 814 2225 etin
836 2160 1040 2246 sequentibus
1061 2184 1093 2225 m
1126 2168 1163 2226 ta

112 2246 176 2311 huo
190 2246 349 2311 translata
371 2254 446 2311 sunt
466 2268 506 2311 ex
521 2270 590 2332 oap.
604 2265 654 2311 20.
673 2245 773 2331 ejusd.
788 2246 944 2332 Apoloyot.
960 2247 1162 2332 quemadmo-

115 2332 192 2396 dum
222 2332 255 2396 in
281 2355 318 2397 su
358 2333 494 2399 rioribus
517 2331 653 2418 plurima
673 2334 741 2417 jam
766 2340 843 2397 ante
866 2332 1020 2397 debuerat
1049 2340 1163 2399 auetor

115 2418 260 2483 Minucio
275 2417 322 2483 Fe
336 2419 384 2487 'oi.

158 2504 241 2570 Ibid.
256 2505 277 2569 1.
289 2525 320 2591 5.
343 2505 377 2569 in
395 2504 548 2591 virginem
568 2504 741 2591 delabitur]
767 2504 923 2586 Quoniam
943 2504 1003 2569 hoe
1023 2527 1083 2590 pro
1096 2505 1162 2569 rul-

111 2598 192 2677 gato
206 2590 354 2671 illalum,
371 2598 437 2657 tres
451 2591 603 2657 exhibent
620 2590 745 2655 eodioes
763 2590 796 2653 in
811 2591 888 2655 edit.
903 2591 1006 2656 Oxon.
1021 2591 1162 2667 adduoti,

112 2684 150 2742 et
171 2684 239 2743 tres
257 2677 301 2741 illi
321 2678 407 2763 apud
427 2677 554 2742 Novum
575 2677 759 2763 Collegium,
780 2677 905 2763 meique
923 2676 1035 2740 itidem
1053 2698 1163 2741 mann·

112 2764 236 2847 seripti,
252 2763 336 2830 idem
350 2786 410 2850 ego
425 2764 560 2850 praetuli,
571 2764 657 2849 quod
672 2770 705 2828 et
715 2764 791 2827 feeit
800 2762 979 2827 Lindnerus
993 2761 1163 2826 Gellarium

112 2856 252 2915 secutus.
298 2850 438 2915 Verbum
452 2856 587 2935 praestat
603 2849 829 2914 Tertullianus.

158 2934 242 3000 Ibid.
264 2957 391 2999 earnem
414 2936 552 3022 Spiritus
571 2934 709 3000 Sanetus
728 2933 884 3019 induitur]
909 2933 1025 3000 Confer
1038 2935 1126 2999 Rom.
1141 2934 1163 2999 i.

112 3040 146 3107 3.
157 3042 190 3099 4.
205 3021 259 3086 ubi
275 3022 346 3086 duae
361 3030 484 3087 natmoe
500 3020 619 3087 Obristi
633 3020 678 3085 sio
692 3020 868 3107 signantur.

157 3106 242 3171 Ibid.
257 3107 278 3171 l.
302 3126 351 3174 10.
374 3108 525 3174 Sciebant
545 3114 579 3172 et
603 3107 726 3191 Judaei]
755 3110 826 3171 lsta
846 3112 880 3170 et
900 3128 970 3192 qnae
1044 3114 1165 3172 uuntur

111 3192 214 3343 {prmo
233 3199 342 3343 {unita
361 3202 435 3260 sunt
449 3192 557 3259 omnia
571 3216 610 3257 ex
626 3193 731 3278 eapite
748 3128 1163 3278 21.Apologetidieq'l'e1tul·

137 3300 202 3343 ani.
264 3302 351 3345 muz.

159 3365 244 3429 Ibid.
267 3366 288 3431 l.
301 3386 349 3429 11.
375 3365 576 3430 monentibus
603 3364 871 3449 adnuntiabatur]
896 3362 992 3429 Hane
1015 3363 1164 3431 editionis

111 3452 272 3551 prinoipis·
289 3451 464 3551 lectionem,
488 3474 584 3537 quam
605 3452 735 3552 firmant
756 3458 880 3551 septem
901 3452 1015 3515 saltem
1039 3452 1164 3516 oodiees

110 3534 735 3723 mqqqchpltZOprquoppliagqqnoqqtglpz
744 3558 889 3708 {illidii
902 3622 1039 3720 hominis
1052 3620 1162 3707 iunge·

110 3709 218 3794 retur]
239 3709 331 3792 Quod
344 3707 508 3775 obsounus
522 3709 574 3773 hio
589 3709 714 3795 seripsit
728 3715 851 3787 auster,
866 3707 898 3771 in
914 3708 1059 3773 ommbns
1073 3706 1162 3773 libris

111 3802 232 3861 extat·

159 3881 242 3945 Ibid.
257 3879 278 3945 l.
295 3899 347 3963 29.
371 3879 598 3946 existimabant
619 3902 748 3967 magum
769 3880 810 3944 de
831 3878 960 3945 lieentia
972 3878 1159 3966 potestatis]

112 3967 263 4032 Positum
281 3974 331 4032 est
352 3966 476 4031 laonio
490 3966 648 4052 potestates
666 3988 726 4051 pro
745 3988 783 4030 eo
799 3966 885 4051 quod
903 3973 962 4042 est
985 3964 1162 4051 amplitudo

113 4053 194 4137 ejus.
222 4052 436 4119 Tertullianus
451 4074 520 4139 oap.
534 4073 584 4117 20.
609 4051 822 4138 Apologetiei‚
840 4052 933 4131 Quem
946 4052 1043 4137 ἐρέται·
1055 4052 1162 4116 alara

113 4138 201 4205 modo
222 4138 368 4205 lomim
391 4148 651 4225 proesmapserant
671 4138 709 4202 de
735 4138 913 4215 bumilitate,
935 4136 1109 4223 nepotatur
1130 4148 1164 4209 ot

613 4246 672 4289 xx
