2867 4817
304 382 326 443 8
697 378 956 443 PnAEFArlo.

305 549 433 615 Letinae
465 556 587 616 veteres
617 551 784 636 utriusque
809 550 952 636 epietoloe
977 548 1096 635 liquido
1121 549 1349 616 demonstrant.

305 654 412 721 Nihilo
426 660 536 720 temen
550 654 662 732 minue,
679 655 830 740 quoniam
843 654 877 718 in
891 653 999 719 codice
1009 654 1105 717 modo
1118 652 1206 717 dicto
1222 650 1350 717 Floren-

303 756 383 833 tino,
409 756 496 822 nullc
520 758 710 843 interposite
737 758 952 836 distinctione,
976 756 1025 821 vel
1051 754 1199 821 cdhibito
1221 752 1350 819 alteriue

303 858 389 923 tituli
410 859 600 939 discrimine,
623 861 811 945 posteriora,
830 860 962 946 perinde
980 880 1019 925 cc
1040 857 1158 945 priore,
1175 854 1350 941 Polycarpo

302 960 498 1043 tribuuntur,
513 962 586 1027 hinc
599 970 706 1027 ortum
720 970 780 1039 eet,
792 970 829 1028 ut
843 969 949 1027 totum
960 962 1056 1040 intud,
1068 960 1263 1025 diversorum
1277 957 1372 1025 licett

303 1070 479 1145 rumonim,
495 1065 631 1131 ediderit
645 1066 677 1131 in
700 1066 808 1131 Variis
823 1066 930 1131 daeo
943 1062 1136 1149 conjunctim
1154 1082 1239 1127 nnno
1258 1062 1349 1147 1685,

302 1166 420 1251 publici
437 1167 520 1251 juris
541 1166 645 1243 lectis,
661 1166 844 1252 Stephanus
860 1166 1028 1252 Lemoync,
1052 1165 1142 1251 qucei
1164 1186 1204 1229 ex
1225 1163 1348 1229 ratione

302 1270 440 1355 quodem
465 1291 504 1334 ac
528 1276 617 1334 certo
642 1269 781 1348 consilio,
808 1276 848 1334 ut
872 1269 939 1355 ipse
964 1268 1021 1347 ait,
1047 1267 1131 1332 idem
1156 1266 1254 1333 fuerit
1277 1290 1348 1333 con-

298 1372 454 1457 junctum.
509 1373 611 1435 Porro
636 1371 754 1437 statuit
782 1371 816 1435 in
842 1369 1078 1457 Prolegomenie
1102 1370 1167 1434 euie
1192 1369 1348 1435 viridem

301 1473 456 1552 eruditus,
471 1479 576 1539 totum
590 1474 686 1552 istud,
702 1495 759 1538 eeu
773 1480 941 1559 utromque
955 1472 1131 1559 epistolam,
1143 1471 1241 1536 tribui
1256 1494 1348 1559 poene
1362 1492 1390 1531 ιο

302 1575 498 1663 Polyccrp03
523 1598 619 1662 quem
634 1577 762 1662 quidem
776 1576 968 1642 cententicm
978 1598 1068 1641 eucm
1078 1575 1148 1641 cliie
1160 1575 1235 1640 viris
1245 1575 1349 1641 doctis

300 1678 428 1744 minime
448 1678 607 1764 probavit.
651 1679 832 1761 Quinimmo
853 1679 977 1745 tollitur
995 1680 1064 1744 haec
1082 1678 1199 1764 opinio,
1213 1700 1255 1743 ne
1272 1678 1348 1765 qnid

299 1782 386 1847 ultre
410 1803 592 1857 memorem,
618 1782 850 1869 subscriptione
874 1782 991 1848 codicis
1017 1781 1188 1857 Vcticcni;
1224 1780 1347 1867 inquo

300 1884 427 1969 quidem
461 1882 635 1969 colophone
666 1885 846 1971 posteriora
878 1884 923 1948 illi
956 1883 1108 1970 epistolae,
1139 1906 1211 1970 qnae
1243 1882 1347 1949 fertur

300 1986 471 2065 Bernebae,
486 1986 695 2054 vindicentur.
722 1987 747 2051 J
747 2010 800 2052 cm
814 2009 889 2053 vero
904 1986 994 2052 licuit
1008 1986 1087 2050 milri
1102 1986 1264 2073 Opueoulo
1278 1987 1346 2051 hice
1358 1999 1387 2058 15

298 2092 403 2155 denuo
416 2089 589 2175 proferenti
604 2088 755 2155 lectorem
770 2091 937 2155 certiorem
948 2089 1062 2169 locere,
1075 2112 1168 2155 usum
1179 2089 1278 2155 fuisse
1286 2090 1345 2155 hoc

298 2191 514 2279 manuscripto
535 2198 671 2267 vetusto,
694 2192 826 2277 perinde
846 2214 885 2257 cc
906 2192 1092 2256 Florentino
1111 2192 1174 2271 illo,
1188 2198 1224 2256 et
1242 2192 1346 2258 altero

299 2292 481 2371 Pcu’sienei‚
497 2292 551 2379 qui
573 2298 623 2357 est
639 2293 740 2357 codex
758 2293 926 2373 recentior,
945 2292 978 2357 in
997 2293 1185 2359 edorncndc
1205 2293 1346 2361 editione

298 2416 356 2459 cue
381 2396 514 2459 Patrem
538 2394 777 2481 Apoecidem-em
802 2397 840 2462 cl.
865 2397 1092 2474 Jcccbeonum
1115 2394 1149 2461 in
1169 2419 1234 2482 quc
1251 2405 1345 2465 extet

299 2497 494 2587 Polycarpus
509 2495 567 2561 SS.
580 2496 734 2565 Clementi
750 2507 847 2587 etque
864 2499 991 2587 lgnetio
1005 2499 1186 2585 adjunctus.
1354 2524 1387 2565 20
