2867 4817
192 295 245 360 IN
262 296 294 359 S.
313 290 550 358 CYPRIANI
566 290 631 355 DE
648 287 1021 354 MORTALl'l'ATE.
1074 285 1140 349 sle

95 464 324 533 Tertullianum
347 486 384 529 su
405 484 444 529 ra
466 463 609 541 allatum,
637 462 794 527 0022222222.
810 461 917 546 Aperi.
940 459 994 525 vii.
1019 478 1049 543 3.
1083 452 1138 521 Fr.

95 554 240 619 Balduin.
257 552 294 617 de
308 551 385 636 Lepi
456 550 645 614 0022222121
655 550 704 613 M.
719 548 775 611 lib.
792 546 838 609 ΙΙ.
854 568 885 632 p.
900 565 971 630 209.
988 546 1037 610 ed.
1052 543 1138 629 Lips.

95 641 251 725 Optatum
272 638 309 703 de
331 636 495 701 8011222020
517 635 671 699 Dentatis.
693 634 747 698 lib.
771 631 817 696 11.
841 655 868 697 0.
888 651 937 699 22.
960 654 991 718 p.
1007 648 1062 716 45.
1088 632 1139 695 ed.

95 725 210 811 Dupin.
234 726 268 790 S.
284 722 474 809 Gregorium
497 720 575 785 Naz.
591 720 732 806 mesola
748 738 820 801 219.
865 719 1018 785 (leniores
1041 723 1075 782 et
1100 718 1140 781 de

94 814 261 877 0221022222
284 810 317 875 S.
340 808 514 895 Scripturoe
535 806 631 885 locos,
653 828 733 891 2202
754 806 806 871 1210
827 806 1019 882 memorabo,
1041 806 1139 889 Apes.

94 922 123 962 x.
139 901 171 963 6.
187 896 265 962 Heb-
281 896 321 961 vi.
341 898 389 973 16,
409 913 458 975 17.
480 912 492 957 1
515 894 652 957 Taeter.
669 908 719 974 27.

136 984 223 1048 lbid.
238 983 260 1046 l.
277 1002 295 1045 2
296 1000 327 1067 5.
353 988 387 1046 02
401 981 541 1045 delectat
555 979 607 1043 hic
623 978 696 1065 &c.]
710 978 951 1059 Ἐρωτηματικῶς
965 976 1107 1062 legenda.

136 1070 175 1135 P.
192 1069 335 1133 280.1.2
359 1117 367 1131 .
394 1067 556 1131 0122122222
578 1064 775 1129 credentium
795 1064 999 1150 magistrum]
1026 1063 1140 1148 Vulgo,

96 1157 251 1223 Clanum
274 1176 307 1218 cr
393 1154 457 1216 iam
480 1152 653 1216 Dominum
676 1160 710 1215 et
738 1152 927 1235 mopietram.
981 1150 1044 1214 Sed
1068 1172 1142 1214 vero

94 1240 307 1308 nescientibus
326 1240 387 1303 1200
409 1239 664 1303 additamentum
685 1244 754 1301 tam
779 1236 970 1301 editionibus
992 1237 1143 1322 Cypriani

94 1326 331 1401 vetustioribus,
342 1346 438 1410 quam
453 1323 542 1389 libris
556 1323 691 1408 seriptis,
708 1323 813 1409 22021
836 1344 870 1387 se
885 1322 1013 1400 contuli,
1024 1330 1144 1409 praeter

96 1416 175 1481 alios
197 1434 320 1491 novem,
343 1432 478 1497 quorum
499 1410 638 1475 varietas
658 1411 690 1474 in
709 1408 787 1473 edit.
833 1431 907 1474 ron.
922 1408 1063 1474 adducta
1084 1418 1142 1486 est,

96 1502 181 1565 idem
205 1499 292 1564 istud
315 1497 464 1583 expunxi.
510 1495 611 1561 Simili
636 1497 675 1560 de
697 1517 794 1561 causa
808 1518 917 1561 vocem
936 1496 1049 1560 scilicet
1092 1503 1145 1560 022

95 1588 200 1652 docem
213 1585 268 1649 lin.
281 1604 332 1665 27.
354 1584 521 1648 delendam
536 1582 652 1647 censui.
697 1582 789 1647 Idem
807 1604 903 1668 porro
925 1519 1145 1667 utroqueloco

95 1674 128 1737 in
138 1671 278 1737 editione
290 1692 391 1755 nuper
403 1670 524 1734 iactum
539 1690 608 1733 esse
622 1668 714 1733 video
726 1672 759 1734 S.
772 1670 923 1755 Cypriani
936 1669 1145 1755 prwbrmon

96 1760 141 1825 ad
166 1759 325 1841 Manem
345 1766 374 1820 et
398 1756 589 1838 Ooafcsserec,
614 1755 649 1818 io
677 1776 765 1819 asom
790 1756 997 1841 Oonseceormn
1020 1754 1146 1820 eccleaioe

99 1844 272 1911 Galum
289 1842 498 1923 Lond.1792.
542 1840 608 1906 Ubi
624 1841 699 1905 odit.
712 1842 925 1907 Oxoniensem
946 1848 1090 1906 secutum
1111 1864 1146 1906 se

97 1953 176 2009 esse,
200 1930 256 1994 sed
274 1935 384 1994 tamen
406 1928 566 1992 variantes
587 1926 740 1992 lectiones
762 1928 865 1992 eidem
887 1928 1047 2014 subjectas
1069 1950 1146 1993 non-

97 2036 260 2101 nunquam
276 2014 431 2100 selegisse,
447 2014 551 2078 editor
564 2014 743 2099 profitetur.

142 2103 180 2166 P.
193 2102 266 2167 281.
280 2101 301 2165 1.
315 2120 365 2165 20.
381 2106 415 2164 02
430 2098 453 2164 S
475 2100 567 2163 iritus
582 2121 640 2163 nos
655 2100 809 2186 perducat
823 2100 864 2164 ad
877 2100 983 2164 Deum
997 2101 1145 2189 Patrem]

95 2188 143 2255 m
160 2188 299 2253 Otaces
311 2207 364 2250 202
377 2206 440 2271 per
550 2186 595 2249 od
607 2187 710 2250 Dcwm
725 2187 863 2251 Patrem.
908 2186 961 2251 Sic
983 2188 1093 2273 scripsi
1107 2209 1148 2251 ex

98 2276 162 2340 lide
177 2280 317 2360 quatuor
330 2279 473 2337 vetemm
488 2271 715 2356 exemplarium
729 2294 788 2359 pro
802 2295 841 2337 eo
855 2274 940 2357 qnod
954 2280 1052 2339 antea
1066 2273 1148 2359 lege

98 2362 197 2427 batur
212 2360 360 2446 Spiritus
408 2359 448 2422 In
462 2358 586 2423 duobus
605 2364 714 2422 autem
729 2380 769 2423 ex
783 2358 822 2422 iis
837 2366 975 2443 quatuor
989 2361 1149 2425 codicibus

99 2448 255 2533 scriptum
275 2451 325 2509 est
341 2444 480 2509 Christro
494 2465 532 2507 eo
552 2445 725 2529 modoque
765 2466 800 2509 er
814 2446 1034 2532 compendium
1049 2468 1147 2532 quan-

99 2535 206 2619 doque
220 2532 302 2597 solet
317 2530 411 2595 scribi
425 2530 572 2615 82212222,
588 2538 622 2594 02
637 2552 736 2616 supra
742 2468 863 2595 lincam
877 2532 1030 2617 scriptum
1044 2541 1095 2598 est
1105 2532 1152 2597 cel

100 2620 251 2706 Spiritu.
296 2616 399 2680 Porro
420 2636 505 2701 saepe
526 2616 559 2679 in
580 2615 722 2701 antiquis
747 2617 907 2682 codicibus
926 2619 1150 2705 manuscriptis

100 2728 121 2771 c
163 2726 235 2769 rum
249 2703 352 2768 saneti
367 2701 516 2787 Cypriani
539 2709 573 2767 et
586 2702 721 2767 aliorum
737 2710 879 2767 veterum
896 2705 1086 2790 scriptorum
1101 2728 1150 2770 eo-

99 2791 351 2858 cesiasticorum
365 2788 430 2852 vidi
444 2788 598 2873 scriptum
614 2788 753 2874 Spiritus
768 2810 830 2889 pro
847 2790 983 2854 62222222
997 2798 1031 2856 02
1045 2814 1064 2855 0
1078 2813 1150 2855 con-

100 2900 205 2955 verso,
221 2874 364 2961 inprimis
378 2896 453 2938 vero
467 2875 553 2960 apud
576 2881 740 2939 auctorem
754 2875 827 2939 hbri
841 2877 882 2940 de
897 2875 1149 2963 Rebaptismate,

100 2965 158 3051 qui
172 2982 246 3049 pag.
261 2964 337 3047 364.
353 2959 491 3025 referens
506 2960 609 3025 locum
629 2982 668 3024 ex
684 2961 830 3048 Epistola
849 2964 953 3047 prima
967 2963 990 3026 J
992 2964 1103 3028 oannis
1117 2964 1151 3027 in

100 3074 167 3137 quo
190 3049 201 3112 1
243 3049 308 3112 'tur
331 3046 468 3111 Otreres
488 3056 530 3110 est
551 3048 664 3111 ortae
685 3048 792 3133 poenit
813 3050 953 3133 Spiritus
968 3060 1009 3114 cst
1029 3051 1151 3115 ceritas.

101 3138 178 3203 Scio
250 3134 364 3197 ristum
389 3132 464 3197 alibi
490 3133 597 3197 vocari
619 3134 784 3235 Spiritum,
807 3136 905 3199 etiam
934 3138 1021 3222 apud
1042 3137 1152 3223 Cypri-

99 3242 211 3289 anum.
258 3220 321 3284 Sed
337 3239 408 3283 cum
422 3218 596 3283 habeamus
610 3219 705 3284 airam
720 3221 887 3285 lectionem
902 3221 1083 3302 faciliorem,
1099 3246 1152 3288 ne-

100 3330 192 3375 cesse
207 3328 272 3370 non
286 3312 336 3370 est
351 3326 422 3369 eam
441 3304 579 3369 retinere
593 3328 664 3391 quae
679 3315 788 3392 potest
802 3308 920 3373 habere
934 3310 1153 3375 difficultatem

100 3404 137 3461 et
161 3394 313 3459 inducere
338 3390 577 3456 obscuritatem.
621 3391 703 3457 Haec
728 3391 895 3458 Bsnozms.
947 3397 997 3461 At
1021 3404 1154 3482 propter

99 3478 331 3548 antecedentia
345 3478 442 3542 verba
456 3484 595 3542 veterem
604 3478 716 3543 reduxi
730 3479 907 3559 lectionem,
923 3504 993 3566 quae
1007 3483 1155 3548 firmatur

101 3566 235 3653 scriptis
257 3563 427 3641 codicibus,
444 3585 523 3647 quos
544 3564 651 3641 seiam,
669 3566 814 3630 omnibus
836 3576 954 3653 praeter
972 3590 1091 3653 paucos
1114 3592 1155 3633 ex

124 3655 180 3719 lus
205 3651 340 3737 triginta
366 3648 553 3713 Baluzianis.
610 3650 800 3732 Quinetiam,
826 3652 902 3717 dnm
925 3654 1008 3719 hunc
1028 3656 1156 3740 quidem

101 3678 213 3806 locum
243 3743 358 3811 mutat,
389 3734 507 3799 oblitus
532 3742 581 3800 est
609 3736 657 3800 vir
686 3738 887 3804 doctissimus
918 3742 1048 3806 canonis
1076 3743 1156 3807 ortis

103 3826 238 3901 criticen,
255 3822 308 3907 221
323 3820 547 3899 obscuriorem,
560 3824 753 3909 caeteroquin
768 3827 912 3911 probam,
928 3826 1095 3892 lectionem
1106 3829 1156 3913 ju-

103 3915 164 3979 bet
179 3932 239 3975 nos
254 3908 415 3995 amplecti.

151 4000 193 4062 P.
211 3996 309 4060 282.1
334 4015 367 4081 3.
390 3993 549 4079 scriptura
570 3994 684 4073 divina,
701 3997 808 4061 dicens
831 4000 903 4084 dte]
929 4000 1056 4065 Videsis
1075 4001 1158 4066 inira
1183 4004 1186 4007 ’

106 4106 181 4235 2222
205 4083 246 4146 de
275 4081 335 4145 hoc
364 4081 446 4146 libro
468 4080 677 4146 Ecclesiastico
706 4084 749 4148 ad
777 4083 917 4149 libellum
945 4087 983 4151 ds
1007 4089 1103 4173 Opere
1131 4098 1159 4153 et

144 4171 310 4252 1222202122
327 4170 355 4250 d.
373 4188 397 4231 2.
415 4168 645 4232 annotavimus.
828 4211 831 4217 -
