2867 4817
261 323 313 388 IN
335 323 368 389 S.
394 319 598 388 CYRILLI
622 323 773 389 EPIST.
797 324 965 389 SYNOD.
1095 327 1141 395 95

70 492 197 558 allatae
222 500 307 572 nint,
331 503 405 581 post
426 493 637 562 (ioneiliorum
659 494 838 561 Romanam
859 496 1032 562 editionem
1050 516 1139 582 repe-

70 579 170 644 titae.
216 578 337 644 Vocem
351 583 453 662 μόνοις
466 582 564 647 habet
579 588 612 647 et
622 579 716 667 hujus
731 581 873 667 epistolae
883 582 982 647 editio
992 582 1139 668 prinoeps

72 666 175 751 apud
186 667 267 730 Aeta
282 667 399 751 Syaodi
408 668 571 754 Ephesiam
585 669 696 733 Graeee
708 667 912 754 Heidelberg.
931 686 1023 755 1591.
1057 668 1139 753 Ejus

73 758 200 816 autem
235 753 386 818 leotiones
419 755 580 820 variantes
610 754 804 820 humanitati
835 755 936 820 debeo
961 753 1020 819 viri
1050 775 1137 818 reve-

74 838 182 901 rendi
197 837 352 924 Stephani
367 839 489 926 Reaye
507 840 700 905 bibliotheca
724 839 907 919 Bodleiano,
930 841 1020 926 eujus
1038 839 1138 904 facili-

76 930 203 1002 tatem,
238 926 467 1005 vereaundiam,
505 925 776 1010 eruditionemque
808 947 917 990 omnes
949 933 1134 1027 agnoscunt.

78 1010 216 1074 Eadem
230 1017 322 1076 extat
337 1012 495 1098 scriptura
508 1012 541 1075 in
556 1011 663 1076 eodioe
679 1013 751 1075 MS.
764 1012 865 1097 Regio
877 1011 1033 1090 Parisino,
1049 1033 1134 1076 num.

78 1097 164 1177 416.
182 1097 236 1181 qui
254 1097 380 1182 quidem
394 1099 483 1176 liber,
499 1098 620 1184 pariter
638 1119 676 1161 ao
692 1097 765 1162 MS.
783 1098 1001 1176 Ooislinianus,
1017 1099 1050 1161 in
1063 1119 1136 1184 gra

80 1181 171 1246 tiam
186 1203 290 1247 meam
304 1205 376 1248 aum
391 1183 528 1249 editione
550 1183 691 1270 prinoipe
710 1183 844 1248 collatus
862 1190 921 1263 est,
941 1205 1009 1248 rem
1028 1183 1101 1248 beni
1122 1220 1137 1232 -

80 1267 220 1332 nissime
242 1270 320 1333 mihi
344 1277 535 1354 proourante
558 1269 626 1333 viro
649 1268 688 1333 ol.
712 1269 747 1334 J.
765 1269 807 1333 A.
824 1269 965 1347 (immor,
993 1270 1026 1334 S.
1042 1271 1079 1333 Τ.
1096 1206 1135 1333 H.

80 1354 261 1420 academiae
280 1355 375 1441 hujus
399 1363 527 1422 oratore
550 1354 685 1441 publieo.
732 1356 773 1420 ln
793 1355 900 1420 codiee
922 1362 1031 1420 autem
1048 1355 1135 1420 Oois·

80 1439 210 1504 liniano
223 1443 316 1520 μόνον
330 1441 488 1506 scribitur.

132 1525 172 1590 P.
192 1527 240 1590 18.
255 1527 276 1589 l.
296 1547 346 1591 10.
374 1533 433 1592 τῶν
451 1525 518 1609 παρ’
533 1527 603 1607 ἡμῖν
628 1528 755 1612 σιωπῆς]
781 1528 840 1592 Ma
878 1550 898 1591 o
924 1527 1136 1593 Oeneiliorum

351 1613 666 1697 u
834 1549 1079 1700 a

84 1782 190 1931 lIinSto
212 1783 323 1884 Regio.
349 1783 468 1865 Vertit,
490 1807 581 1872 ευροι·
601 1794 700 1850 οοσιτο
721 1785 839 1850 silentio
862 1793 953 1850 vetus
978 1785 1136 1872 interpres

120 1891 173 1933 ron
195 1891 269 1934 uus.

134 1891 216 2019 Ibid.
243 1955 332 2042 l.19.
355 1956 446 2038 ἕστο]
484 1957 559 2022 Mor
581 1979 600 2021 ο
626 1956 837 2022 conciliorum
866 1956 962 2021 ἔσται.
1015 1957 1072 2022 Ita
1100 1965 1134 2022 et

85 2040 188 2106 editio
212 2041 369 2128 princeps.
414 2043 525 2109 Habet
548 1979 671 2129 oiipitar
690 2042 874 2129 Dionysius,
900 2043 957 2107 sed
982 2043 1060 2108 ἕστο
1080 2043 1135 2107 iir-

84 2133 179 2192 mant
192 2127 316 2193 aodioes
330 2127 440 2214 soripti
455 2129 573 2216 Regius
588 2136 621 2194 et
636 2129 764 2194 Ooislin.

132 2213 216 2278 lbid.
232 2213 250 2277 l.
265 2229 315 2299 25.
332 2217 380 2280 καὶ
394 2217 480 2303 τρίτῳ
495 2242 545 2280 σοι
560 2217 665 2301 τούτῳ]
685 2214 779 2295 Vide,
793 2237 865 2302 quae
880 2215 1010 2279 inferius
1020 2214 1054 2278 in
1072 2215 1134 2281 hae

86 2297 235 2364 Seetione
250 2308 433 2385 sequuntur.
492 2367 499 2376 ,

131 2385 172 2449 Ρ.
189 2407 237 2471 19.
253 2387 271 2450 l.
284 2407 315 2469 4.
341 2388 388 2451 rai
413 2390 439 2452 ri
462 2388 502 2468 μὴ
524 2393 610 2451 τοῦτο
636 2386 775 2469 δράσειεν
799 2388 818 2467 ἡ
843 2387 883 2466 σὴ
906 2386 1063 2473 εὐλάβεια]
1093 2387 1133 2452 In

86 2472 229 2557 margine
243 2471 360 2536 eodiois
379 2473 470 2560 Regii
489 2479 581 2538 extat
605 2473 666 2537 hoo
686 2472 848 2538 soholium.
864 2480 917 2553 Ση.
935 2474 1132 2558 (σηρείωσαι)

87 2558 134 2622 ὅτι
149 2558 196 2621 καὶ
214 2559 271 2639 πρὸ
291 2562 342 2637 τῆς
363 2561 561 2639 οἰκουμενικῆς
582 2561 710 2622 συνόδου
732 2560 929 2623 &mondaverat
953 2563 1004 2638 τῆς
1027 2585 1131 2623 κοινω-

88 2646 154 2710 νίσς
167 2649 226 2708 τῶν
242 2647 406 2724 ἐκκλησιῶν
420 2647 437 2708 ὀ
458 2645 622 2726 Νεστόριος
641 2648 690 2709 διὰ
709 2643 764 2723 τὴν
778 2645 868 2708 αὐτοῦ
889 2648 923 2708 ἐν
941 2650 1017 2709 πᾶσι
1031 2671 1132 2727 κηρυτ-

87 2728 215 2810 τομένην
230 2731 354 2812 αἵρεσιν.
400 2729 558 2794 Habitum
572 2736 622 2794 est
640 2751 724 2794 anno
739 2730 858 2796 Ohristi
876 2750 938 2814 431
959 2730 1133 2796 Gonoiiium

88 2814 292 2899 Ephesinum,
308 2822 342 2880 et
356 2816 517 2902 superiore
535 2837 620 2880 anno
639 2816 794 2901 synodum
813 2838 904 2880 suam
924 2815 1035 2881 Romae
1053 2816 1132 2881 eele-

88 2900 235 2965 braverat
250 2901 447 2966 Caelestinus.
478 2900 607 2966 Interea
616 2903 825 2988 quodeunque
839 2901 1132 2966 feeerintadversus

89 2985 270 3050 Nestorium
292 3009 351 3072 par
373 2988 442 3074 pari
463 2986 635 3052 referentes
653 2987 812 3062 oatholiei,
832 2986 866 3052 id
880 3009 955 3052 vero
971 3009 1030 3074 pro
1048 3011 1083 3053 se
1097 2995 1132 3054 et

90 3071 153 3136 suis
167 3072 282 3158 quique
298 3073 405 3138 fideles
418 3074 522 3138 faeere
540 3074 700 3138 debebant
714 3082 828 3140 eontra
845 3074 924 3153 illos,
940 3096 1020 3158 quos
1038 3095 1131 3138 nove-

88 3156 152 3223 rint
166 3179 234 3223 esse
247 3159 507 3245 praevaricatores
521 3159 594 3224 fidei
609 3166 642 3224 et
656 3159 787 3226 haeresis
799 3167 961 3246 patronos.

134 3244 214 3310 Ibid.
242 3245 261 3310 l.
280 3245 328 3309 18.
364 3247 527 3310 κοινωνικοὶ
555 3244 665 3313 πάντες
692 3247 776 3326 ἡμεῖς
806 3246 914 3395 ἐσμέν]
949 3246 1130 3310 Pronomen

89 3333 169 3410 ἡμεῖς
182 3353 222 3395 ex
236 3331 375 3396 editione
394 3331 535 3432 principe
555 3333 718 3407 revocavi3
748 3333 809 3397 etsi
823 3333 888 3396 istu
926 3337 1129 3396 nontantum

90 3416 140 3480 vul
180 3467 188 3494 ,
204 3417 372 3482 sedetiam
386 3440 407 3482 a
422 3418 528 3483 MStis
542 3416 643 3504 Regio
658 3427 692 3482 et
707 3418 833 3484 Coislin.
845 3418 946 3482 abest.

133 3439 211 3567 bid.
229 3503 249 3568 l.
263 3523 312 3569 20.
325 3505 408 3568 daot
422 3505 486 3589 (σοὶ
497 3510 560 3568 vet.
582 3505 705 3590 Interp.
718 3504 904 3589 Dionysius)
921 3508 1017 3570 καλῶς
1031 3504 1128 3567 ἀντει-

91 3588 206 3674 ρήκασι]
225 3589 409 3674 Utrumque
423 3593 452 3654 ot
463 3596 497 3654 et
512 3590 561 3653 σοὶ
576 3590 699 3654 abesto
711 3591 810 3657 MSto
822 3589 1026 3676 Segneriano.
1056 3587 1129 3653 Ηοο

91 3674 241 3739 monitum
255 3682 305 3740 est
319 3676 352 3739 in
367 3675 509 3761 margine
525 3675 640 3740 Coaeil.
668 3675 780 3741 Habet
794 3679 824 3741 οἱ
839 3681 935 3742 καλῶς
948 3679 1130 3756 φρονοῦντες

92 3782 145 3846 pro
158 3767 311 3829 ποιοῦντες
324 3761 402 3827 edit.
419 3761 575 3848 prinoeps,
591 3762 646 3825 sed
661 3762 895 3848 refragantibus
911 3759 1017 3825 MStis
1028 3759 1130 3846 Regio

92 3853 124 3910 et
137 3846 261 3912 Ooislin.
298 3847 527 3933 Reponendum
550 3848 600 3911 σοὶ
618 3869 677 3932 pro
697 3849 727 3912 οἱ
744 3855 818 3934 post
835 3853 901 3911 vet.
920 3847 1128 3932 interpretem

92 3932 217 4012 videtur,
241 3941 427 4013 vertentem,
448 3935 613 4020 quietiora
636 3933 716 3998 bene
735 3934 887 3998 sepientes
911 3932 971 3997 tibi
989 3933 1130 4019 pmdeo·

92 4019 194 4084 tissime
204 4021 380 4085 resisterent.

132 4105 210 4169 Ibid.
226 4105 248 4168 l.
262 4123 313 4191 29.
329 4105 523 4189 ἡρμήνευκας]
543 4105 617 4171 Ηοσ
631 4127 690 4190 pro
703 4105 888 4187 ἡρμήνενσας
898 4126 939 4170 ex
950 4105 1026 4171 edit.
1043 4105 1127 4190 prin·

93 4191 155 4276 oipe
171 4197 204 4256 et
225 4191 296 4256 MS.
316 4191 442 4256 Ooislin.
467 4192 603 4302 reposui.
647 4191 799 4256 Proxime
817 4199 893 4257 ante
916 4191 1001 4256 hune
1022 4191 1127 4256 lorum

92 4277 220 4342 abfuisse
235 4277 312 4341 illud
328 4281 402 4342 κατὰ
416 4303 532 4359 καιρους
550 4283 626 4344 ante
641 4279 841 4362 συναχθείσης
854 4299 876 4342 n
890 4277 998 4342 codiee
1011 4276 1128 4341 veteris

93 4363 266 4451 interpretis
276 4362 420 4449 Dionysii
434 4363 569 4429 videtur.
