2867 4817
282 346 347 411 282
437 419 442 424 ,
594 344 854 413 DEFINITIO
877 344 1012 410 FIDEI

282 520 341 597 καὶ
377 516 597 616 οίκουμενικὴ
632 516 785 603 σύνοδος
820 516 887 618 τὴν
920 517 992 600 ἀπό
1028 553 1135 601 τινων
1171 525 1232 602 καὶ
1270 517 1342 600 ὧδε

282 643 421 749 χρόνων
438 648 501 744 τῆς
515 647 730 742 δυσσεβείας
743 644 887 746 πλιίνην
899 645 1083 753 πόρῥωθεν
1096 648 1340 745 ἀπελάσασα,

282 776 341 853 καὶ
370 778 416 879 τῇ
444 779 517 853 τῶν
544 774 656 875 ἁγίων
685 776 744 853 καὶ
770 775 938 877 ἐκκρίτων
964 775 1128 879 πατέρων
1160 779 1342 859 ἀπλανῶς

282 904 399 1008 εὖθείςι
415 902 529 1009 τρίβην
547 898 909 1003 κατακολουθὴαασα,
922 908 999 986 ταῖς
1014 902 1131 1003 ἁγίαις
1143 904 1205 981 καὶ
1219 910 1341 981 οἰκου-

282 1037 438 1131 μενικαῖς
454 1028 559 1109 πέντε
583 1027 748 1115 συνόδοις
772 1032 810 1109 ἐν
828 1027 965 1111 ἅπασιν
988 1030 1145 1125 εὐσεβῶς
1168 1029 1337 1137 ὡμοφοί-

283 1186 383 1260 νησε·
416 1155 536 1264 φαμὲν
562 1152 607 1257 δὴ
634 1158 708 1237 τῶν
734 1157 949 1262 τριακοσίων
976 1156 1060 1236 δίκα
1086 1158 1145 1235 καὶ
1173 1154 1269 1235 ὀκτὰ
1297 1160 1339 1237 ἐν

283 1285 418 1365 Νικαία
434 1280 684 1364 συνελθόντων
702 1284 814 1386 ἁγίων
831 1282 995 1387 πατέρων
1008 1280 1101 1361 κατά
1115 1290 1180 1362 τοῦ
1193 1282 1333 1381 μοναί·

283 1416 366 1497 δους
384 1408 522 1515 Αρείον
546 1410 605 1490 καὶ
621 1442 668 1517 τη
680 1412 753 1510 μετ’
769 1408 880 1511 ωίτὴν
893 1408 931 1489 ίν
950 1408 1337 1490 Κωνσταντινουπθλει

283 1546 356 1619 τῶν
373 1536 499 1619 ἑκατὸν
516 1533 737 1637 πεντήκοντα
751 1533 935 1645 θεοφόρων
947 1538 1086 1639 ἀνδρῶν
1101 1534 1195 1615 κατὰ
1209 1540 1336 1615 Μακε·

283 1666 401 1745 δονίου
437 1672 502 1743 τοῦ
537 1661 846 1768 πνευματομάχου,
882 1665 941 1741 καὶ
976 1664 1233 1765 Ἀπολιναρίου
1270 1670 1335 1743 τοῦ

283 1797 499 1887 δυσσεβοῦς·
534 1792 663 1889 ὁμοίως
690 1794 749 1870 καὶ
776 1796 821 1895 τῇ
848 1790 887 1869 ἐν
913 1790 1062 1897 Ἐφέσηι
1089 1790 1132 1869 τδ
1158 1788 1335 1895 πρότερον

284 1916 377 1999 κατὰ
398 1919 600 2021 Νεστορίου
622 1925 686 1999 τοῦ
704 1914 989 2023 Ἰονδαιόφρονος
1009 1919 1335 2021 συναγηγερμίνων

285 2047 476 2127 διακοσίων
501 2047 706 2125 θεσπεσίων
728 2049 879 2147 ἀνδρῶν·
907 2046 966 2123 καὶ
990 2049 1036 2149 τῇ
1060 2046 1098 2124 ε’ν
1122 2045 1337 2149 Καλχηδόνι

284 2179 357 2253 τῶν
369 2171 568 2278 ἑξακοσίων
585 2170 775 2272 τριόκοντα
792 2171 1041 2253 θεοπνεύστων
1059 2169 1226 2275 πατέρων
1241 2172 1338 2253 κατὰ

286 2298 469 2402 Εὑτυχοῦς
486 2300 545 2375 καὶ
563 2295 768 2400 Διοσκόρου
791 2304 864 2377 τῶν
886 2303 1104 2395 θεοστυγῶν·
1133 2294 1226 2399 πρὸς
1242 2298 1334 2378 ταθ-

285 2456 362 2507 ταις
386 2425 445 2503 καὶ
472 2424 724 2530 τῇτελειπαίη
747 2422 884 2504 τούτων
900 2422 1044 2529 πέμπτη
1068 2425 1154 2530 ἁγίᾳ
1179 2422 1335 2532 σθνοδμ,

285 2557 331 2656 τῇ
372 2555 525 2630 ἐνταῦθα
566 2552 872 2656 συναθροισθείση
911 2548 1003 2631 κατὰ
1038 2550 1228 2653 Θεοδώρου
1268 2558 1336 2631 τοῦ

287 2678 560 2783 Μοφουεστίας,
584 2678 788 2781 Ωριγείιους,
810 2677 972 2775 Διδύμου
994 2706 1033 2756 τε
1056 2679 1116 2756 καὶ
1142 2678 1336 2779 Εὐαγρίου,

286 2807 345 2882 καὶ
368 2809 441 2883 τῶν
468 2803 766 2907 συγγραμμάτων
794 2805 1018 2908 Θεοδωρίτου
1045 2809 1117 2883 τῶν
1141 2802 1234 2883 κατὰ
1260 2810 1337 2882 τῶν

286 2931 424 3010 δώδεκα
450 2932 658 3038 κεφαλαίων
681 2939 745 3011 τοῦ
770 2932 930 3031 αόιδίμου
959 2929 1157 3033 Κυρίλλου,
1184 2933 1243 3011 καὶ
1271 2934 1337 3030 τῆς

285 3058 480 3159 λεγομένης
502 3057 590 3153 Ἴβα
620 3060 815 3157 ἐπιστολῆς
841 3057 932 3161 πρὸς
966 3055 1099 3162 Μαρὴν
1129 3057 1336 3165 γεγράφθω

285 3184 349 3264 τὸν
368 3186 528 3288 Πέρσην·
557 3184 819 3285 ἀκαινοτόμητα
835 3184 900 3283 μὲν
918 3188 955 3264 ἐν
971 3193 1064 3265 πᾶσι
1082 3184 1130 3267 τὰ
1146 3194 1211 3289 τῆς
1233 3190 1335 3269 εὐσε-

284 3314 385 3404 βείας
408 3311 683 3410 ἀνανεωσαμένη
702 3310 945 3411 θεσπίσματα,
969 3312 1015 3392 τὰ
1038 3313 1182 3413 βέβηλα
1207 3315 1246 3394 δὲ
1271 3346 1335 3414 της

287 3442 502 3533 δυσσεβείας
532 3438 736 3545 ἐκδιῶξασα
762 3438 937 3540 δόγματα·
978 3438 1106 3520 καὶτὸ
1135 3440 1235 3545 παρὰ
1261 3447 1336 3521 τῶν

286 3568 501 3670 τριακοσίων
518 3566 603 3648 δέκα
621 3571 679 3645 καὶ
697 3564 790 3644 ὀκτὼ
807 3564 970 3669 πατέρων
992 3567 1140 3665 ἐκτεθὲν,
1157 3571 1217 3647 καὶ
1235 3568 1336 3653 αὖθις

285 3694 386 3798 παρὰ
403 3701 475 3775 τῶν
502 3692 628 3774 ἑκατὸν
654 3690 876 3793 πεντήκοντα
900 3692 1102 3799 θεοφρόνως
1126 3694 1335 3793 βεβοιωθέν,

287 3821 376 3925 ὅπερ
394 3826 453 3902 καὶ
470 3828 508 3902 αἱ
524 3824 648 3901 λοιπαὶ
665 3817 765 3921 ἅγιαι
782 3818 929 3901 σύνοδοι
943 3822 996 3901 ἐπ’
1016 3822 1192 3923 ἀναιρέσει
1213 3822 1336 3923 πάσης

289 3949 529 4056 φυχοφθόρου
547 3948 715 4051 αἱρέσεως
730 3950 923 4031 ἀσπασίως
946 3947 1112 4055 ἐδέξαντο
1129 3954 1189 4027 καὶ
1206 3950 1331 4030 ἐπεκύ-

287 4108 412 4178 ρωσαν
438 4076 642 4176 σύμβολον,
664 4077 724 4154 καὶ
750 4076 773 4174 ἡ
801 4075 880 4154 καθ’
900 4075 993 4175 ἡμᾶς
1015 4076 1103 4176 ἁγία
1130 4079 1188 4157 καὶ
1215 4082 1333 4157 οἰκου-

286 4201 410 4301 μενικὴ
428 4200 672 4285 θεοπνεύστως
690 4202 939 4308 ε’πεσφράγισε
955 4202 1119 4286 σύνοδος.
