2867 4817
278 292 523 357 EPISTOLA
545 293 612 355 AD
636 294 668 356 S.
692 293 1001 358 CYPRIANUM.
1104 294 1168 357 246

112 467 187 539 sola
204 467 326 539 valere
348 490 451 561 posse
476 490 608 539 nomeu
633 466 776 552 Christi,
793 470 852 541 cui
869 469 933 539 uui
954 470 1168 539 concesserit

112 584 279 655 Christus
304 584 458 655 coelestis
483 586 609 679 gratiae
633 594 861 677 potestatem

161 701 279 771 XIII.
315 700 421 785 Quod
456 709 578 771 autem
611 702 767 793 pertinet
796 703 843 773 ad
872 702 1273 773 eonsuetudinemvesm

112 818 352 901 refutandam,
370 840 477 909 quam
501 818 667 888 videntur
696 840 875 910 opponere
897 818 1062 900 veritati;
1088 819 1226 909 quisnnr
1174 791 1302 910 npetu.-

86 946 187 1015 5tam
211 956 326 1005 vanus
356 934 402 1005 sit
425 942 467 1003 ut
489 935 629 1005 veritati
657 935 951 1005 cousuetudinem
978 933 1166 1026 praeferat?
1175 912 1282 962 Μ*

110 1064 187 1134 aut,
215 1052 278 1143 qui
307 1059 493 1143 perspecta
518 1050 598 1120 luce
628 1052 793 1121 tenebras
821 1073 894 1120 non
921 1050 1167 1143 derelinquat?

112 1168 197 1239 Nisi
226 1169 259 1237 si
281 1175 320 1237 et
340 1166 488 1238 Judaeos
511 1166 653 1237 Christo
682 1168 909 1249 adventante,
934 1167 970 1237 id
996 1176 1061 1249 est,
1079 1168 1169 1237 veri-

112 1292 199 1366 tate,
236 1284 384 1375 adjuvat
418 1285 455 1352 in
497 1281 616 1375 aliquo
655 1284 898 1375 antiquissima
939 1284 1168 1366 cousuetudo,

110 1401 208 1493 quod
245 1399 373 1469 relicta
405 1398 500 1495 (sor.
535 1401 681 1493 reJecta)
716 1422 808 1470 nova
842 1400 1001 1469 veritatis
1035 1400 1093 1469 via
1132 1401 1169 1468 in

70 1526 298 1589 10retustate
331 1518 598 1610 permanserint.
667 1516 774 1601 Quod
816 1518 961 1609 quidem
1002 1517 1169 1587 adversus

110 1633 343 1727 Stephanum
361 1656 424 1703 vos
440 1633 558 1703 dicere
575 1632 654 1703 Afri
681 1634 843 1725 potestis,
860 1634 1003 1727 cognita
1018 1633 1169 1705 veritate

109 1774 271 1823 errorem
290 1772 354 1820 vos
379 1749 643 1820 consuetudinis
666 1746 859 1840 reliquisse.
910 1746 1081 1819 Cetemm
1104 1772 1168 1821 nos

112 1868 257 1941 veritati
282 1874 322 1936 et
339 1866 632 1937 cousuetudinem
651 1865 847 1958 jungimus,
864 1874 903 1935 et
919 1865 1167 1935 consuetudini

111 1986 363 2057 Romanorum
397 1984 701 2065 consuetudinem,
728 1982 790 2053 sed
825 1983 994 2065 veritatis,
1021 1985 1168 2077 opponi-

70 2125 218 2188 15mus3
245 2100 293 2173 ab
321 2101 424 2171 initio
452 2099 519 2170 hoc
547 2106 711 2170 tenentes
734 2098 829 2190 quod
852 2121 875 2167 a
897 2098 1038 2169 Christo
1058 2108 1097 2171 et
1121 2102 1168 2173 ab

108 2216 286 2312 apostolis
311 2217 483 2287 traditum
504 2224 568 2286 est.
621 2213 701 2285 Nec
725 2216 962 2297 meminimus,
979 2215 1048 2286 hoc
1072 2217 1166 2307 opud

111 2360 177 2408 uos
194 2334 389 2427 aliquando
406 2334 562 2425 coepisse,
581 2354 662 2403 cum
685 2354 825 2424 semper
844 2332 923 2402 istic
941 2332 1167 2404 observatum

112 2454 169 2535 sit,
205 2458 249 2520 ut
284 2472 358 2519 uon
390 2449 458 2518 nisi
500 2471 607 2519 uuam
643 2447 712 2519 Dei
754 2447 939 2518 ecclesiam
974 2470 1167 2531 nossemus,

113 2578 151 2639 et
185 2575 354 2639 sanctum
391 2564 567 2657 baptisma
608 2586 681 2635 uon
728 2566 795 2634 nisi
832 2573 964 2634 sauctae
1007 2565 1167 2637 ecclesiae

69 2716 105 2757 ιο
113 2692 417 2775 computaremus.
470 2679 581 2750 Plane
611 2680 778 2772 quoniam
806 2681 950 2772 quidam
976 2683 1021 2752 de
1044 2705 1168 2753 eorum

113 2801 298 2894 baptismo
332 2797 553 2879 dubitabant,
588 2798 648 2889 qui
684 2808 722 2867 et
755 2798 785 2867 si
827 2820 938 2867 novos
979 2798 1168 2891 prophetas

113 2919 306 3010 recipiunt,
341 2915 483 2985 eosdem
514 2921 634 2983 tamon
666 2910 812 2983 Patrem
841 2923 880 2983 et
907 2914 1039 2983 Filium
1066 2938 1169 2985 nosse

115 3036 305 3105 uobiscum
337 3032 520 3113 videntum
545 3030 688 3122 plurimi
718 3028 824 3099 simul
852 3032 1103 3101 convenientes
1132 3032 1168 3100 iu

115 3151 241 3223 Iconio
259 3148 528 3243 diligentissime
548 3147 798 3229 tractavimus3
824 3155 863 3217 et
885 3147 1169 3217 confirmavimus

72 3296 105 3354 ²5
116 3268 377 3363 repudiandum
404 3287 481 3335 esse
502 3286 607 3334 omne
631 3262 776 3333 omuino
800 3262 985 3355 baptisma,
1003 3266 1098 3355 quod
1124 3266 1171 3335 sit

116 3394 221 3455 extra
245 3382 432 3454 ecclesiam
458 3381 704 3450 constitutum.

165 3498 281 3569 XIV.
299 3496 360 3567 Ad
377 3496 466 3567 illud
483 3504 604 3566 autem
622 3496 715 3587 quod
734 3517 798 3586 pro
820 3493 997 3565 haereticis
1019 3506 1168 3587 ponunt,
1177 3508 1287 3571 Arotdi

118 3624 153 3685 et
179 3615 286 3684 aiunt
312 3612 512 3705 apostolum
542 3612 694 3683 dixisse·
731 3611 815 3681 Sive
849 3634 913 3704 per
939 3614 1168 3694 occasionem,
1178 3576 1269 3688 ἰἰιιι.
1281 3639 1332 3689 ιιι.

118 3732 190 3801 sive
217 3752 284 3821 per
300 3728 498 3811 veritatem,
516 3728 677 3799 Christus
702 3730 947 3811 annuncietur,
965 3738 1006 3799 ut
1028 3752 1170 3820 respon·
1154 3705 1313 3835 -pflffippf'i

72 3849 277 3940 30dccmus,
304 3845 463 3937 ineptum
493 3854 568 3928 est3
594 3844 735 3936 quando
760 3846 989 3915 manifestum
1014 3847 1070 3926 sit,
1088 3850 1190 3936 epo-¹
1181 3839 1218 3885 ¹⁸·

119 3964 252 4035 stolum
281 3963 318 4031 in
339 3960 489 4053 epistola
513 3984 577 4031 sua
597 3984 667 4053 qua
691 3959 759 4031 hoc
777 3962 878 4044 dixit
896 3983 1011 4055 neque
1028 3961 1170 4032 haereti-

121 4102 254 4159 corum,
286 4102 402 4170 neque
432 4078 597 4170 baptismi
630 4100 753 4147 eorum
782 4080 1000 4149 mentionem
1036 4080 1170 4163 fecisse,

122 4196 183 4267 sed
205 4195 366 4267 locutum
398 4220 474 4267 esse
501 4196 546 4265 de
574 4193 742 4264 fratribus
767 4204 919 4278 tantrun,
941 4198 1015 4268 sive
1038 4197 1170 4289 perfido
