2867 4817
323 328 367 391 58
686 328 717 391 S.
740 329 1009 394 HIPPOLYTI

323 506 374 607 τῷ
396 499 612 606 ἠγαπημένη)
638 501 695 579 ὑπ’
722 504 842 581 αὑτοῦ.
884 508 1020 588 Καλῶς
1042 505 1150 606 λε’γει.
1209 507 1276 589 Τίς
1297 504 1370 609 γάρ

322 632 423 708 ἐστιν
449 627 581 723 Ἰακὼβ
609 630 629 707 5
656 635 742 713 araia
768 630 886 728 αὐτοῦ,
913 630 1067 747 Ἰσραὴλ
1095 634 1115 710 5
1142 634 1369 734 viyaarmae'voa

323 758 380 837 ὑπ’
405 759 523 856 αὐτοῦ,
541 754 669 857 ἀλλ’ἢ
697 757 800 842 οὗτος
817 760 899 861 περὶ
916 758 959 837 οὗ
982 765 1055 867 βοᾷ
1078 761 1209 863 λέγων·
1249 760 1370 845 Οὗτός

320 888 420 966 ἐστιν
443 889 463 965 5
487 884 558 970 υἱός
587 920 656 985 μου
680 885 866 987 ἀγαπητός
889 892 939 972 εἰς
962 886 1004 967 όν
1028 886 1224 990 ηὖδόκησα,
1242 887 1369 969 τούτου

320 1014 484 1109 ἁκούετε;
519 1019 653 1093 Πᾶσαν
675 1014 738 1093 οὖν
763 1012 830 1113 τὴν
853 1015 1054 1116 ἐπιστήμην
1077 1016 1177 1120 παρὰ
1198 1026 1263 1096 τοῦ
1282 1022 1366 1097 Πα·
1378 1056 1393 1114 5

319 1141 403 1245 πρὸς
425 1141 562 1239 λαβὼν,
592 1144 611 1221 5
637 1142 770 1226 τέλειος
795 1142 960 1247 Ἰσραὴλ,
988 1145 1009 1222 5
1033 1142 1203 1245 ἀληθινός
1224 1144 1369 1243 Ἰακὼβ,

318 1268 409 1369 μετὰ
435 1279 546 1351 ταῦτα
574 1273 632 1351 ε’πὶ
659 1274 723 1369 τῆς
750 1275 818 1371 γῆς
844 1268 963 1379 ὤφθη,
988 1276 1047 1351 καὶ
1068 1279 1142 1356 τοῖς
1166 1273 1369 1376 ἀνθρώποις

318 1399 612 1507 σννανεστρόφη.
660 1398 818 1502 Ἰσραὴλ
836 1400 875 1480 δὲ
893 1402 946 1485 τίς
963 1403 1064 1480 ἐστιν
1081 1402 1167 1479 ἀλλ’
1187 1398 1211 1499 ἢ
1229 1401 1369 1505 ἅνθρω-

317 1562 385 1612 πος
407 1530 500 1632 ὁρῶν
522 1526 586 1607 τὸν
608 1526 727 1621 Θεόν;
761 1529 885 1631 Ὁρῶν
909 1526 948 1607 δὲ
971 1526 1036 1608 τόν
1061 1527 1157 1608 θεόν
1179 1530 1250 1608 055
1269 1528 1320 1614 εἷς
1338 1537 1368 1609 εἰ

316 1653 367 1756 μὴ
384 1654 493 1753 μόνος
510 1660 530 1736 5
549 1663 633 1740 παῖς
651 1658 709 1735 καὶ
727 1653 861 1739 τέλειος
879 1655 1068 1759 ἅνθρωπος
1087 1658 1146 1735 καὶ
1163 1653 1272 1755 μόνος
1290 1662 1369 1758 διη-
1383 1704 1416 1740 ιο

315 1783 520 1885 γησάμενος
537 1783 603 1885 τὴν
623 1781 765 1882 βουλὴν
785 1792 850 1863 τοῦ
876 1782 1034 1886 Πατρός.
1092 1784 1198 1885 Λέγει
1215 1782 1288 1889 γὰρ
1306 1792 1369 1865 καὶ

317 1911 495 2013 Ἰωάννης·
536 1910 632 1991 Θεὸν
664 1913 775 1994 οὐδεὶς
802 1911 957 2014 ἑώρακεν
981 1911 1138 2009 πώποτε,
1169 1911 1370 2014 μονογενὴς

317 2038 390 2122 υἱὸς
413 2042 433 2118 5
455 2038 505 2118 ὧν
527 2046 575 2123 εἱς
598 2037 662 2118 τόν
685 2036 824 2119 κόλπον
846 2048 910 2118 τοῦ
937 2037 1094 2142 Πατρός,
1112 2037 1218 2123 αὐτὸς
1242 2041 1370 2143 διηγή-

316 2202 421 2247 σατο.
448 2171 506 2247 καὶ
524 2166 647 2248 πόλιν·
675 2169 753 2246 όέκ
771 2176 835 2248 τοῦ
854 2168 1005 2270 οὐρανοῦ
1024 2167 1195 2265 καταβὰς,
1214 2166 1234 2247 5
1252 2170 1365 2269 ἤκου-

315 2330 382 2375 σεν
399 2299 458 2375 καὶ
477 2297 639 2399 ἑώρακεν,
649 2303 831 2400 μαρινρεῖ.
873 2297 992 2379 Οὗτος
1006 2297 1069 2375 οὖν
1083 2298 1182 2376 ἐστὶν
1195 2292 1225 2404 ᾧ
1239 2304 1372 2377 πᾶσαν
1385 2342 1396 2378 ι
1404 2338 1420 2398 5

315 2420 516 2523 ἐπιστήμην
541 2422 669 2525 Πατὴρ
691 2423 830 2521 ἔδωκεν,
851 2422 890 2508 ός
908 2426 966 2503 ἐπὶ
987 2428 1055 2526 γῆς
1073 2420 1190 2530 ὤφθη,
1208 2428 1267 2504 καὶ
1290 2432 1371 2510 τοῖς

315 2550 514 2654 ἀνθρώποις
532 2550 826 2658 σννανεστρόφη.

370 2677 417 2767 ς’.
436 2677 490 2759 *O
514 2678 552 2760 δὲ
575 2679 673 2782 λέγει
696 2682 716 2759 5
740 2677 958 2777 ἀπόστολος,
970 2677 1044 2760 Ὧν
1067 2686 1100 2759 οἱ
1126 2680 1298 2784 Παπέρες,
1324 2684 1376 2790 ἐξ

313 2804 363 2887 ὧν
382 2810 402 2887 5
421 2808 582 2913 Χριστὸς
605 2808 625 2886 5
648 2805 742 2886 κατὰ
764 2804 896 2910 σάρκα,
915 2808 935 2885 5
953 2804 1003 2886 aiv
1025 2810 1083 2888 ἐπὶ
1103 2806 1250 2889 πόντων
1268 2808 1375 2893 Θεὸς

315 3057 391 3129 Quis
401 3056 478 3115 enim
494 3066 538 3115 est
553 3056 645 3113 Jacob
660 3074 733 3133 puer
741 3054 815 3131 ejus.
858 3063 973 3112 enarrat
991 3054 1144 3113 consilium
1165 3054 1269 3113 Patria.
1309 3055 1375 3115 Ait

314 3148 345 3195 et
361 3136 450 3195 Ierael
465 3135 589 3195 dilectus
603 3136 676 3211 ejus,
692 3135 747 3193 niai
769 3134 817 3193 hic
857 3134 933 3192 enim
946 3135 1092 3193 Joannea:
1108 3136 1314 3195 bDeumnemo
1324 3139 1374 3195 vi·

314 3218 351 3276 de
365 3237 424 3295 quo
437 3215 542 3275 clamat
556 3216 709 3293 inquiens:
733 3215 817 3273 ειΗιό
857 3214 900 3272 dit
914 3236 1049 3295 ιιιιηνιιιπ,
1065 3216 1122 3275 nisi
1132 3216 1299 3295 unigenitus
1311 3220 1348 3276 F
1347 3220 1375 3277 i-

314 3307 355 3357 eat
372 3298 467 3355 Filias
481 3318 558 3355 meua·
574 3296 703 3363 dilectae,
719 3296 748 3354 in
764 3317 818 3375 quo
858 3295 974 3375 liuaqui
988 3306 1029 3355 eat
1044 3297 1149 3356 ι’πςὶπιι
1161 3296 1284 3364 Patria·
1301 3299 1379 3378 ipse

314 3378 382 3436 midi
398 3378 466 3436 bene
479 3376 644 3455 complacui,
657 3377 750 3455 ipsum
761 3399 816 3435 αα.
857 3378 1023 3436 enarravit.-
1045 3388 1077 3436 at
1091 3398 1206 3437 rursus:
1232 3377 1318 3444 eQm·
1334 3382 1378 3442 de

314 3460 391 3517 dite.-
418 3458 467 3537 qui
491 3478 605 3517 omnem
629 3458 816 3517 seientiama
857 3457 922 3517 coelo
940 3459 1093 3529 descendit,
1113 3460 1187 3539 quod
1203 3459 1322 3519 audivit
1346 3474 1379 3521 e!

315 3540 403 3599 Patre
417 3539 537 3617 accepit,
553 3539 699 3615 perfectus
717 3538 816 3606 Israel,
857 3539 939 3605 vidit,
963 3548 1095 3599 testatur.
1122 3540 1181 3598 Hic
1199 3540 1378 3617 igiturest,

313 3631 343 3680 et
365 3640 451 3680 verus
471 3621 573 3679 Jacob.
611 3620 680 3678 Post
706 3622 764 3679 Ιιαο
786 3620 816 3677 in
858 3619 904 3677 cai
919 3638 1034 3678 omnem
1049 3621 1198 3679 seientiam
1210 3620 1294 3680 dedit
1308 3623 1382 3683 Pa.

314 3712 393 3762 terra
414 3702 492 3761 visua
506 3710 557 3767 eal,
573 3710 599 3761 et
616 3720 677 3759 οιιπι
696 3700 815 3760 domini·
857 3710 918 3758 ter:
940 3702 991 3779 qui
1014 3701 1045 3759 in
1063 3712 1141 3761 terra
1158 3702 1238 3760 visua
1257 3714 1321 3772 eat,
1343 3720 1382 3766 et

314 3785 366 3843 dus
383 3792 566 3843 conversatae
584 3791 633 3841 eat.
672 3782 749 3854 Quis
763 3802 816 3840 au.
857 3782 1298 3843 cumhominibuaconversatua
1314 3800 1383 3847 est

314 3876 372 3924 tem
394 3876 438 3924 eet
462 3862 561 3934 lsrael,
583 3863 639 3921 nisi
663 3864 750 3920 homo
772 3863 816 3920 vi·
899 3862 956 3921 VI.
972 3862 1062 3933 Quod
1082 3874 1180 3922 autem
1199 3863 1271 3922 dicit
1291 3886 1382 3947 apo-

314 3945 385 4004 dena
417 3945 537 4004 Deum?
575 3943 689 4002 Videas
717 3954 815 4002 autem
857 3943 964 4002 stolus:
980 3944 1292 4015 mammaeam
1300 3951 1384 4028 qui.

314 4025 422 4094 Deum‚
436 4046 522 4085 nemo
536 4025 591 4085 nisi
606 4023 685 4084 solue
698 4044 771 4104 puer
785 4036 816 4084 et
858 4025 910 4083 das
926 4025 1061 4084 Christus
1072 4026 1223 4083 secundum
1234 4046 1386 4101 carnem,

314 4106 460 4184 perfectus
484 4108 579 4175 homo,
604 4117 635 4164 et
659 4106 709 4185 qui
738 4106 816 4165 solua
858 4106 907 4186 qai
920 4115 961 4164 eat
975 4126 1063 4185 super
1075 4106 1169 4165 omnia
1181 4106 1265 4165 Deus
1278 4106 1386 4171 bene.

314 4299 639 4362 udiatdi.xvii.5.iii.17.
674 4298 835 4349 '’Johssms.
878 4298 1138 4359 eJ0h.iii.11.ot13.
1179 4300 1386 4373 dRmaix.5,
