2867 4817
250 336 315 399 328
359 334 391 399 S.
416 333 652 399 CYPRIANI
677 335 743 399 DE
766 335 891 401 ZELO
914 335 979 400 ΕΤ
1003 333 1193 400 LIVORE.

251 510 345 602 quod
368 510 461 602 apud
488 508 670 580 Merrham
692 509 843 603 profecit
864 510 902 579 in
924 510 1080 603 imagine
1099 511 1145 580 ad
1168 513 1302 604 saporis

252 625 487 708 dulcedinem,
512 626 578 697 tibi
608 627 644 696 in
675 627 826 697 veritate
853 625 1014 718 proficiat
1046 627 1092 697 ad
1120 625 1302 697 mulcendi

252 743 405 837 pectoris
438 740 633 827 lenitatem,
667 765 734 813 nec
767 741 813 812 ad
845 741 1024 813 medelam
1056 745 1303 836 prosperandae

253 858 456 931 valitudinis
476 858 660 929 laborabis.
712 856 820 929 Unde
841 855 1046 928 vulneratus
1066 857 1193 941 meres,
1217 859 1302 930 inde

254 999 388 1047 curare.
439 972 536 1046 Ama
552 996 612 1045 eos
635 997 723 1065 quos
742 982 827 1045 ante
847 974 980 1055 oderas,
998 973 1106 1068 dilige
1129 972 1209 1045 illos
1225 976 1330 1067 qui-5

254 1093 320 1163 bus
337 1091 476 1184 injustis
499 1090 815 1161 obtrectationibus
837 1090 1029 1160 invidebas.
1080 1089 1201 1161 Bonos
1223 1092 1304 1161 imi·

255 1217 340 1287 tare,
366 1208 395 1277 si
421 1206 546 1277 sectari
571 1215 684 1299 potes.
736 1205 775 1276 Si
800 1207 927 1276 sectari
950 1228 1022 1275 non
1046 1214 1159 1297 potes,
1183 1206 1305 1277 collae-

255 1332 331 1394 tare
356 1332 452 1394 certe
477 1332 515 1394 et
538 1321 782 1417 congratulare
808 1321 1021 1392 melioribus.
1073 1321 1145 1392 Fac
1172 1330 1210 1393 te
1233 1323 1305 1394 illis

254 1438 409 1509 adunata
431 1438 621 1509 dilectione
643 1438 862 1530 participem,
878 1438 935 1509 fao
957 1448 996 1508 te
1018 1440 1195 1509 consortio
1216 1441 1305 1510 cari·

255 1557 339 1626 tatis
365 1565 403 1627 et
428 1555 657 1625 fraternitatis
687 1554 829 1624 viuculo
860 1553 1109 1625 coherentem.
1172 1552 1355 1625 Dimit-to

255 1680 377 1742 tentur
396 1672 462 1741 tibi
489 1671 619 1753 debita,
638 1671 778 1762 quando
800 1678 838 1740 et
860 1671 935 1763 ipse
959 1669 1151 1753 dimiseris3
1176 1671 1306 1763 accipi-

255 1796 361 1859 entur
376 1787 545 1859 saorificia
566 1796 639 1869 tua,
656 1809 738 1856 cum
761 1785 928 1878 pacificus
944 1786 989 1856 ad
1012 1784 1132 1856 Deum
1155 1790 1305 1859 veneris.

256 1903 388 1975 Sensus
411 1912 518 1995 atque
543 1911 645 1974 aetus
662 1904 715 1972 tui
739 1902 909 1971 divinitus
931 1902 1137 1996 dirigentur,
1163 1906 1306 1996 quando

256 2044 395 2113 eaquae
413 2022 531 2091 divina
555 2028 592 2089 et
611 2020 710 2111 justa
733 2025 816 2088 sunt
841 2020 1059 2111 cogitaveris,
1082 2021 1175 2089 siout
1197 2022 1307 2113 scrip-

93 2144 226 2196 l’rowi·
257 2146 335 2209 tum
360 2146 434 2208 est:
472 2135 545 2210 Cor
569 2136 640 2206 oiri
665 2135 785 2233 copitet
799 2132 908 2226 justa,
934 2143 973 2205 ut
996 2158 1019 2204 a
1035 2133 1191 2205 Domino
1215 2134 1356 2227 diri-15

250 2263 381 2353 quatur
401 2276 539 2352 pressus
562 2251 644 2344 eyfus.
696 2251 820 2322 Habes
845 2261 965 2322 autem
994 2252 1110 2323 multa
1139 2277 1216 2345 quae
1246 2278 1306 2326 co-

253 2373 356 2466 gites.
409 2370 614 2442 Paradisum
645 2370 772 2464 cogita,
803 2392 874 2461 quo
899 2370 989 2441 Cain
1017 2394 1090 2441 non
1116 2373 1217 2455 redit,
1243 2375 1305 2466 qui

255 2488 332 2559 zelo
357 2488 501 2558 fratrem
527 2487 688 2579 peremit.
741 2485 869 2579 Cogita
898 2485 1042 2557 coeleste
1072 2510 1231 2581 regnum,
1259 2490 1306 2559 ad

255 2604 349 2697 quod
376 2628 448 2675 non
473 2604 540 2673 nisi
567 2602 758 2673 concordes
785 2610 893 2692 atque
921 2603 1105 2673 unanimes
1128 2602 1306 2677 Dominus

254 2720 423 2791 admittit.
475 2720 603 2814 Cogita
629 2719 724 2810 quod
747 2718 811 2788 filii
835 2717 905 2788 Dei
931 2718 969 2787 hi
994 2718 1060 2788 soli
1083 2722 1219 2811 possint
1243 2744 1359 2799 vo-20

255 2839 326 2908 cari
351 2838 412 2930 qui
438 2838 509 2907 sint
533 2836 679 2928 pacifici,
697 2836 758 2926 qui
783 2834 971 2905 nativitate
996 2835 1132 2905 coelesti
1159 2845 1198 2907 et
1222 2836 1305 2931 lege

255 2955 375 3024 divina
402 2953 447 3023 ad
477 2951 745 3024 similitudinem
776 2948 845 3019 Dei
877 2950 992 3021 Patris
1020 2960 1059 3021 et
1088 2951 1220 3023 Christi
1250 2978 1306 3024 re·

130 3090 154 3121 ¹¹·
166 3073 199 3121 lv·
256 3070 452 3163 spondeant
468 3068 623 3139 adunati.
674 3066 803 3159 Cogita
819 3066 884 3136 sub
902 3066 1013 3137 oculis
1031 3065 1100 3137 Dei
1117 3090 1182 3139 nos
1199 3076 1305 3153 stare,

255 3194 439 3279 spectante
465 3208 508 3256 ac
526 3185 710 3278 judicante
736 3185 813 3275 ipso
842 3185 1117 3256 conversationis
1146 3208 1188 3256 ac
1217 3188 1305 3256 vitae

254 3310 386 3374 nostrae
413 3300 586 3371 curricula
613 3302 809 3382 decurrere,
836 3303 1019 3392 pervenire
1044 3324 1109 3372 nos
1133 3312 1221 3373 tunc
1243 3304 1357 3390 de-25

253 3439 352 3486 mum
376 3438 479 3508 posse
501 3424 543 3486 ut
565 3438 648 3485 eum
672 3416 791 3487 videre
808 3417 1000 3509 contingat,
1018 3419 1046 3487 si
1069 3418 1185 3510 ipsum
1208 3442 1306 3489 nuno

255 3533 436 3603 videntem
459 3528 678 3603 delectemus
704 3532 844 3603 actibus
868 3534 1006 3615 nostris,
1033 3534 1061 3602 si
1089 3556 1154 3603 nos
1178 3533 1306 3627 dignos

254 3650 369 3744 gratia
397 3649 473 3741 ejus
501 3657 540 3719 et
568 3648 791 3743 indulgentia
819 3648 1050 3741 praebeamus,
1081 3649 1109 3718 si
1138 3647 1306 3741 placituri

255 3790 394 3861 semper
409 3768 447 3836 in
464 3790 583 3860 regno,
601 3768 637 3837 in
655 3766 723 3836 hoc
740 3765 874 3835 mundo
890 3774 974 3836 ante
990 3764 1202 3859 placeamus.
