2867 4817
278 305 323 368 88
615 300 997 369 ANNOTATIONES

279 473 858 638 mouerimus
875 472 1350 657 residuum}

280 647 384 711 verbis
406 654 481 711 utar
501 646 535 710 iu
552 646 826 712 Anuotutionibus
848 646 890 709 ud
912 646 1106 729 Sffloodtoum,
1131 646 1350 731 “discipulus

281 740 302 769 “
317 734 378 798 fuit
392 731 515 819 Peugii
528 732 758 811 haeresiurohae‚
773 739 808 797 et
822 732 965 817 ejusdem
978 731 1078 796 etium
1095 731 1255 795 haereseos
1269 753 1350 795 ms-

282 826 302 855 “
315 819 426 905 gistsr,
448 818 539 903 eujus
562 825 734 903 propterea
759 824 935 884 sectatores
964 816 1115 883 Gelestiui
1139 837 1205 881 non
1231 817 1350 881 minus

282 928 303 959 “
317 943 414 1007 quum
428 918 593 1005 Pelagisni
607 919 773 985 audiunt?

704 1092 860 1159 OANON
882 1093 909 1159 Ι.

326 1206 366 1271 Ρ.
377 1219 409 1291 5.
424 1203 446 1267 l.
462 1204 512 1268 18.
533 1203 601 1285 περὶ
615 1204 726 1289 αὐτῶν]
759 1204 860 1270 Forte
881 1208 916 1269 ἐν
938 1205 1022 1284 uini.
1054 1204 1219 1271 Hsuuum.
1261 1206 1348 1269 Ηοο

283 1292 412 1380 quidem
435 1290 479 1354 sd
502 1311 603 1375 marg.
631 1290 837 1355 Consiliorum
861 1298 900 1356 ut
923 1270 1019 1356 leutio
1044 1292 1171 1357 varians
1200 1290 1347 1357 silatum

283 1386 362 1454 eret,
378 1376 549 1461 extititque
564 1376 638 1439 olim
652 1376 686 1439 iu
700 1377 809 1441 oodioe
824 1376 957 1455 Τίἴίοοο,
969 1384 1141 1464 propterea
1151 1378 1238 1463 quod
1253 1378 1287 1441 iu
1298 1400 1347 1442 eo

283 1463 447 1550 superiora
474 1462 529 1526 ills
557 1462 598 1527 de
626 1461 785 1527 haeretiuis
813 1463 899 1528 haud
924 1465 1088 1549 praemisss
1112 1472 1198 1529 sunt.
1245 1463 1346 1528 Idem

283 1572 379 1637 porro
401 1547 502 1612 edidit
522 1548 556 1610 in
581 1548 731 1631 Synodioo
754 1570 812 1614 suo
834 1549 1032 1636 Beveregius.
1079 1552 1238 1616 Attemeu
1261 1550 1345 1615 reti-

283 1637 390 1700 nends
403 1641 454 1698 est
474 1633 569 1697 leutio
590 1633 694 1699 alteru
714 1636 782 1717 περὶ
797 1636 902 1714 αὐτῶν,
919 1656 1015 1720 quum
1034 1643 1192 1721 praestent
1209 1644 1344 1701 oaeterae

284 1722 449 1789 canonum
463 1719 672 1797 oolleotiones‚
685 1727 719 1784 et
734 1742 790 1784 sex
805 1722 930 1787 oodioes
944 1721 1053 1807 scripti
1069 1721 1246 1786 Bodleisni.

328 1807 410 1872 Ibid.
425 1806 447 1870 l.

458 1826 512 1955 ἐξ.
535 1809 605 1905 εἴτις
625 1808 856 1896 μητροπολῖτης]
881 1812 910 1872 εἴ
928 1834 962 1872 τε
981 1810 998 1871 ὁ
1017 1810 1244 1889 μητροπολῖτης.
1283 1806 1344 1872 Sic

284 1893 449 1960 (iuuenum
500 1891 1203 1977 't.pnuoepseteliae,oodequiv.Eeolssiae
1214 1894 1343 1958 Justel-

283 1980 396 2058 liunus,
412 2000 450 2043 eo
471 1978 535 2041 duo
556 1977 680 2041 oodioes
701 1978 811 2063 seripti
834 1979 1008 2054 Bodleiuni
1024 1980 1129 2044 deleto
1151 2000 1227 2044 vero
1249 1981 1342 2063 quod

284 2071 492 2217 &suessent
510 2065 527 2126 ὁ
547 2062 581 2126 in
600 2063 669 2126 eod.
683 2064 734 2128 26.
772 2064 817 2129 Et
839 2072 954 2131 notetu
974 2065 1069 2130 leutio
1092 2072 1141 2131 est
1164 2066 1207 2130 sd
1230 2088 1339 2151 msrg.

333 2151 506 2228 noiliorum,
523 2170 594 2233 quae
608 2155 717 2213 tamen
731 2149 852 2216 hebent
868 2155 937 2219 εἴτις
951 2155 968 2216 ὁ
982 2152 1208 2231 μητροπολῖτης.
1245 2151 1343 2216 Arti-

285 2237 390 2302 oulum
405 2239 422 2299 t
440 2256 565 2299 meeum
582 2241 737 2319 respuunt
751 2234 775 2297 J
777 2258 896 2302 oannes
912 2238 1135 2303 Antiochenus
1154 2236 1188 2300 in
1202 2238 1340 2322 ὒιροιίο,

284 2330 352 2389 tres
361 2322 485 2386 oodioes
498 2320 674 2398 Bodleiani,
690 2320 854 2409 Beveregii
870 2323 1070 2409 Synodioum
1088 2324 1343 2408 Graecorumque

286 2407 453 2474 Pedalium
460 2428 570 2471 reeens
581 2406 712 2471 editum.
727 2408 837 2484 Recte,
847 2409 907 2474 nisi
917 2412 979 2492 εἴγε
988 2432 1047 2495 pro
1057 2412 1116 2474 εἴτε
1124 2409 1341 2473 scribendum.

330 2494 415 2559 Ibid.
429 2493 451 2557 l.
465 2511 514 2559 21.
538 2493 578 2577 τῷ
600 2496 651 2571 τῆς
672 2494 861 2563 ἀποστοοῖος
884 2496 1043 2583 συνεδρίῳ]
1077 2494 1214 2559 Jounnis
1240 2496 1342 2560 Anti-

285 2580 398 2647 ooheui
419 2576 571 2666 praesuiis,
594 2586 843 2665 oaetsrorumque
865 2581 1093 2667 episeoporum,
1118 2580 1340 2658 eoueiliabudo‚

286 2668 370 2753 quod
386 2688 428 2751 up
468 2663 574 2743 fletur,
590 2663 764 2750 Ephesius.

330 2752 412 2817 Ibid.
445 2770 517 2838 .23.
546 2748 566 2830 ἢ
591 2752 750 2836 φρονήσει]
786 2751 889 2837 Vulgo
915 2751 1061 2840 φροιπῖοῃ,
1085 2752 1140 2817 ssd
1165 2753 1208 2818 ad
1233 2774 1340 2840 marg.

286 2837 507 2916 conciliorum,
523 2835 679 2923 probante
695 2835 877 2916 Hurduiuo,
893 2840 1049 2920 φρονήσει,
1066 2839 1152 2924 quod
1166 2845 1200 2903 et
1214 2840 1341 2904 habeut

285 2924 476 3011 Beveregius
490 2930 524 2988 et
546 2922 636 2987 MSti
650 2922 825 2988 Bodleiuni.
848 2924 996 3006 φρονήοοι
1010 2946 1085 2989 vero
1102 2924 1126 2989 J
1127 2946 1247 2990 oannes
1267 2926 1340 2987 An-

286 3010 452 3076 tioohsnus
475 3010 509 3073 in
531 3008 697 3073 (iuuenum
720 3008 912 3079 Oolleotione
934 3032 989 3075 seu
1015 3010 1150 3098 Digesto
1172 3033 1243 3091 suo,
1261 3010 1340 3077 Jus-

285 3097 415 3182 tellique
429 3096 529 3160 oodex
544 3094 640 3159 Univ.
651 3094 739 3159 Eeol.

690 3262 845 3329 OANON
867 3262 928 3329 IV.

331 3384 370 3448 P.
384 3400 412 3468 7.
427 3383 448 3447 l.
463 3385 493 3449 8.
514 3382 585 3463 ἢτᾰ
601 3383 783 3470 Κελεστῖον]
802 3381 849 3448 Ἢ
864 3387 901 3450 τὰ
921 3390 973 3449 τοῦ
989 3388 1157 3451 Κελεοτῖον
1173 3387 1233 3473 (sio
1248 3388 1339 3452 Hur-

285 3469 373 3535 duini
396 3469 523 3552 donst.)
538 3491 603 3534 nou
622 3477 697 3534 sunt
716 3470 802 3555 apud
821 3469 918 3535 Joun.
941 3472 1094 3536 Antioeh.
1116 3472 1167 3537 tit.
1180 3489 1232 3559 57.
1272 3474 1340 3539 Sed

285 3555 384 3621 hebet
398 3556 432 3620 τὸ
452 3560 505 3620 τοῦ
523 3554 641 3638 Ἀρείου
662 3557 710 3619 καὶ
730 3559 907 3638 Νεστορῖον.
934 3556 1097 3623 Humum.
1136 3558 1254 3623 Omisit
1270 3562 1340 3645 qui-

285 3642 358 3707 dem
382 3641 526 3707 Josnnes
552 3640 772 3706 Antiochenus
800 3641 860 3707 hoo
883 3642 953 3707 loeo
975 3642 995 3724 ἢ
1017 3647 1054 3709 τὸ
1078 3647 1255 3719 Kosmou,
1280 3648 1340 3711 sed

284 3727 364 3793 nihii
377 3728 446 3793 loeo
460 3728 575 3792 horum
595 3727 746 3813 reposuit.
792 3726 865 3793 Non
886 3728 1007 3794 hubent
1021 3730 1190 3795 articulum
1210 3736 1263 3794 τοῦ
1278 3740 1340 3797 aut

284 3814 356 3879 aliae
378 3814 589 3879 conciliorum
611 3813 703 3879 editt.
726 3821 784 3879 eut
805 3814 970 3879 (iuuenum
995 3816 1071 3881 edit.
1097 3817 1254 3901 prinoeps
1278 3828 1339 3883 aut

284 3900 415 3966 Justelli
440 3901 541 3965 oodex
570 3898 670 3964 Univ.
697 3899 818 3965 Euoles.
843 3908 900 3967 sut
928 3901 1064 3987 denique
1090 3902 1181 3967 oodd.
1207 3903 1340 3989 plurimi

285 3986 462 4065 Bodleisui,
474 4008 553 4087 quos
566 3985 618 4050 hio
633 3993 760 4051 seoutus
771 4008 850 4050 sum.
874 3988 1037 4054 Exhibeut
1045 4011 1120 4053 vero
1132 4011 1196 4053 non
1206 3997 1339 4055 tentum

284 4081 362 4138 ente
376 4073 557 4151 Gelestmm
573 4072 630 4137 sed
644 4072 743 4136 etium
757 4087 833 4137 ente
848 4070 1041 4153 Nestorium,
1056 4074 1227 4140 urtioulum
1238 4076 1339 4144 Bove-

285 4158 369 4311 {ddi
389 4158 595 4260 ‘Syuodioum
630 4158 815 4224 Graeeorum
849 4158 1024 4240 Pedslium,
1055 4162 1243 4247 codicesque
1272 4165 1340 4229 duo

369 4266 463 4311 emm.
