2867 4817
188 326 597 392 ADS.cY1t1LLUM
624 328 772 392 ALEX.
797 327 1049 393 EPIS'FOLA.
1087 330 1151 393 205

98 500 211 598 ἡμῶν,
239 502 298 579 καὶ
328 498 416 601 ὑπὲρ
447 499 559 599 ἡμῶν,
589 502 648 577 καὶ
677 505 725 583 είς
754 496 953 601 πρόσωπον
984 500 1153 603 ἡμέτερον

97 632 266 706 τυπῶσαι
291 623 358 724 μὲν
381 623 428 704 τὰ
451 628 533 728 περὶ
557 629 621 722 τῆς
645 622 793 727 εἰρήνης,
818 622 907 727 ὅπερ
931 627 1011 703 ἐστὶ
1034 660 1149 728 προη-

97 750 286 853 γούμενον,
304 753 504 856 ἐγχειρίσαι
526 751 628 855 diri,
652 758 705 857 σῇ
724 752 912 857 θεοσεβείᾳ
928 750 993 849 τὴν
1012 752 1153 832 ἔκθεσιν

96 879 166 978 τὴν
182 881 266 982 παρ’
286 881 387 979 ἡμῶν
410 878 618 984 συμφόνως
640 878 835 980 γενομένην
857 881 938 981 περὶ
960 882 1024 977 τῆς
1046 881 1148 959 ε’ναν-

98 1004 320 1107 θρωιιήσεως
356 1014 421 1084 τοῦ
456 1006 578 1108 κυρίου
609 1007 710 1104 ἡμῶν
742 1008 866 1105 Ἰησοῦ
903 1011 1078 1107 Χριστοῦ,
1107 1005 1152 1103 ἣν

98 1133 364 1230 ἀπεστείλαμεν
381 1138 427 1237 τῇ
445 1138 498 1237 σῇ
520 1134 708 1239 θεοσεβείρ
726 1130 785 1211 διὰ
806 1142 869 1213 τοῦ
890 1131 1152 1237 προλεχθίντος

98 1256 384 1363 θεοφιλεστάτου
402 1256 542 1361 ἀνδρὸς,
560 1259 638 1358 ἥτις
655 1262 756 1338 ἐστὶν
773 1260 876 1358 αῦτη.

140 1387 249 1487 Περὶ
266 1383 305 1463 δὲ
321 1389 385 1483 τῆς
407 1381 575 1464 θεοτόκου
594 1387 738 1489 Μαρίας
764 1386 952 1489 παρθένου,
972 1385 1069 1469 ὅπως
1094 1390 1152 1465 καὶ

99 1516 302 1617 φρονοῦμεν
318 1515 379 1591 καὶ
402 1512 567 1614 λε’γομεν,
584 1522 649 1591 τοῦ
667 1547 707 1591 τε
730 1510 864 1613 τρόπον
888 1516 952 1611 τῆς
970 1515 1146 1617 εὐανθρω-

97 1636 245 1735 πήσεως
274 1647 338 1717 τοῦ
366 1648 581 1740 μονογενοῦς
613 1644 688 1720 υἱοῦ
716 1648 780 1718 τοῦ
806 1643 912 1735 Θεοῦ,
940 1641 1150 1739 ἀναγκαίως,

98 1767 164 1844 οῦκ
187 1767 225 1843 ἐν
249 1763 460 1867 προσθήκης
484 1766 591 1868 με’ρει,
611 1767 694 1844 ἀλλ’
720 1768 758 1845 ε’ν
781 1768 1032 1871 πληροφορίας
1060 1768 1150 1865 ε’ίδει,

98 1894 149 1975 ὡς
167 1889 303 1973 ἄνωθεν
321 1892 360 1971 ἔκ
377 1927 417 1972 τε
434 1899 507 1972 τῶν
525 1894 628 1972 θείων
646 1898 812 1998 γραφῶν,
830 1892 869 1971 ἔκ
887 1926 925 1971 τε
947 1897 1012 1992 τῆς
1028 1927 1146 1997 παρα·

99 2018 237 2102 δόσεως
254 2026 326 2097 τῶν
344 2019 455 2122 ἁγίων
472 2019 636 2123 πατέρων
654 2019 917 2125 παρειληφότες
935 2018 1150 2123 ἐσχήκαμεν,

99 2143 160 2225 διὰ
176 2146 343 2250 βραχίων
361 2149 517 2249 ἐροῦμεν,
536 2146 636 2227 οῦδὲν
654 2147 696 2227 τὸ
721 2147 880 2227 ου’νολον
900 2148 1152 2251 προστιθέντες

99 2278 147 2377 τῇ
178 2280 251 2351 τῶν
287 2274 399 2376 ἁγίων
430 2274 594 2378 πατέρων
626 2282 699 2354 τῶν
731 2278 774 2354 ε’ν-
803 2275 936 2381 Νικαίᾳ
972 2278 1152 2379 ε’κτεθείοη

98 2400 235 2483 πίστει·
259 2402 307 2483 ὡς
324 2398 397 2504 γὰρ
416 2400 575 2507 ἕφθημεν
593 2399 777 2504 εἰρηκότες,
796 2400 887 2504 πρὸς
904 2408 1029 2481 πᾶσαν
1048 2403 1153 2507 ε’ξαρ-

100 2533 157 2605 κεῖ
172 2530 229 2606 καὶ
247 2529 429 2623 εὐσεβείας
446 2534 595 2629 γνῶσιν,
613 2534 672 2609 καὶ
693 2527 817 2629 πάσης
843 2534 1016 2633 αίρετικῆς
1040 2563 1149 2609 κακο-

100 2650 224 2757 δοξίας
256 2653 488 2762 ἀποκήρυξιν.
528 2658 674 2759 ἐροῦμεν
710 2655 749 2734 δὲ
785 2658 826 2734 οῦ
858 2663 1153 2755 κατατολμῶντες

100 2780 302 2887 ἀνεφίκτων
325 2780 427 2859 ἀλλὰ
452 2787 498 2887 τῇ
523 2782 700 2887 ὁμολογίᾳ
724 2786 787 2881 τῆς
815 2783 941 2866 οἰκείας
969 2784 1152 2866 ἀσθενείας

100 3029 199 3078 autem
223 3018 279 3077 hoo
301 3021 419 3098 majoris
442 3023 605 3101 compendii
647 3043 726 3081 mum
749 3024 842 3082 virum
865 3026 1004 3091 misimus,
1022 3044 1086 3101 qua
1108 3035 1151 3083 est

101 3120 196 3166 oauaa,
211 3119 246 3158 eo
267 3101 345 3179 qnod
366 3122 431 3179 quie
451 3124 468 3161 a
488 3104 604 3182 religio·
647 3106 717 3163 hec.

100 3180 221 3239 aiasimia
247 3180 469 3260 imperatoribus
498 3186 605 3244 nostris
688 3186 735 3243 De
749 3185 862 3261 virgine
882 3198 977 3243 autem
995 3186 1049 3244 Dei
1069 3186 1151 3263 geni-

100 3262 212 3320 aancita
242 3273 322 3332 aunt,
355 3264 495 3342 perficere
522 3267 607 3324 nobia
647 3267 719 3325 trice
729 3266 1151 3341 Mariu.quom0doaentiamus

100 3343 173 3421 ipais
194 3342 225 3400 in
250 3362 341 3402 unum
367 3346 606 3405 convenientibus
647 3357 677 3406 et
701 3346 864 3422 loquamur,
890 3345 984 3423 deque
1008 3346 1151 3423 unigeniti

101 3443 162 3480 non
171 3422 267 3482 lieeat.
292 3424 605 3485 Mandavimnaantem
648 3426 719 3485 Filii
745 3427 801 3483 Dei
829 3427 1036 3485 incarnationis
1065 3426 1152 3484 modo

101 3502 157 3573 illi,
171 3514 205 3561 ut
219 3504 282 3563 vioe
295 3516 394 3565 noatra
408 3517 438 3566 et
456 3526 509 3585 pro
524 3508 607 3565 nobie
647 3508 818 3574 neeessario‚
863 3526 921 3564 non
961 3506 1151 3565 additamenti

101 3594 133 3642 et
166 3585 284 3644 nomine
317 3598 417 3645 noatro
447 3587 606 3645 eonatituat
647 3588 723 3654 loco,
752 3586 802 3646 sed
830 3586 917 3667 plena
947 3587 1152 3645 satisfactionis

101 3686 169 3743 qnae
177 3665 216 3724 ad
228 3686 328 3744 paoem
340 3668 471 3738 faciunt3
486 3667 516 3725 id
528 3668 606 3745 qnod
648 3671 750 3737 forma,
766 3668 894 3727 dicemus
914 3668 1051 3736 breviter,
1066 3666 1152 3725 sicuti

101 3747 191 3823 hujus
232 3746 386 3824 legationis
427 3749 605 3826 praecipuum
648 3751 684 3808 ab
717 3749 802 3806 initio
835 3768 870 3806 ex
906 3748 1012 3805 divinis
1049 3746 1151 3813 literis,

102 3839 191 3905 caput
224 3839 270 3886 eat
282 3850 291 3898 ς
330 3827 476 3906 simulque
503 3828 606 3907 pietati
648 3842 873 3905 sanctorumque
911 3840 1027 3905 patrum
1062 3826 1151 3885 tradi-

101 3917 163 3965 tute
183 3908 319 3967 exhibeat
339 3910 551 3987 expositionem
571 3907 608 3965 de
647 3911 729 3968 tione
738 3909 900 3977 hausimu;
914 3908 999 3966 Fidei
1010 3910 1041 3965 in
1052 3908 1153 3965 Nicaea

103 3987 224 4045 Domini
239 3990 332 4048 nostri
349 3989 423 4048 Jeau
438 3990 548 4047 Christi
562 3990 606 4046 in·
648 4010 665 4047 a
699 3988 807 4047 sanctia
843 3990 975 4065 patribus
1014 3988 1154 4067 exposita

103 4068 270 4127 dannatione
291 4069 472 4128 concorditer
489 4092 506 4129 a
524 4070 609 4127 nobia
649 4070 723 4127 nihil
746 4088 864 4147 prorsus
884 4068 1062 4145 adjicientes.
1098 4067 1153 4127 Illa

102 4148 222 4208 editam.
272 4149 369 4220 Quam
396 4150 519 4229 proinde
545 4150 607 4229 pie·
649 4151 738 4217 enim,
767 4160 800 4207 ut
834 4160 919 4207 antea
951 4148 1087 4219 diximus,
1116 4148 1153 4207 ad

102 4229 157 4288 tati
177 4240 237 4287 tua
251 4250 302 4308 per
323 4230 492 4309 praedictum
513 4230 608 4309 piiaai·
649 4250 764 4289 omnem
798 4230 916 4308 pietatis
946 4230 1152 4308 coguitionem,
