2867 4817
599 725 659 791 EX

241 925 598 1031 AELFRICI
646 922 1007 1030 ABBATIS

453 1180 794 1259 EPISTOLIS.

482 1412 761 1461 ...φ-

263 1623 324 1683 EX
343 1623 526 1685 AELFRICI
547 1620 736 1682 ABBATIS
758 1622 972 1683 EPISTOLA

63 1782 82 1843 5
226 1763 275 1820 Ad
291 1759 514 1821 Worrsrnuuu
529 1760 774 1838 archiepiscopum
789 1762 1009 1821 Eboraccnscm.

175 1901 354 1975 UIDAM
389 1920 473 1973 vero
506 1902 702 1996 presbyteri
739 1902 890 1997 implent
928 1904 1142 1975 alabastrum

196 2040 300 2089 suum
318 2019 363 2089 de
383 2018 562 2098 sacrificio,
580 2019 677 2109 quod
696 2020 735 2089 iu
753 2018 864 2089 Pasca
881 2016 1027 2089 Domini
1044 2043 1143 2092 sanc·

92 2136 250 2206 tificantt
275 2142 314 2205 et
326 2144 536 2205 conservant
549 2122 616 2228 per
631 2144 750 2206 totum
768 2159 900 2206 annum
914 2138 959 2207 ad
975 2137 1141 2221 infirmos,

90 2251 192 2343 quasi
216 2250 371 2321 sanctior
399 2249 446 2320 sit
475 2252 611 2321 caeteris
641 2251 828 2322 sacrificiis.
891 2250 964 2322 Sed
991 2252 1142 2323 nimium

41 2394 81 2433 ιο
90 2367 298 2460 insipienter
313 2366 459 2437 faciunt.
503 2365 597 2449 Quia
613 2368 790 2461 nigrescit,
808 2377 846 2438 et
862 2370 1034 2461 putrescit
1050 2378 1142 2441 tam-

8 2524 18 2537 ·
90 2483 153 2553 diu
187 2490 446 2553 conservatum.
498 2480 547 2551 Et
579 2481 670 2553 liber
697 2485 952 2576 poenitentialis
980 2509 1045 2579 pro
1076 2486 1138 2557 tali

89 2598 308 2693 negligentia
336 2598 583 2691 poenitentiam
612 2618 778 2693 maguam
804 2600 930 2672 docet:
965 2610 1029 2672 aut
1058 2602 1087 2672 si
1117 2626 1139 2673 a

88 2717 249 2787 muribus
278 2723 476 2786 comestum
510 2716 579 2786 sit:
630 2726 695 2790 aut
734 2717 780 2787 ab
819 2716 943 2788 aribus
984 2725 1136 2809 raptum.

88 2830 178 2903 Tam
207 2840 368 2903 sanctum
397 2839 453 2901 est
482 2830 703 2915 sacrificium,
729 2833 825 2925 quod
854 2832 960 2903 hodie
985 2833 1138 2905 sanctifi-

40 2958 199 3039 15catur,
224 2968 330 3041 qnam
356 2946 444 3017 illud
468 2948 563 3039 quod
587 2948 625 3017 in
651 2948 710 3019 die
738 2946 861 3020 Pascae
891 2959 1136 3021 consecratum

87 3074 153 3135 est.
205 3064 254 3134 Et
274 3064 356 3134 ideo
372 3061 549 3134 debetisa
572 3065 749 3135 dominica
769 3066 808 3134 in
832 3066 1055 3149 dominicam,
1073 3076 1137 3138 aut
1266 3082 1268 3085 ·

85 3202 151 3273 per
167 3181 263 3261 duas,
281 3178 339 3250 vel
356 3177 512 3250 maxime
528 3188 601 3251 tres
624 3180 864 3252 hebdomadas
885 3188 1011 3251 tencre
1031 3183 1137 3253 sacri·

85 3300 206 3369 ficium
223 3298 261 3367 in
277 3296 452 3368 alabastro
468 3298 602 3368 mundo
619 3300 666 3370 ad
681 3298 857 3370 infirmos:
883 3322 929 3370 ne
950 3300 1135 3393 nigrescat,

85 3422 149 3484 aut
182 3422 375 3506 putrescat,
404 3414 433 3484 si
463 3415 597 3485 diutius
629 3424 798 3486 servetur.
862 3415 960 3485 Nam
989 3416 1027 3485 in
1056 3414 1136 3509 lage

34 3570 76 3607 20
86 3528 198 3601 Moisi
230 3530 410 3623 ponebant
449 3530 649 3602 sacerdotes
688 3552 828 3625 semper
861 3532 958 3602 omni
988 3531 1135 3602 sabbato

84 3666 194 3736 panes
227 3646 473 3737 propositionis
507 3645 639 3717 calidos
673 3648 710 3717 in
750 3647 979 3718 tabernaculo
1016 3669 1134 3718 coram

85 3760 260 3831 Domino:
287 3770 325 3832 et
345 3762 383 3830 in
405 3762 566 3854 sequenti
592 3762 740 3833 sabbato
758 3763 945 3834 sumebant
968 3763 1048 3835 illos
1069 3764 1133 3835 soli

84 3880 293 3962 sacerdotes,
311 3888 348 3949 et
365 3878 539 3950 edebant:
566 3888 604 3949 et
626 3879 714 3951 alios
738 3902 848 3952 novos
871 3900 934 3973 pro
958 3882 1009 3952 eis
1025 3905 1134 3975 pone-

84 3997 181 4066 bant.
234 3994 356 4066 Facite
373 4005 411 4066 et
428 4018 491 4067 ros
508 3995 707 4067 sacerdotes
725 3996 897 4068 similiter.
945 3998 1133 4071 Custodite

84 4119 190 4181 caute
215 4110 424 4181 sacrificium
442 4110 574 4183 Christi
600 4112 644 4182 ad
670 4112 836 4195 infirmos,
855 4122 892 4183 et
916 4114 1011 4185 edite
1034 4114 1132 4195 illud,

32 4169 72 4227 25
83 4250 131 4296 ne
149 4227 281 4297 diutius
298 4235 472 4309 teneatur,
490 4250 596 4318 quam
610 4236 761 4319 oportet.
798 4226 846 4299 Et
864 4232 1024 4322 reponite
1037 4230 1132 4300 aliud
