2867 4817
226 298 278 362 IN
301 296 521 361 CANONES
543 297 760 363 CONCILII
785 296 1090 362 CHALCEDON.
1123 298 1188 367 109

140 471 223 535 κακὸς
237 468 286 533 καὶ
300 469 460 552 ἐγχωρίους
472 473 585 550 διαιρεῖ.
609 470 778 550 ἆγροικκκᾶς
790 469 847 549 μὲν
863 469 917 533 οὖν
931 468 1028 551 φασὶν
1046 467 1123 533 είυαι
1137 472 1189 537 τὰς

141 556 177 617 ἐν
191 555 344 637 ἐπχατίοις
364 556 500 633 κείρευας
519 555 567 619 καὶ
586 555 708 637 ὀλίγους
730 556 859 637 ἐχούσας
880 554 947 621 τοὺς
971 556 1006 617 Iu
1025 554 1127 625 αὔταῖς
1140 557 1185 619 el·

142 644 285 713 κοΰυκαςς
309 636 329 701 ἃ
345 640 393 703 καὶ
405 641 541 719 μουοίκια
555 637 706 722 λέγονται·
730 640 891 722 ἐγχωρίους
905 642 938 703 δὲ
955 642 1008 706 τὰς
1023 640 1125 722 ἀγροῖς
1140 641 1187 705 καί

142 728 251 804 κόμαις
275 724 505 805 πλησιόζουσας,
533 726 581 789 καὶ
603 728 746 792 πλείονος
770 725 837 791 τοὺς
866 727 1016 791 κατοίκους
1045 726 1185 807 ἔχουσας.

140 810 304 875 (lunonem
327 810 522 894 Ephesinum
545 810 691 875 ultimum
709 808 865 895 respieere
885 810 1029 874 Zonaras
1051 810 1185 874 videtur.

141 895 285 981 Exponit
303 903 412 960 entem
433 896 501 961 haee
516 896 677 960 Sehelium
694 896 728 959 in
742 895 849 959 eodioe
866 894 1123 961 Amerbaohieno
1144 894 1187 959 ed

141 981 225 1045 hune
244 1002 397 1045 eenonem
416 982 672 1060 Ohueedonnm,
688 981 772 1066 quod
792 981 904 1045 attulit
927 981 1124 1067 Beveregius,
1146 982 1186 1045 de

140 1067 236 1152 agiis,
252 1088 385 1151 quorum
405 1074 442 1132 ut
456 1067 614 1133 inutilium
628 1074 662 1132 et
680 1067 797 1144 vilium,
818 1066 974 1153 neglectui
993 1066 1184 1144 habitorum,

141 1173 206 1216 non
222 1160 350 1217 tentem
368 1175 478 1218 eurem
493 1154 628 1239 gessisse
645 1152 828 1238 episcopum
843 1153 896 1238 qui
914 1174 968 1216 eos
987 1174 1186 1238 praeooenpa·

141 1239 248 1314 vissei,
254 1238 420 1303 verisimile
428 1246 487 1303 est.
505 1239 615 1325 Atque
627 1239 674 1304 ite
686 1238 719 1302 in
728 1237 964 1304 Commentario
975 1238 1017 1303 nd
1026 1238 1186 1303 Cononem

143 1324 258 1388 XXV.
275 1323 405 1390 Oeneilii
419 1325 569 1402 nulum,
586 1347 649 1410 quo
663 1324 870 1389 confirmetur
881 1345 982 1387 onnon
996 1324 1047 1388 hio
1059 1324 1188 1389 Choloe-

141 1410 266 1488 donins,
296 1411 336 1475 de
368 1409 588 1476 ecelesiasticis
618 1411 704 1497 egris
738 1432 793 1475 seu
825 1409 1084 1494 possessionibus,
1118 1412 1186 1475 haee

141 1496 287 1561 Zonaras
304 1495 533 1581 interpretetus
556 1504 614 1561 est.
659 1496 723 1561 Hae
748 1496 831 1561 enim
849 1495 1017 1579 parochiae,
1040 1496 1104 1561 sive
1116 1518 1187 1581 ρος-

140 1583 287 1658 emisses
316 1589 353 1647 ut
381 1604 489 1647 voeem
518 1584 680 1667 ἐγχωρίους
708 1581 805 1647 vertit
833 1580 1004 1665 Dionysius
1032 1580 1185 1667 Exiguus,

141 1666 256 1817 sen
273 1665 1187 1838 sessussisissssssssss

141 1838 226 1903 idem
253 1839 419 1925 interpres.
469 1839 595 1905 Horum
624 1845 734 1903 autem
762 1838 901 1903 vieorum
930 1836 1104 1921 episeopus,
1130 1859 1186 1902 seu

140 1923 293 1989 usitatius
307 1925 410 1989 dieses
423 1925 673 2025 chorepiseopos‚
689 1925 867 1990 ἐπισκόπους
880 1929 939 1987 τῶν
954 1925 1070 2003 ὁμόρων
1087 1926 1187 2005 ἀγρῶν

139 2010 654 2181 emmingo?
667 2016 781 2157 “Im
795 2008 1187 2160 sensnum

140 2117 173 2157 in
506 2120 571 2161 eu
638 2117 891 2159 useinm..
980 2115 1055 2158 .0.
1110 2116 1186 2159 eee-

139 2202 212 2243 rum
236 2182 348 2247 ultIme
372 2204 448 2267 pers
473 2121 567 2267 hujiis
592 2181 721 2247 eenonis
747 2188 900 2265 tanquam
929 2114 1187 2279 cum3prioribus

140 2267 313 2350 eonjunote
337 2268 495 2333 eensende
519 2276 588 2343 est;
613 2274 740 2332 etcum
764 2287 884 2331 conone
907 2265 1093 2330 dnodeenno
1113 2286 1186 2331 eon·

140 2351 216 2416 ferri
231 2360 381 2421 meretur.

185 2439 222 2501 P.
236 2439 287 2502 62.
303 2439 325 2503 l.
339 2440 386 2503 18.
407 2438 569 2522 γεγένηταί
587 2465 639 2512 τις,
654 2436 673 2518 ἢ
694 2438 828 2521 γίνοιτο]
846 2436 971 2517 Γίυηται
990 2458 1047 2522 pro
1068 2436 1185 2519 γίνοιτο

142 2524 283 2589 Οοαάίὶα
296 2524 427 2602 hebent,
443 2524 493 2588 oui
508 2526 635 2609 quidem
648 2523 777 2588 lectioni
794 2524 901 2588 fovent
922 2523 1036 2587 Isidori
1055 2530 1089 2586 et
1108 2523 1185 2587 Dio

140 2608 222 2695 nysii
244 2610 541 2696 Interpretetiones
563 2610 729 2695 priscoque
750 2609 836 2693 apud
857 2608 1030 2673 Jussellum
1048 2607 1183 2682 Versio;

140 2696 197 2759 sed
216 2694 341 2777 γίνοιτο,
365 2697 451 2782 qnod
471 2695 607 2781 praetuli,
632 2700 789 2780 praestnnt
805 2717 914 2759 omnes
933 2695 1096 2759 Oenonnm
1116 2694 1186 2759 001-

139 2780 292 2846 Ieetiones
317 2782 438 2846 Graeeae
467 2803 601 2859 excusse,
629 2788 664 2845 et
689 2779 813 2844 oodioes
842 2779 1006 2844 Bodleieni
1035 2779 1184 2864 quinque,

140 2866 318 2953 Tilisnique
346 2868 463 2932 oodieis
493 2865 733 2952 Interpretutio.
779 2865 858 2929 Mox
885 2865 1027 2930 scribunt
1058 2864 1149 2948 ἑξάρχ
1175 2912 1184 2941 ,

139 2953 226 3036 quod
246 2954 394 3018 mitutius
413 2960 472 3033 est,
487 2975 547 3037 pro
567 2952 687 3036 ἐπάρχῳ
710 2950 918 3017 Oolleotiones
939 2951 1009 3017 istae
1032 2956 1067 3015 et
1091 2892 1184 3015 cosli.

139 3038 305 3103 Bodleieni
318 3060 436 3105 omnes.

183 3124 222 3187 P.
234 3126 287 3209 63.
308 3123 329 3187 I.
341 3127 370 3188 6.
394 3128 471 3189 καθα
490 3122 674 3209 specim]
697 3121 826 3187 Oenone
842 3122 907 3186 IX.
926 3122 981 3186 ubi
999 3122 1068 3187 haee
1087 3142 1184 3185 anno·

138 3208 222 3273 tevit
252 3210 417 3288 Justellus,
446 3216 465 3247 ‘⁶
481 3209 560 3273 Tres
588 3208 664 3272 olim
689 3214 783 3273 erent
812 3208 1029 3293 episcoporum
1053 3207 1183 3293 gradus,

140 3303 160 3331 “
175 3294 313 3381 episeopi
338 3294 458 3361 scilieet
478 3295 653 3371 unitatum,
679 3292 916 3379 metropolitani
941 3292 1183 3379 provinciarum,

140 3391 160 3417 “
175 3382 304 3445 exorehi
327 3380 513 3457 dioeeeseon‚
539 3388 575 3445 ut
600 3401 641 3443 ex
665 3380 727 3444 hoo
752 3400 871 3443 oenone
893 3384 1027 3454 constet,
1050 3384 1084 3443 et
1106 3377 1184 3442 Oen.

139 3475 162 3507 “
177 3466 296 3531 XVII.
316 3465 409 3531 infre.
447 3466 499 3530 Sie
518 3465 551 3529 in
571 3464 702 3529 coneilio
722 3464 924 3533 Antiocheno
938 3466 987 3527 II.
1008 3464 1092 3527 inter
1110 3470 1186 3527 ento

139 3560 160 3589 “
175 3551 306 3617 Ooneilii
335 3551 599 3618 Ohnloedonensis
627 3557 653 3615 t.
670 3549 715 3614 II.
742 3550 887 3615 Domnus
911 3549 1091 3614 Antioohiae
1118 3548 1185 3634 epi·

139 3646 160 3675 “
174 3659 299 3723 seopus.
325 3638 480 3703 exnrohus
501 3637 673 3701 dioeeeseos
692 3636 856 3701 osientalis
877 3635 1001 3701 dieitur.
1043 3634 1186 3699 Exerehi

139 3733 283 3789 “entem
305 3724 482 3789 dioeeeseon
504 3730 580 3788 sunt
598 3721 800 3807 petrisrohso,
817 3722 931 3807 quibus
952 3720 1084 3805 integiae
1108 3720 1185 3785 dioe·

138 3817 159 3850 “
172 3832 261 3875 esses
288 3817 382 3875 erant
409 3809 587 3875 attubutae.
633 3808 674 3872 Id
698 3814 839 3872 testetur
864 3808 1007 3871 Zonaras
1033 3806 1075 3871 nd
1100 3807 1185 3871 hune

138 3905 161 3935 “
176 3917 329 3960 senonem
344 3896 487 3980 ἐξάρχους
503 3897 537 3959 δὲ
550 3899 610 3958 πῶυ
624 3893 807 3973 διοικήσεων.
824 3894 891 3960 τοὺς
909 3891 1092 3975 πατριάρχας
1107 3891 1185 3957 εἶναι

138 3988 158 4017 “
172 3981 299 4063 ossio?
325 3981 402 4047 Vid.
416 4002 513 4068 snpra
526 3985 594 4045 noo.
608 3980 651 4045 nd
666 3978 744 4043 Gen.
758 3979 827 4043 IX.

500 4128 653 4195 GANON
676 4127 818 4193 XVIII.

181 4234 266 4299 Ibid.
280 4234 300 4298 l.
318 4252 367 4319 15.
387 4230 651 4317 ὴσυυομιαίμευοι]
668 4230 864 4297 Partioulnm
878 4228 907 4313 ἢ,
923 4252 1019 4315 quam
1030 4229 1184 4295 omittunt
