2867 4817
311 258 627 326 ROMANORUM
650 264 969 332 PONTIFICUM.
1102 271 1166 334 153

116 435 256 509 rerunt,
273 436 311 498 at
328 450 411 499 cum
428 432 483 501 sui
495 434 621 503 erroris
632 434 825 518 autoribus,
839 444 946 527 atque
959 438 1164 523 fautoribus,

114 550 289 634 perpetuo
306 544 532 618 anathemate
549 547 814 619 damnavemnt.

168 656 282 728 Recte
298 666 406 751 atque
423 662 595 733 varaciter
610 672 818 748 statuentes,
836 667 928 738 sicut
952 669 1039 738 duas
1058 671 1163 740 unius

117 770 264 843 Domini
280 778 392 847 nostri
414 776 503 849 Jasu
525 778 658 851 Christi
680 790 832 863 naturas,
850 780 886 851 id
909 792 973 866 est,
991 785 1163 855 deitatem

86 896 155 967 set
177 888 447 980 humanitatem,
464 896 564 988 cujus
586 897 673 967 duas
695 898 899 968 nativitates
923 921 999 969 asse
1017 922 1164 993 cognos-

116 1004 241 1089 cimus,
264 1006 309 1077 de
333 1007 440 1079 Patre
463 1010 640 1094 videlicet,
657 1034 704 1081 ex
730 1021 882 1096 aetam03
908 1013 953 1083 de
974 1023 1099 1096 matre,
1117 1015 1163 1084 de

115 1140 187 1211 qua
215 1119 415 1193 humanitas
443 1126 477 1194 ai
506 1127 663 1209 accessit,
692 1148 740 1197 ex
768 1135 951 1220 tempora:
995 1129 1046 1199 ita
1074 1130 1163 1200 duas

114 1259 256 1329 quoque
280 1238 494 1310 substantias
519 1243 622 1312 unius
647 1242 876 1334 ejusdemque
900 1265 1057 1335 personae
1080 1266 1164 1313 con-

114 1353 267 1437 fitemur,
288 1355 396 1447 juxta
412 1355 674 1427 subsistentiam
697 1358 825 1441 unitas,
843 1381 891 1429 ax
913 1359 1041 1452 quibus
1064 1368 1102 1429 et
1124 1360 1163 1429 in

62 1470 243 1561 mquibus
267 1472 362 1541 idam
388 1469 562 1541 Dominus
587 1480 708 1543 noster
731 1471 837 1543 Jesus
860 1473 1022 1545 Christus
1050 1473 1161 1544 Filius

114 1583 199 1667 Dei,
229 1594 267 1656 at
296 1586 533 1669 adnuntiatur,
558 1594 596 1657 et
623 1588 797 1658 eraditur:
828 1591 911 1679 quia
937 1597 1037 1659 totus
1062 1587 1162 1660 Deus

113 1708 213 1770 totus
237 1701 352 1773 iactus
377 1709 431 1771 ast
456 1700 573 1783 homo,
599 1710 637 1772 et
666 1704 704 1772 in
734 1703 806 1773 suis
835 1704 975 1796 integer
1003 1726 1160 1787 maneus,

113 1816 223 1885 ctiam
239 1816 277 1886 in
293 1818 422 1887 nostris
446 1817 624 1910 perfectus
646 1818 818 1911 apprimit,
835 1817 968 1909 absque
988 1802 1063 1888 solo
1079 1830 1275 1910 pec-flebit
1287 1845 1323 1895 ¹⁵·

112 1939 206 2013 cato,
223 1934 307 2025 quia
321 1933 358 2003 in
375 1955 414 2003 se
430 1931 564 2003 salvare
580 1940 699 2002 totum
714 1932 896 2002 hominem
914 1939 1082 2016 venarat3
1108 1935 1161 2004 ita

62 2071 101 2128 ις
112 2071 253 2139 quoque
270 2056 308 2119 et
325 2049 411 2119 dnus
427 2047 605 2119 naturales
626 2046 757 2117 habara
775 2045 984 2129 voluntates,
1003 2046 1159 2139 dumque

112 2164 291 2234 naturales
313 2164 544 2257 operationes,
569 2162 763 2233 secundum
790 2169 992 2231 sanatorum
1017 2174 1157 2253 patrum

112 2278 320 2361 doctrinam,
338 2278 580 2349 decreverunt.
1002 2346 1005 2355 .

163 2390 320 2465 Antores
353 2416 436 2464 varo
469 2394 551 2465 novi
584 2393 740 2464 baeretici
774 2394 949 2487 dogmatis
982 2392 1158 2487 Sergium,

112 2507 299 2602 Pyrrhum,
323 2507 485 2591 Paulum,
507 2517 544 2578 et
568 2506 714 2578 Petrum
740 2508 1158 2601 constantinopolitanos,

58 2647 184 2696 sonna
212 2648 295 2695 cum
323 2623 494 2707 Honorio,
524 2625 585 2715 qui
611 2625 727 2716 pravis
756 2646 878 2694 aarum
907 2624 1159 2695 assertionibus

111 2740 311 2813 fomentum
328 2740 522 2832 impendit3
546 2740 747 2831 pariterque
768 2749 806 2808 at
823 2738 1046 2809 Theodorum
1066 2739 1158 2809 Pha-

110 2856 321 2938 naitanum,
356 2863 394 2927 et
426 2855 559 2948 Cyrum
590 2852 885 2936 Alexandrinum,
918 2877 1000 2923 cnm
1034 2878 1155 2925 eorum

110 2971 359 3055 imitatoribus,
374 2969 551 3061 simulque
571 2979 609 3039 et
629 2968 702 3050 hos,
721 2970 781 3059 qui
803 2968 967 3038 haeretica
989 2970 1157 3061 dogmata

111 3096 236 3157 contra
257 3088 443 3159 veritatem
468 3085 550 3155 fidai
576 3082 790 3177 synodaliter
812 3083 1026 3155 declaratam
1049 3092 1157 3174 atque

60 3225 78 3265 α
81 3219 100 3283 5
110 3202 345 3297 predicatum,
362 3202 589 3305 pertinaciter
605 3199 861 3269 defendebant:

163 3318 360 3389 Pessimum
377 3317 485 3387 etiam
503 3324 541 3385 et
558 3313 638 3384 Deo
655 3313 824 3384 odibilem
842 3312 1041 3383 Macarium
1059 3311 1155 3400 (cum

111 3434 187 3525 ejus
212 3430 394 3524 discipulo,
419 3438 457 3500 et
482 3430 650 3523 magistro
674 3428 876 3519 impietatis,
903 3426 1094 3519 Stephano,
1118 3435 1156 3498 at

113 3546 345 3639 Polychronio
366 3544 476 3615 deliro
496 3566 589 3626 sene,
607 3566 700 3613 novo
718 3541 876 3633 Simone)
894 3564 976 3611 cum
994 3542 1156 3612 omnibus

110 3663 284 3734 hereticis
318 3660 456 3754 scriptis
485 3668 593 3751 atque
622 3658 831 3749 sequacibus
862 3678 959 3726 nexu
992 3658 1154 3747 perpetui

58 3778 346 3861 3oanatbematis
383 3776 629 3855 darinxanmt,
667 3774 727 3863 qui
766 3792 872 3841 unum
910 3769 1156 3841 execrabiliter

110 3892 311 3963 asserebant
350 3889 579 3971 voluntatem,
620 3898 658 3958 at
696 3909 804 3957 unam
844 3884 1084 3976 operationem
1117 3886 1154 3959 in

110 4006 276 4089 Christ03
318 4028 425 4097 quam
457 4027 573 4095 nequa
606 4002 771 4083 divinam,
806 4022 921 4092 neque
954 4000 1154 4083 humanam,

108 4113 226 4213 nequa
242 4122 468 4202 inconditam,
486 4142 601 4211 neque
624 4118 803 4187 conditam
824 4122 988 4208 poterant
1011 4117 1157 4187 damon-

155 4256 229 4297 VOL.
244 4254 284 4297 11.
624 4252 644 4291 x
