2867 4817
516 280 757 365 armona„
1084 285 1157 350 aas.

112 448 205 521 Tum
222 452 378 523 damnati
400 455 575 525 sententia
598 454 677 557 Dei,
697 465 735 526 et
758 456 804 527 ob
823 467 968 551 peccata
988 459 1148 559 projecti,

111 575 151 637 ct
179 590 308 639 nomen
336 570 540 675 angelorum
570 581 607 643 et
643 551 875 645 substantiam
908 576 1148 668 perdiderunt.

113 682 173 755 Ita
190 684 318 757 diaboli
340 686 509 759 satellites
526 688 620 772 facti,
637 698 678 760 ut
700 690 871 761 haberent
888 691 1054 761 solatium
1072 716 1150 785 per-

112 800 255 872 ditionis
288 824 368 886 sure,
397 805 442 874 ad
471 787 666 914 perdendos
695 806 855 876 homines
889 815 1149 890 converterunt,

112 940 201 1009 quos
217 928 258 989 ut
274 927 467 1006 tuerentur,
480 900 703 993 advenerant.

370 1212 375 1221 ,
470 1137 579 1208 cAP.
606 1106 796 1211 XXVlII.

163 1267 214 1339 Hi
234 1278 316 1341 sunt
338 1271 523 1371 daemones,
541 1272 585 1345 de
608 1274 735 1366 quibus
758 1274 875 1365 podtae
898 1295 989 1366 saeps
1014 1275 1051 1343 in
1075 1255 1150 1345 car-

109 1385 265 1457 minibus
287 1388 358 1457 suis
381 1388 582 1487 loquuntur,
599 1412 687 1483 quos
709 1389 872 1487 custodes
888 1388 1072 1461 hominum
1089 1413 1150 1482 ap-

108 1502 221 1596 pellat
245 1502 431 1577 Hesiodus.
475 1505 532 1576 Ita
554 1508 649 1577 enim
669 1479 915 1606 persuaserunt
936 1506 1149 1589 hominibus,

109 1619 284 1691 illecebris
309 1629 415 1713 atqua
440 1620 585 1693 fallaciis
609 1624 690 1705 suis,
715 1631 757 1692 ut
786 1623 928 1693 eosdem
959 1623 1060 1725 deos
1072 1646 1149 1694 esse

110 1737 304 1833 crederent.
346 1736 510 1831 Denique
528 1738 693 1811 Socrates
707 1738 837 1809 habere
859 1762 899 1809 se
914 1762 938 1808 a
955 1715 1070 1832 prima
1085 1762 1150 1831 pu·

110 1853 214 1924 en‘tia
247 1830 438 1939 custodem,
468 1866 710 1947 rectoremque
740 1857 820 1927 vitae
853 1878 924 1926 suas
953 1856 1148 1926 daemonem

108 1970 329 2064 praedicabat,
356 1972 431 2042 sine
458 1972 512 2063 cuj
516 1995 556 2042 us
582 1980 673 2042 nutu
697 1973 769 2041 et
760 1973 906 2065 rmperio
931 1972 1019 2043 nihil
1044 1996 1149 2072 agere

108 2096 240 2180 posset.
283 2086 477 2159 Adhaerent
493 2111 576 2185 ergo
599 2088 754 2183 singulis,
772 2098 809 2159 et
832 2088 897 2159 sub
917 2090 1061 2159 nomine
1078 2088 1149 2161 Ge-

108 2205 249 2275 niorum
265 2214 327 2275 aut
345 2204 533 2276 Penatium
550 2206 672 2276 domos
688 2215 872 2303 occupant.
916 2183 984 2277 His
1001 2208 1149 2277 sacraria

109 2322 392 2412 constituuntur;
417 2322 472 2394 his
497 2322 655 2417 quotidie
677 2322 808 2393 libatur
833 2331 874 2392 ut
898 2322 1067 2407 Laribus3
1093 2322 1147 2394 his

108 2437 221 2509 honos
248 2439 351 2510 datur
376 2448 541 2533 tanquam
566 2437 741 2509 malorum
766 2439 1029 2533 depulsoribus;
1061 2439 1100 2509 hi
1126 2462 1148 2511 a

107 2555 288 2649 principio,
301 2566 344 2627 ut
360 2565 558 2628 averterent
574 2556 735 2629 homines
746 2580 770 2627 a
785 2555 854 2627 Dei
867 2556 941 2627 veri
957 2557 1146 2651 agnitione,

107 2696 217 2743 novas
245 2672 430 2767 religiones
459 2682 497 2744 et
526 2673 642 2773 cultus
672 2672 819 2744 deorum
854 2672 1147 2758 introduxerunt3

107 2790 146 2860 hi
171 2791 357 2861 memorias
381 2813 504 2885 regum
531 2799 755 2884 mortuorum
783 2789 988 2871 consecrari,
1013 2789 1148 2883 templa

108 2908 286 2990 constitui,
321 2906 507 2978 simulacra
541 2907 617 2977 fieri
652 2907 860 2987 docuerunt,
898 2928 971 3003 ιιοιι
1004 2913 1047 2975 ut
1083 2906 1148 2975 ho-

107 3046 231 3096 norem
260 3020 331 3095 Dei
357 3026 566 3107 minuerent,
594 3031 657 3094 aut
689 3044 793 3093 suum
826 3028 1006 3123 augerent,
1040 3044 1147 3114 quem

106 3141 287 3235 peccando
315 3142 516 3224 amiserunt,
546 3141 608 3213 sed
635 3147 678 3210 ut
707 3140 818 3209 vitam
850 3137 1051 3209 hominibus
1079 3140 1147 3209 eri·

106 3267 242 3352 pererit,
259 3281 358 3351 spem
375 3282 465 3329 verae
484 3257 572 3329 lucis
592 3256 781 3339 auferrent,
798 3278 844 3326 ne
865 3254 1036 3339 homines,
1051 3256 1146 3326 unde

106 3374 160 3447 illi
186 3376 403 3459 exciderunt,
429 3376 473 3448 cd
494 3374 768 3446 immortalitatis
793 3372 936 3444 coeleste
959 3372 1146 3466 praemium

107 3493 340 3587 pervenirent.
409 3490 523 3563 Iidem
562 3489 786 3586 astrologiam
829 3490 1068 3584 prodiderunt,
1107 3498 1145 3560 et

106 3618 329 3705 augormtum,
354 3616 392 3679 et
416 3608 657 3701 aruspicinam,
682 3631 764 3702 quae
789 3630 871 3679 cum
899 3630 963 3701 per
991 3629 1030 3677 se
1058 3605 1146 3677 falsa

107 3727 188 3809 sint,
213 3735 334 3799 tamen
358 3726 434 3818 ipsi,
463 3732 623 3795 auctores
652 3722 837 3807 malorum,
867 3725 917 3794 sic
947 3746 990 3793 ea
1017 3723 1145 3819 guber-

105 3852 204 3925 nant,
225 3844 275 3913 sic
298 3850 506 3935 temperant,
524 3851 565 3912 ut
588 3864 670 3911 vera
689 3842 887 3911 credantur.
938 3839 1012 3933 Ipsi
1033 3840 1143 3909 etiam

1 3962 4 4069 Ἰ
105 3960 255 4053 magicae
276 3960 360 4031 artis
384 3959 575 4053 praestigias
599 3958 644 4029 ad
665 3957 998 4028 circumscribendos
1025 3954 1145 4027 oculos

105 4085 331 4170 repererunt:
369 4075 510 4146 illorum
541 4075 776 4168 adspiratione
809 4074 860 4157 fit,
888 4081 931 4143 ut
959 4074 1054 4165 quod
1088 4072 1145 4156 sit,

1 4280 4 4290 ‚
105 4216 178 4263 non
200 4214 285 4275 esse,
303 4202 350 4277 et,
368 4194 462 4285 quod
485 4215 555 4263 non
573 4192 629 4274 sit,
646 4212 723 4261 esse
748 4189 925 4261 videatur:
955 4190 1022 4283 ipsi
1040 4209 1145 4282 necy-

2 4313 6 4321 ’
610 4327 629 4366 ι
642 4312 658 4368 t
675 4322 693 4367 ι
