2867 4817
283 306 348 370 240
665 305 954 371 FIRMILIANI

283 489 473 553 venturum
514 481 691 573 quendam
732 502 896 551 aversum
928 488 967 552 ει
1000 488 1216 552 tentatorem
1249 482 1332 553 infi-

284 598 413 669 delem.
461 596 596 668 Tamen
620 596 681 669 ille
708 598 884 669 exorcista
909 598 1098 690 inspiratus
1119 596 1189 667 Dei
1213 600 1333 691 gratia

284 715 425 785 fortiter
448 712 588 795 restitit,
606 720 644 784 et
661 735 738 785 essa
760 712 863 783 illum
885 713 1140 806 nequissimum
1164 714 1331 806 spiritum

283 832 343 924 qui
376 832 473 923 prius
506 836 648 900 sanctus
680 830 873 922 putabatur
905 831 1072 901 ostendit.
1122 829 1237 923 Atqui
1265 830 1332 901 illa

283 945 419 1029 mulier,
450 968 531 1039 quae
560 945 656 1038 prius
685 968 750 1038 per
775 947 972 1039 praestigias
1004 954 1043 1017 et
1071 946 1226 1017 fallacias
1259 948 1360 1020 dre-5

283 1063 407 1145 monis,
434 1060 549 1131 multa
575 1062 619 1131 ad
649 1061 896 1153 deceptionem
920 1062 1080 1134 fidelium
1104 1062 1331 1145 moliebatur,

283 1181 377 1250 inter
400 1186 527 1249 caetera
552 1176 679 1269 quibus
705 1178 876 1271 plurimos
901 1180 1099 1272 deceperat,
1123 1181 1233 1251 etiam
1259 1179 1332 1249 hoc

283 1296 486 1388 frequenter
502 1317 587 1365 ausa
603 1303 667 1378 est,
685 1304 727 1365 ut
750 1303 787 1365 et
809 1296 1033 1366 invocatione
1055 1320 1128 1367 non
1146 1305 1334 1389 contemp·

282 1413 375 1483 tibili
405 1412 622 1484 sanctificare
651 1434 689 1481 se
715 1434 845 1504 panem
874 1421 912 1482 et
936 1412 1185 1483 eucharistiam
1212 1413 1332 1483 facere

283 1529 474 1611 simularet,
505 1537 542 1599 et
572 1528 781 1599 sacrificium
812 1527 967 1599 Domino
1001 1551 1073 1599 non
1106 1532 1182 1600 sine
1215 1552 1332 1599 sacra-
1347 1556 1384 1595 ιο

282 1657 405 1718 mento
422 1646 533 1716 solitae
557 1646 819 1737 praedicationis
837 1644 998 1729 offerret3
1027 1646 1224 1739 baptizaret
1240 1668 1331 1739 quo-

283 1786 352 1856 quc
368 1762 501 1833 multos
526 1762 657 1832 usitata
676 1769 714 1831 et
737 1760 898 1855 legitima
914 1760 1022 1832 verba
1043 1764 1331 1856 interrogationis

283 1900 463 1971 usurpans,
490 1886 532 1948 ut
561 1876 611 1947 nil
638 1878 836 1971 discrepare
865 1879 910 1949 ab
941 1878 1180 1949 ecclesiastica
1205 1879 1332 1973 regula

283 1998 472 2067 videretur.
523 1993 619 2078 Quid
644 1995 754 2087 igitur
775 1996 820 2065 de
842 1993 947 2087 hujus
963 1994 1141 2087 baptismo
1157 1995 1330 2077 dicemus,

283 2134 353 2205 quo
382 2109 615 2202 nequissimus
641 2112 779 2181 daemon
805 2133 871 2202 per
894 2109 1080 2179 mulierem
1107 2110 1329 2203 baptizavit?
1345 2140 1382 2200 15

285 2227 458 2320 Nunquid
488 2236 526 2297 et
550 2226 618 2298 hoc
644 2226 856 2320 Stephanus,
878 2228 999 2318 etqui
1024 2226 1078 2297 illi
1101 2228 1332 2298 consentiunt

284 2343 538 2437 comprobant?
563 2345 721 2414 maxime
745 2345 802 2414 cui
824 2366 891 2414 nec
916 2342 1116 2436 symbolum
1136 2344 1330 2427 Trinitatis,

284 2484 352 2533 nec
384 2461 612 2553 interrogatio
654 2459 815 2553 legitima
849 2468 887 2529 et
920 2458 1158 2530 ecclesiastica
1190 2460 1331 2533 definit

286 2578 410 2649 Potest
436 2578 531 2648 credi
559 2586 623 2647 aut
646 2579 803 2648 remissio
822 2585 1046 2669 peccatorum
1072 2578 1165 2659 data,
1190 2586 1254 2648 aut
1279 2576 1333 2648 la·

287 2698 379 2767 vacri
406 2694 566 2766 salutaris
596 2696 816 2789 regeneratio
843 2695 913 2765 rite
934 2692 1101 2786 perfecta,
1122 2693 1185 2764 ubi
1210 2694 1384 2765 omnia20

285 2812 444 2907 quamvis
461 2811 505 2881 ad
523 2812 713 2906 imaginem
731 2811 899 2892 veritatis,
912 2818 1034 2879 tamen
1050 2830 1114 2900 per
1130 2809 1333 2881 daemonem

284 2937 386 3023 gesta
402 2926 508 2999 sunt?
536 2927 603 2997 nisi
620 2928 649 2997 si
666 2936 704 2996 et
721 2926 918 2997 daemonem
934 2925 972 2994 in
988 2926 1131 2995 nomine
1149 2924 1275 3009 Patris,
1293 2938 1333 2997 et

287 3044 378 3127 Filii,
409 3052 446 3113 et
474 3041 626 3134 Spiritus
656 3040 789 3125 Sancti,
816 3042 968 3135 gratiam
996 3040 1163 3132 baptismi
1192 3042 1333 3115 dedisse

286 3159 515 3241 contendunt,
546 3159 606 3251 qui
640 3158 886 3229 haereticorum
914 3157 1091 3249 baptisma
1123 3157 1332 3230 defendunt.

285 3275 395 3368 Apud
430 3296 517 3365 quos
547 3276 622 3345 sinc
649 3274 758 3346 dubio
788 3274 885 3345 idem
912 3295 1009 3344 error
1034 3283 1099 3357 est,
1126 3276 1380 3365 daemonum25

285 3390 424 3465 fallacia
448 3390 524 3482 ipsa
548 3399 624 3475 est;
650 3391 791 3482 quando
808 3390 901 3483 apud
918 3388 999 3460 illos
1016 3390 1159 3459 omnino
1177 3388 1332 3483 Spiritus

287 3508 438 3581 Sanctus
463 3515 619 3579 nonest.
671 3506 767 3577 Illud
793 3508 902 3577 etiam
929 3505 1033 3598 quale
1058 3516 1123 3589 est,
1141 3506 1236 3598 quod
1253 3504 1332 3575 urit

287 3624 500 3718 Stephanus,
517 3624 572 3697 his
597 3624 657 3715 qui
683 3623 777 3715 apud
804 3622 990 3693 haereticos
1013 3623 1250 3714 baptizantur,
1270 3621 1333 3691 ad·

287 3764 364 3813 esso
393 3742 614 3839 praesentiam
640 3749 678 3810 et
700 3740 969 3810 sanctimoniam
992 3738 1151 3809 Christi?
1178 3737 1277 3809 Nam
1302 3739 1331 3809 si

124 3880 178 3930 ou
190 3881 224 3929 ru.
238 3892 277 3943 η.
287 3881 359 3930 non
375 3861 547 3931 mentitur
563 3855 743 3950 apostolus
760 3856 899 3926 dicens:
926 3856 1112 3947 Quotquot
1134 3856 1171 3924 in
1189 3853 1332 3925 Christo
1340 3884 1379 3942 30

286 3976 391 4045 tincti
421 3976 515 4058 eatis,
541 3973 722 4045 Christum
749 3972 932 4053 induistis;
959 3970 1085 4062 utique
1110 3970 1172 4061 qui
1194 3967 1268 4039 iilic
1294 3970 1332 4037 in

287 4089 427 4162 Christo
444 4092 644 4183 baptizatus
661 4098 725 4173 est,
742 4090 859 4160 induit
876 4086 1077 4159 Christum:
1095 4086 1123 4155 oi
1140 4092 1263 4155 autem
1280 4086 1332 4153 in-

286 4206 365 4275 duit
382 4204 573 4287 Christum,
591 4206 749 4297 accipere
771 4205 890 4297 potuit
913 4212 951 4275 et
969 4202 1142 4296 Spiritum
1159 4200 1331 4272 Sanctum
