2867 4817
694 268 914 334 CANONES

674 554 879 632 ΚΑΝΩΝ
909 555 962 636 le.

342 716 458 797 Ὅσοι
493 713 752 822 ῥιψοκινδύνως
778 712 868 813 μήτε
898 709 963 791 τὸν
999 708 1120 818 φόβον
1154 720 1219 791 τοῦ
1246 715 1344 792 Θεοῦ

293 844 365 950 πρὸ
402 846 605 950 ὀφθαλμῶν
641 840 791 945 ἔχοντες,
818 839 909 940 μήτε
944 838 1007 920 τὸν
1042 836 1346 938 ἐκκλησιαστικὸν

294 969 427 1053 κανόνα
449 967 579 1054 εἰδότες
603 967 885 1074 ἀναχωρήσουσι
909 972 975 1068 τῆς
1001 968 1207 1068 {rumne
1223 1000 1341 1070 πρεσ-

295 1101 438 1205 βύτεροι
461 1097 484 1200 ἢ
513 1093 722 1195 &adrorati
747 1094 843 1180 ὅλως
866 1098 905 1176 ἐν
926 1101 978 1204 τῷ
996 1093 1119 1176 κανόνι
1135 1093 1375 1202 ἐξεταζόμε·5

296 1259 362 1310 νοι·
404 1228 501 1310 οὗτοι
524 1227 686 1324 οὐδαμῶς
704 1225 820 1304 δεκτοὶ
842 1223 1054 1330 ὀφείλουσα
1077 1219 1165 1304 εἶναι
1182 1225 1222 1303 ἐν
1244 1225 1349 1330 ἑτέρᾳ

297 1357 483 1464 ἐκκλησίᾳ,
520 1351 621 1434 ἀλλὰ
647 1357 773 1431 πᾶσαν
805 1351 924 1434 αὐτοῖς
951 1351 1111 1452 ἀνάγκην
1147 1348 1351 1451 ἐπάγεσθαι

297 1484 378 1592 χρὴ,
403 1479 642 1586 ἀναστρέφειν
669 1484 717 1562 εἶς
745 1476 810 1560 τῶς
829 1479 964 1558 ἑαυτῶν
990 1479 1187 1582 παροντίας,
1213 1475 1237 1578 ἢ
1265 1481 1348 1559 ε’πι-

298 1613 479 1714 μείναντας,
516 1603 771 1706 ἀκοινωνήτους
808 1602 895 1685 εἶναι
930 1605 1117 1710 προσήκει.
1156 1612 1187 1685 εὶ
1223 1605 1262 1687 δὲ
1289 1611 1352 1687 καὶ

299 1737 512 1839 τολμήσειεν
529 1769 584 1819 τις
611 1732 827 1841 ὑφαρπάσαι
848 1730 913 1813 τὸν
929 1739 982 1842 τῷ
998 1735 1105 1842 ἑτέρῳ
1124 1735 1352 1841 διαφέροντα,
1365 1773 1403 1811 ιο

301 1872 360 1948 καὶ
377 1867 625 1972 χειροτονῆσαι
642 1865 679 1941 ἐν
696 1867 742 1966 τῇ
766 1863 875 1941 αὑτοῦ
892 1863 1077 1968 ἐκκλησίᾳ,
1091 1861 1142 1963 μὴ
1159 1895 1348 1963 συγκατα-

302 1995 482 2094 τιθεμένου
509 1999 573 2072 τοῦ
601 1989 690 2070 ἰδίου
717 1987 926 2087 ἐπισκόπου,
944 1988 987 2068 οὗ
1013 1988 1240 2094 ἀνεχώρησεν
1267 1991 1288 2069 ό
1312 1991 1353 2070 ἐν

303 2131 354 2232 τῷ
371 2117 492 2202 κανόνι
510 2115 765 2226 ἐξεταζόμενος,
782 2116 913 2220 ἄκυρος
929 2115 1027 2198 ἔστω
1044 2117 1068 2217 ἡ
1085 2118 1295 2222 χειροτονία.

683 2343 886 2420 ΚΑΝΩΝ
914 2343 979 2419 ΙΖ.

360 2497 507 2600 Ἐπειδὴ
534 2501 668 2580 πολλοὶ
704 2501 743 2578 ἐν
774 2505 825 2606 τῷ
860 2495 982 2577 κανόνι
1018 2497 1257 2605 ἐξεταζόμενοι
1286 2500 1359 2601 τὴν
1372 2538 1383 2576 ι
1388 2535 1405 2595 5

304 2627 518 2734 πλεονεξίαν
542 2629 601 2706 καὶ
625 2625 691 2726 τὴν
715 2627 989 2729 αἰσχροκερδίαν
1006 2625 1201 2726 διώκοντες,
1218 2628 1353 2710 ἐπελά-

306 2762 413 2836 θοντο
448 2762 512 2834 τοῦ
540 2754 634 2833 θείου
661 2749 872 2856 γράμματος
902 2750 1082 2855 λέγοντος,
1111 2750 1154 2834 τδ
1183 2753 1359 2858 ἀργύριον

306 2885 414 2963 αὑτοῦ
441 2882 504 2960 οὐκ
532 2881 659 2960 ἔδωκεν
685 2881 744 2958 ἐπὶ
771 2876 875 2986 τόκῳ,
893 2882 953 2960 καὶ
979 2879 1202 2982 δανείζοντες,
1224 2883 1351 2962 ἑκατο-

430 3101 582 3160 cANoN
603 3101 691 3161 XVI.
853 3101 1048 3180 pertinentem
1075 3103 1212 3162 ouduoter
1235 3104 1358 3164 invade

349 3183 528 3261 Quicunque
548 3192 657 3242 temere
678 3203 712 3242 eo
732 3182 811 3260 peri-
853 3201 895 3250 re,
909 3192 940 3240 et
960 3181 992 3240 in
1012 3202 1065 3242 nuo
1085 3181 1206 3244 ecclesio
1221 3183 1357 3244 ordinere

309 3265 416 3332 euloee,
430 3282 525 3339 neque
535 3262 669 3321 timorem
682 3261 739 3321 Dei
753 3283 813 3342 prae
853 3262 1022 3335 tentaverit,
1059 3285 1118 3323 uon
1155 3266 1357 3326 consentiente

309 3342 402 3403 oeulis
415 3343 564 3410 habentes,
579 3342 813 3402 neeeooleniusti-
854 3341 999 3422 episeopo,
1029 3365 1046 3402 u
1077 3365 1137 3422 quo
1163 3344 1304 3416 disoenoit,
1331 3347 1357 3405 io

310 3445 371 3484 oum
391 3423 521 3502 regulum
540 3435 739 3501 agnoscentes.
754 3423 814 3482 dio-
854 3423 905 3499 qui
926 3424 1036 3502 regulo
1056 3425 1150 3484 munci
1188 3435 1255 3484 turz
1278 3427 1357 3486 ordi·

311 3503 419 3565 cedunt
443 3503 480 3562 ub
500 3502 620 3562 ecclesio
641 3503 813 3584 presbyteri,
855 3504 1127 3582 untionehujueoem
1169 3505 1358 3566 'irritueom.

311 3595 363 3646 out
377 3585 501 3652 diaconi,
517 3583 563 3642 vel
580 3585 747 3662 quicunque
760 3585 815 3644 rub
855 3585 1005 3663 probetur.

312 3667 411 3744 regulo
425 3685 542 3744 prorsus
554 3665 698 3724 existunt:
721 3665 753 3722 hi
766 3685 815 3726 ne·
968 3666 1121 3726 CANON
1141 3667 1247 3726 XVII.

312 3767 456 3824 quaquam
476 3745 585 3804 debent
607 3746 638 3803 in
658 3745 744 3804 ulium
767 3766 814 3804 ee·
897 3746 1044 3820 Quoniam
1065 3746 1162 3815 multi,
1181 3749 1236 3808 sub
1256 3747 1359 3826 regula

313 3827 428 3886 clerium
443 3826 543 3906 recipi,
558 3825 608 3885 eod
627 3847 743 3885 omnem
763 3845 815 3884 ne-
856 3828 1019 3898 constituti,
1037 3827 1187 3886 avaritiam
1208 3839 1239 3888 et
1259 3829 1359 3908 turpio

314 3908 476 3968 oersitatem
494 3907 629 3966 convenit
650 3907 708 3966 illis
722 3907 815 3987 impo-
856 3907 937 3966 lucro
951 3919 1107 3976 nectantur,
1122 3909 1264 3987 oblitique
1281 3909 1359 3969 divi.

313 3989 354 4057 ni,
370 3998 404 4046 ut
418 3987 455 4047 ad
469 4008 535 4046 suus
554 3987 703 4066 parochias
717 4008 814 4048 rever·
855 4009 900 4047 πα
914 3990 1074 4068 scripturn,
1086 3988 1221 4057 dicentis,
1232 3989 1295 4062 Qui
1308 4009 1358 4071 pe-

315 4079 425 4139 tuntur,
448 4067 526 4145 quod
549 4069 574 4127 ei
597 4089 656 4125 non
680 4069 813 4137 fecerint,
855 4068 970 4128 cuniam
979 4089 1061 4128 uuum
1072 4090 1130 4128 uon
1142 4071 1224 4131 dedit
1237 4071 1274 4130 od
1288 4091 1357 4130 usu·

314 4160 430 4227 oportet
452 4169 502 4207 eos
524 4149 727 4208 communione
756 4150 815 4228 pri.
856 4171 917 4208 rum
928 4173 938 4221 3
960 4162 1097 4209 mutuum
1118 4151 1358 4212 dautesoenteei·

316 4230 384 4287 vari
428 4229 526 4306 Siquis
548 4241 644 4288 nutum
667 4230 703 4288 ad
726 4231 815 4290 olium
856 4231 1056 4309 mneexigunt:
1069 4231 1357 4308 justecensuitsune·
