2867 4817
276 319 343 384 DE
366 318 526 384 OPERE
549 318 614 383 ET
637 319 992 387 ELEEMOSYNIS.
1101 324 1168 392 297

108 493 275 578 salubre3
302 503 341 564 et
363 494 597 566 emundandis
622 498 884 590 purgandisque
906 498 1060 591 peeeatis
1085 499 1166 569 nos-¹

106 612 181 694 tn's,
211 612 273 704 qui
307 611 385 682 sine
409 610 528 703 aliquo
556 614 780 683 eonseisntiae
807 613 954 685 uulnere
982 636 1059 685 esse
1091 638 1163 685 non

104 748 306 817 pessumum,
336 723 486 796 medelis
520 725 737 818 spiritalibus
770 727 918 799 vulnera
950 737 1071 799 nostra
1103 752 1164 800 eu·

103 862 238 913 remus.

77 980 97 1039 ⁵
154 958 207 1028 Π.
239 956 321 1029 Nee
344 959 529 1049 quisquam
553 958 603 1029 sie
628 960 696 1030 sibi
722 961 769 1031 de
793 982 882 1054 puro
907 970 1015 1054 atque
1037 962 1163 1034 imma·

102 1075 227 1146 enlsto
253 1083 398 1168 pectore
423 1074 636 1159 blandiatur,
664 1084 707 1146 ut
732 1079 936 1150 innocentia
960 1102 1025 1150 sua
1048 1080 1161 1153 fretus

100 1192 320 1263 medicinam
348 1212 420 1261 nou
445 1198 550 1284 putet
579 1190 816 1264 adhibendam
842 1216 920 1265 esse
944 1195 1158 1280 vulneribus,

101 1330 185 1379 cnm
218 1310 390 1402 seriptum
420 1309 487 1379 sit:
528 1307 616 1398 Quis
638 1308 849 1407 quabitur
877 1321 1007 1383 castum
1035 1337 1073 1384 se
1097 1312 1277 1386 ltu-sm

99 1422 177 1496 bere
212 1448 284 1509 eor,
318 1433 379 1497 aut
412 1425 491 1520 quis
519 1424 731 1523 ylostabitur
766 1427 932 1499 muudum
965 1452 1002 1499 se
1033 1453 1103 1501 esse
1136 1454 1159 1502 a

60 1542 284 1636 tapsensem?
317 1544 510 1613 etiterum
538 1545 575 1613 in
601 1542 752 1636 epistola
776 1566 841 1616 sua
863 1543 1020 1617 Joannes
1048 1558 1158 1640 ponat

99 1669 137 1730 et
157 1662 278 1731 dieat:
303 1658 350 1732 Si
372 1658 566 1731 diaestmua
589 1660 672 1755 qsa'a
691 1669 875 1755 peecatum·
896 1682 971 1732 non
987 1659 1156 1748 tabem
1169 1692 1178 1724 ι
1193 1679 1264 1727 toan.
1277 1680 1293 1728 i.

98 1798 161 1847 nes
197 1777 295 1871 ipsas
327 1774 525 1873 decipimus,-
560 1784 592 1847 et
625 1777 753 1849 amima
790 1776 830 1847 in
863 1774 962 1847 nobis
994 1800 1064 1849 non
1096 1790 1156 1853 eat.

99 1890 137 1963 Si
168 1902 295 1965 autem
320 1916 426 1964 nemo
456 1915 532 1965 esse
557 1896 634 1965 sine
662 1902 811 1988 peecata
839 1903 969 1988 potest,
999 1905 1038 1966 et
1063 1899 1156 1990 quis·

97 2010 177 2101 quis
213 2009 435 2102 inculpatum
465 2030 503 2079 se
533 2030 610 2081 esse
640 2012 772 2083 dixesit
800 2020 864 2081 aut
890 2011 1063 2104 superbus
1091 2021 1156 2083 aut

58 2128 235 2205 ¹sstultus
261 2134 326 2209 est,
349 2146 456 2219 quam
481 2128 687 2210 necessaria,
714 2150 821 2219 quam
846 2128 1001 2222 benigna
1022 2135 1077 2200 est
1102 2128 1155 2199 di·

96 2244 180 2314 vina
208 2242 409 2324 clementia,
437 2263 518 2332 quae
548 2264 632 2313 eum
659 2245 749 2314 seiat
775 2266 847 2313 uon
872 2244 995 2314 deesse
1023 2246 1153 2316 sanatis

96 2362 263 2453 quaedam
289 2360 516 2452 postmodum
542 2359 698 2443 vuluem,
725 2360 824 2431 dedit
849 2360 1013 2431 emendis
1034 2362 1151 2433 denuo

95 2476 333 2569 sanandisque
349 2475 554 2551 sulnssibus
570 2477 729 2549 remedia
744 2475 929 2547 salutauit!

143 2592 221 2663 ΠΙ.
251 2590 447 2686 Nunquam
475 2592 639 2684 denique,
673 2593 801 2664 fratres
830 2591 1059 2677 dilectissimi,
1089 2597 1150 2667 ad·

56 2710 249 2781 tomanitio
265 2709 383 2781 divina
399 2710 549 2790 cessavit
570 2717 609 2780 et
629 2710 831 2802 tacuitque
851 2710 970 2779 minus
988 2711 1026 2780 iu
1043 2712 1151 2804 serip-

95 2828 193 2897 turis·
211 2828 342 2896 sauotis
366 2835 442 2897 tam
472 2827 652 2899 veteribus
681 2848 788 2918 quam
816 2827 917 2896 novis
944 2847 1084 2920 semper
1112 2838 1150 2899 et

95 2942 229 3036 ubique
246 2942 292 3013 ad
314 2944 564 3015 miseridordiae
587 2965 695 3037 opera
716 2944 785 3014 Dei
808 2942 962 3038 populus
982 2966 1150 3036 proveca-

94 3069 215 3143 nstur3
241 3066 280 3129 et
304 3069 454 3131 canente
478 3068 594 3153 atque·
612 3060 825 3131 exhortante
851 3060 988 3153 Spiritu
1015 3059 1149 3131 Saueto

95 3177 255 3268 quisquis
288 3176 333 3245 ad
363 3198 462 3269 spem
491 3177 591 3271 regni
621 3175 776 3247 eoelestis
806 3177 1001 3260 instruatur,
1031 3177 1147 3248 faeere

55 3290 337 3385 aelemosyna
365 3293 523 3385 jubetur.
577 3292 731 3364 Mandat
764 3301 804 3363 et
835 3294 997 3387 praecipit
1031 3292 1146 3364 Esaiae

96 3406 216 3481 Dens:
243 3406 424 3493 Bedente,
454 3411 579 3503 inquit,
610 3410 648 3479 in
667 3407 885 3505 fortitudine
909 3419 941 3480 et
966 3408 1039 3481 noli
1058 3433 1311 3505 par-insum..

95 3546 176 3597 esre.
239 3522 341 3597 Siout
369 3524 449 3598 tuba
480 3519 596 3598 sautia
628 3548 740 3597 vocem
770 3534 875 3608 tuna
909 3534 942 3596 et
974 3526 1145 3599 annuntia

92 3641 181 3735 plebi
215 3664 300 3713 mese
326 3652 468 3737 peccatu
500 3643 655 3737 ipserum
688 3651 721 3713 et
753 3640 872 3713 amus·
903 3640 1016 3713 Jacob
1045 3641 1144 3737 faei-

94 3780 184 3831 ηοω
197 3780 326 3830 comm.
373 3760 423 3831 Et
440 3782 522 3831 aum
539 3767 686 3853 peecata
702 3760 753 3830 eis
770 3780 835 3829 sua
850 3759 1036 3853 exprobari
1053 3782 1144 3853 prae-

54 3898 87 3953 30
95 3879 255 3971 espinosa,
272 3898 425 3968 eumque
442 3900 564 3949 eorum
587 3876 744 3947 facinora
763 3874 869 3969 pleno
890 3876 1143 3970 indignationis

94 3992 230 4087 impetu
247 3993 460 4086 protulisset,
478 3995 695 4085 dixissetque
713 4014 775 4064 eos
790 4016 858 4063 nee
878 3995 907 4063 si
924 3994 1142 4071 orationibus

94 4118 130 4179 st
152 4110 318 4204 preeibus
339 4118 376 4180 et
395 4111 541 4203 jejuniis
558 4117 746 4180 uterentur
766 4110 968 4181 satisfaeere
991 4132 1055 4203 pro
1081 4112 1142 4183 de·

94 4222 186 4299 listis
209 4248 322 4320 posse,
349 4244 415 4297 nee
441 4229 469 4299 si
496 4228 532 4297 in
558 4225 675 4297 silicio
701 4237 739 4298 et
764 4230 883 4298 sinere
904 4227 1139 4311 volverentur,

582 4362 647 4433 Μ
