2867 4817
207 343 210 349 ’
238 318 291 385 ΙΝ
314 320 546 387 EPHBSINI
571 318 788 386 CONCILII
812 320 1042 388 CANONES.
1125 320 1167 390 91

115 506 250 557 numero
265 492 329 577 338
329 512 350 578 5
363 492 534 578 signatum.
579 492 690 557 Canon
704 491 766 565 hic,
782 492 847 557 sive
861 492 974 577 synodi
984 492 1166 567 Decretum,

116 578 210 643 initio
224 578 373 643 Actionis
391 578 535 663 septimoe
550 578 681 645 concilii
696 578 849 663 Ephesini
865 578 987 662 positus
1002 584 1061 643 est.
1106 577 1168 643 Ait

115 665 263 729 Zonaras
287 664 321 727 in
346 665 591 743 Commentario,
615 664 812 748 Ἐψπφίσοτο
837 664 891 729 οὖν
913 665 932 745 ἡ
956 664 1090 737 σύνοδος,
1113 663 1168 743 τὴν

116 754 269 831 πρόσοδον
293 750 357 829 ἢτοι
382 750 436 830 τὴν
458 750 660 833 προσέλενσιν
683 749 830 831 δεξαμένη
851 757 910 815 τῶν
928 749 1109 822 ἐπισκόπων,
1132 750 1167 813 τδ

116 836 343 918 ὰνεπηρέοστον
358 837 406 901 καὶ
420 839 569 916 δβίαστον
584 838 667 921 έχειν
681 838 749 904 τοὺς
764 843 822 901 τῶν
838 838 975 918 Κυπρίων
991 838 1168 904 ἐπισκόπους

116 926 195 987 κατὰ
210 924 277 989 τοὺς
298 924 425 990 κανόνας
444 928 503 986 τῶν
524 924 618 1005 ἁγίων
635 922 772 1004 πατέρων
790 922 838 987 καὶ
857 922 911 1001 τὴν
930 925 1059 1006 ἀρχαίαν
1079 921 1168 1001 συνή-

116 1014 213 1073 θειαν.
238 1010 255 1073 ό
270 1011 328 1090 γὰρ
341 1005 388 1073 λε’
403 1011 502 1073 κανὼν
519 1015 579 1073 τῶν
600 1010 695 1092 ἁγίων
707 1009 898 1081 ἂποστόλων,
916 1011 964 1073 καὶ
979 1012 995 1073 ὁ
1010 1010 1107 1091 τρίτος
1117 1011 1169 1087 τῆς

117 1096 154 1158 ἐν
174 1093 345 1179 Ἀντιοχείρ
367 1096 494 1159 συνόδου
516 1094 557 1174 μὴ
580 1096 696 1179 τολμᾷν
718 1095 786 1161 τοὺς
811 1094 989 1163 ἐπισκόπους
1014 1094 1170 1158 κελεύουσι

117 1184 271 1245 ποιεῖσθαι
291 1181 476 1263 χειροτονίας
490 1184 532 1247 είς
545 1184 598 1248 τδς
617 1180 658 1262 μὴ
679 1179 875 1259 ὑποκειμένας
894 1180 992 1247 αὐτοῖς
1014 1182 1168 1262 ἐπαρχίας,

117 1269 148 1330 εί
162 1268 195 1329 δέ
209 1266 259 1346 μὴ,
275 1268 368 1348 ἄκυρα
384 1268 441 1345 μὲν
455 1269 492 1330 τδ
506 1265 573 1349 παρ’
589 1268 710 1332 ἐκείνων
725 1265 898 1349 πραχθέντα
913 1264 998 1340 εἶναι,
1016 1266 1122 1332 αὖτοὺς
1136 1266 1169 1329 δὲ

118 1354 333 1434 καθαίρεισθαι.
357 1352 405 1415 καί
420 1353 437 1415 d
452 1352 536 1419 ἕκτος
552 1354 584 1416 δέ
607 1354 715 1425 κανὼν,
733 1352 815 1415 καὶὸ
837 1353 963 1431 ἕβδομος
982 1356 1033 1431 τῆς
1055 1352 1170 1432 πρόπας

118 1441 322 1587 οίκοιχμενικῆς
335 1439 462 1502 συνόδου
477 1440 514 1502 τδ
528 1439 639 1522 ἀρχαῖα
653 1440 706 1518 ἔθη
722 1435 777 1522 κᾷν
791 1442 852 1504 τοῖς
867 1439 1038 1521 ἀρχιερεῦσι
1053 1443 1171 1518 κρατεῖν

117 1528 187 1588 διας
207 1548 335 1587 πουται.

164 1609 203 1674 Ρ.
219 1628 268 1675 ιο.
292 1607 314 1672 l.
329 1610 379 1673 18.
404 1610 475 1675 ὅθεν
502 1610 603 1689 ἐπειδὴ
643 1607 716 1694 δια]
749 1608 831 1673 Haec
857 1607 964 1693 priora
989 1608 1169 1693 scripserat,

118 1695 176 1759 ubi
191 1716 297 1781 supra,
312 1695 452 1781 optimus
465 1696 622 1781 interpres
636 1696 794 1770 Zonaras;
813 1692 853 1759 Ὀ
870 1701 918 1773 τῆς
927 1694 1110 1778 Ἀντιοχέων
1125 1696 1171 1758 έκ-

119 1782 246 1861 κλησίος
260 1782 413 1865 δρχιερείνς
426 1780 477 1864 ὑφ’
494 1782 599 1846 έαντδν
610 1784 691 1846 εἷλκε
705 1784 757 1848 τδς
772 1786 830 1844 τῶν
847 1782 985 1862 Κυπρίων
1000 1783 1171 1845 ἐπισκόπων

119 1870 319 1951 χειροτονίας,
335 1868 375 1935 ὥς
389 1866 468 1951 τόχα
481 1872 533 1947 τῆς
548 1870 667 1950 Κόπρου
685 1868 720 1930 τδ
739 1867 871 1931 παλαιὸν
885 1868 1031 1947 τελούσης
1044 1866 1102 1930 ὑπὸ
1116 1866 1171 1930 τὸν

118 1958 212 2018 coam
225 1952 422 2037 Ἀντιοχείας.
444 1958 525 2035 παρὰ
540 1957 598 2035 γδρ
614 1959 667 2017 τοῦ
686 1952 789 2019 δουκδς
801 1950 989 2036 Ἀντιοχείας
1008 1951 1171 2016 ἐστέλλετο

119 2042 187 2104 ἐκεῖ
206 2040 379 2122 στρατηγός.
402 2042 451 2104 διὰ
471 2046 558 2103 τοῦτο
579 2040 754 2122 προσῆλθόν
768 2063 846 2105 τινες
864 2044 923 2102 τῶν
946 2039 1085 2119 Κυπρίων
1107 2040 1170 2101 έπι-

120 2126 244 2189 σκόπων
257 2128 293 2205 τῇ
313 2126 428 2210 συνόδῳ
451 2128 550 2205 ταύτῃ,
570 2125 714 2208 λέγοντες
728 2129 813 2188 τοῦτο
835 2123 916 2197 αι’ντδ,
939 2125 987 2188 καὶ
1005 2122 1041 2189 δι’
1062 2122 1170 2205 ἐγγρά-

119 2219 191 2293 φων
212 2210 423 2294 ἀναφέροντες,
443 2213 489 2275 δτι
510 2213 562 2276 οὐκ
584 2215 616 2291 ἐξ
636 2212 722 2278 έθονς
744 2211 874 2274 παλαίου
900 2211 1013 2274 δίκαιον
1037 2209 1130 2291 ἔσχεν
1155 2211 1172 2274 ό

119 2296 309 2380 Ἀντιοχείας
323 2298 507 2381 χειροτονεῖν
521 2298 588 2365 τοὺς
602 2300 781 2363 ἐπισκόπους
803 2296 949 2377 Κυπρίων.
975 2294 1172 2377 Ἐψηφίσατο

121 2384 177 2447 οὖν
191 2384 210 2462 ἡ
225 2385 605 2463 σύνοδος-ουνηθείαν,
641 2382 726 2447 Vide
735 2382 826 2531 I(puod
841 2403 938 2467 supra
952 2382 1091 2468 positum
1102 2388 1161 2445 est.

167 2468 207 2533 P.
224 2489 274 2533 11.
298 2469 319 2534 Ι.
335 2490 366 2554 9.
391 2472 500 2550 ταύτην
522 2468 722 2618 ιἰποδιδόναιίΞ
771 2468 868 2532 abent
891 2475 997 2532 τοῦτον
1022 2467 1172 2543 concilia,

121 2554 351 2641 Cancrumque
365 2555 463 2619 editio
479 2556 632 2642 princeps,
645 2563 679 2619 ct
724 2554 843 2619 cclesiae
860 2553 955 2617 Univ.
968 2553 1079 2633 codex,
1090 2575 1174 2618 com·

122 2641 335 2727 probantibus
349 2640 509 2707 codicibus
524 2640 704 2706 Bodleianis
718 2648 753 2706 et
769 2640 867 2704 MSto
885 2638 1069 2725 Lloydiano.
1109 2640 1174 2703 Sed

123 2737 235 2793 tamen
257 2729 366 2808 ταίπηυ
386 2728 523 2813 reposui,
539 2728 625 2827 quod
649 2734 743 2792 extat
766 2726 852 2811 apud
872 2723 1032 2791 Joannem
1059 2725 1173 2790 Antio-

124 2815 269 2892 chenum,
290 2813 467 2898 Tilianique
489 2814 605 2878 codicis
623 2812 939 2899 interpretationem
964 2812 1110 2897 quodque
1132 2812 1175 2875 ad

123 2922 216 2965 oram
230 2900 450 2979 Oonciliorum,
467 2900 638 2964 Harduino
652 2899 680 2963 ei
701 2900 836 2975 favente,
852 2898 990 2982 positum
1011 2906 1069 2975 ost,
1091 2919 1174 2962 com-

124 2995 280 3073 paretque
295 2987 328 3050 in
344 2986 506 3073 Beveregii
522 2986 680 3071 Synodico
695 2992 729 3049 et
741 2986 924 3049 Graeoomm
940 2983 1080 3048 Pedalio.

172 3072 256 3137 Ibid.
273 3071 294 3137 l.
313 3078 359 3137 16.
381 3075 518 3151 ἐξουσίας
532 3078 624 3154 τῦφος
647 3076 786 3150 κοσμικῆς
805 3072 1027 3155 παρεισδόηται]
1058 3072 1174 3135 Vocem

125 3158 423 3310 extuderit&
437 3156 1176 3328 titt?Vtttdiittitttttt

124 3353 214 3396 narse
227 3294 466 3396 Commentario
476 3332 670 3416 junctorum,
683 3352 742 3415 ego
752 3352 825 3392 vero
837 3327 954 3405 addidi,
971 3328 1033 3393 fide
1047 3328 1176 3413 iusuper

123 3418 264 3518 Joannis
300 3416 495 3483 Antiocheni
533 3422 717 3502 septemque
756 3415 899 3479 codicum
931 3414 1176 3479 Bodleianorum

125 3526 229 3569 mnus.

172 3590 255 3654 lbid.
269 3587 289 3654 l.
307 3591 355 3655 16.
378 3592 413 3670 τῇ
434 3590 504 3674 ἁγία
523 3590 614 3675 ταύτῃ
635 3588 683 3651 καὶ
705 3590 890 3669 οίκσυμενικῇ
914 3584 1045 3671 συνόδῳ]
1070 3585 1177 3672 Vulgo

124 3676 246 3741 absunt
266 3698 360 3741 voces
380 3677 470 3755 ταύτῃ
493 3676 551 3747 καὶ,
568 3696 638 3759 quae
659 3673 702 3738 ad
724 3695 825 3759 marg.
848 3672 1069 3752 conciliorum,
1091 3672 1178 3737 Har·

126 3763 226 3827 duino
262 3784 366 3847 uoque
380 3762 547 3848 probante,
563 3760 770 3836 adferuntur;
799 3767 953 3845 extatque
964 3781 1025 3824 vox
1040 3761 1129 3839 ταύτῃ
1144 3758 1177 3822 in

127 3848 237 3914 codice
320 3848 423 3913 leiano
435 3847 506 3931 196,
516 3847 632 3911 omisso
644 3868 718 3910 vero
734 3846 782 3910 καὶ
798 3849 992 3933 οἷκουμενικῇ.
1016 3845 1079 3909 Sed
1095 3843 1178 3909 inira

126 3934 245 4021 legitur
255 3934 339 4022 ndo-p
348 3956 407 4020 pro
422 3933 511 4013 ταύτῃ
524 3933 559 3998 in
569 3932 716 3998 Conciliis
732 3938 765 3997 et
776 3931 809 3995 iu
820 3932 985 3997 Oanonum
998 3931 1101 4016 prima
1112 3932 1177 3996 edi-

127 4021 227 4086 tione.
271 4020 357 4085 Hinc
380 4021 504 4085 interea
526 4026 663 4097 constat,
689 4039 802 4105 parum
822 4040 958 4095 curasse,
981 4018 1078 4081 immo
1103 4040 1178 4083 vero

127 4107 265 4172 fortasse
285 4107 340 4173 hie
358 4106 484 4171 irritam
505 4105 609 4171 faeere
631 4104 775 4182 voluisse,
798 4104 964 4169 concilium
983 4102 1179 4189 Ephesinum

129 4192 322 4259 sententiam
347 4194 388 4258 de
415 4192 477 4257 hac
504 4214 541 4258 re
567 4190 778 4256 decretoriam
800 4190 938 4277 episcopi
964 4190 1101 4255 Romani
1127 4189 1179 4253 In-

128 4279 269 4345 nocentii
295 4279 322 4347 1.
353 4279 407 4367 qui
437 4300 538 4345 annos
559 4285 636 4344 ante
672 4278 735 4343 hoc
762 4288 888 4364 tempus
914 4277 1040 4343 circiter
1068 4276 1180 4363 viginti

624 4386 646 4428 N
662 4383 681 4432 2
