2867 4817
302 324 365 391 272
473 324 676 390 ARNOBIl
700 324 950 391 ADVERSUS
972 328 1169 393 GENTES

296 498 442 575 OEtaeis?
479 500 685 595 Tyndaride
710 499 885 585 Castores,
912 526 1021 595 equos
1049 527 1146 575 unns
1175 504 1363 575 domitare

296 625 494 700 consuetus,
511 616 602 688 alter
623 616 815 711 pugillator
837 618 959 703 bonus,
978 629 1016 691 et
1036 623 1149 692 crudo
1178 623 1364 713 inexnpe

297 735 414 807 rabilis
431 744 540 819 cestu,
554 734 697 805 Titanes
713 743 753 805 et
769 734 968 807 Bocchores
986 736 1119 821 Mauri,
1135 748 1180 807 et
1206 761 1366 809 ovonrm

295 853 479 947 progenies
495 852 543 923 dii
561 850 664 945 Syri?
690 850 782 945 Apis
804 850 1036 946 Peloponnesi
1058 856 1253 947 proditus,
1275 864 1319 924 et-
1334 856 1367 922 in

294 968 448 1062 AEgypto
485 967 625 1061 Serapis
662 969 908 1061 nuncupatus?
958 968 1172 1064 AEthiopicis
1220 971 1368 1042 solibus

295 1083 361 1154 Isis
386 1084 486 1155 furva
510 1108 661 1155 moerens
689 1086 868 1179 perditum
897 1085 1019 1171 filium,
1044 1096 1082 1156 et
1113 1088 1366 1159 membratim

293 1202 480 1295 conjugem
493 1202 734 1273 lancinatum?
761 1201 993 1285 Praeterimus,
1007 1212 1045 1273 et
1060 1206 1368 1297 transgredimur

294 1317 382 1412 Opis
399 1319 536 1390 soboles
552 1321 664 1413 regias
682 1316 775 1414 (for.
792 1321 949 1413 egregias
965 1318 1220 1415 Oudendorp.)
1235 1348 1248 1393 :
1274 1344 1367 1415 quas
1424 1377 1425 1426 p

292 1436 327 1505 in
346 1434 443 1505 libris
460 1444 620 1506 auctores
641 1437 758 1517 vestri,
775 1458 853 1527 quae
876 1435 1016 1519 fuerint,
1033 1443 1071 1506 et
1087 1438 1231 1529 quales,
1255 1438 1368 1509 vobis
1424 1447 1425 1466 ¹

293 1538 529 1623 ediscentibus
546 1553 785 1645 prodiderunt.
829 1551 923 1623 Hice
946 1576 1030 1646 ergo
1053 1551 1250 1626 Christum
1276 1555 1364 1635 coli,

292 1679 330 1740 et
347 1692 368 1741 a
384 1671 484 1741 nobis
502 1670 623 1763 accipi,
636 1678 673 1740 et
687 1670 879 1739 existimari
895 1693 959 1762 pro
976 1672 1130 1756 numine,
1144 1674 1364 1745 vulneratis

293 1789 469 1881 accipiunt
486 1786 651 1859 auribus?
677 1796 714 1857 et
732 1786 833 1857 obliti
855 1786 961 1880 paulo
984 1798 1068 1859 ante
1083 1790 1190 1859 sortis
1210 1790 1361 1861 firerint

293 1914 330 1976 et
347 1906 556 1976 conditionis
573 1906 682 1997 cujus,
699 1905 746 1986 id,
764 1904 858 1996 quod
880 1904 946 1974 sibi
963 1927 1168 1975 concessum
1190 1916 1266 1988 est,
1286 1908 1358 1976 im·

291 2023 412 2116 pertiri
429 2022 530 2092 alteri
548 2020 698 2092 nolunt?
725 2018 815 2090 Haec
832 2029 886 2090 est
900 2020 1042 2112 justitia
1058 2020 1250 2094 coelitum?
1281 2023 1357 2093 hoc
1422 2017 1428 2120 l

292 2140 437 2211 deorum
456 2138 631 2232 judicium
654 2137 839 2209 sanctum?
866 2137 998 2208 Nonne
1018 2138 1113 2209 istud
1136 2138 1266 2211 livoris
1294 2150 1355 2211 est
1423 2125 1426 2198 l

292 2266 398 2351 atque
432 2256 585 2327 avaritiae
618 2253 753 2349 genus?
796 2252 883 2324 Nou
922 2254 1136 2326 obtrectatio
1172 2258 1351 2348 quaedam

292 2374 444 2457 sordens,
472 2396 551 2443 snas
581 2374 736 2443 eminere
765 2373 1013 2442 tantummodo
1042 2372 1135 2443 velle
1164 2372 1350 2455 fortunas,

290 2490 438 2560 aliorum
464 2512 518 2561 res
543 2490 665 2583 premi,
683 2496 721 2558 et
746 2490 783 2558 in
808 2496 1012 2581 contempta
1035 2488 1240 2561 humilitate
1267 2492 1348 2564 cal·

291 2608 385 2678 cari?
484 2694 487 2703 Ι

341 2724 549 2795 XXXVII.
573 2724 711 2795 Natum
724 2722 904 2793 hominem
917 2721 1077 2793 colimus.
1103 2722 1200 2806 Quid
1212 2724 1342 2795 enim?

289 2866 351 2912 vos
373 2842 552 2912 hominem
575 2840 713 2911 nullum
737 2840 852 2911 colitis
875 2840 1023 2909 uatum?
1049 2837 1135 2909 Non
1155 2862 1279 2922 unum,
1299 2850 1342 2912 et

289 2958 421 3029 alium?
455 2981 526 3028 non
551 2960 752 3029 innumeros
777 2956 886 3026 alios?
915 2956 1073 3048 quinimo
1097 2977 1169 3026 non
1199 2980 1339 3041 omnes,

289 3098 376 3168 qnos
394 3076 471 3168 jam
497 3075 638 3168 templis
665 3075 804 3145 habetis
828 3074 962 3155 vestris,
986 3072 1190 3143 mortalium
1217 3085 1340 3144 sustu-

288 3193 378 3263 listis
395 3216 440 3262 ex
466 3214 622 3275 numere,
641 3202 678 3262 et
700 3191 790 3261 coelo
813 3189 1063 3284 syderibusque
1085 3190 1268 3261 donastis?
1294 3190 1336 3261 Si

289 3312 383 3380 enim
409 3311 500 3380 forte
525 3332 587 3379 vos
613 3310 714 3402 fugit,
741 3308 843 3379 sortis
868 3329 929 3377 eos
953 3294 1124 3387 humanae,
1146 3313 1185 3397 et
1211 3308 1336 3378 condi-

288 3428 393 3497 tionis
410 3428 516 3497 fuisse
541 3426 756 3495 eommunis:
780 3424 950 3517 replicate
969 3423 1228 3515 antiquissimas
1252 3422 1335 3495 lite-

287 3568 352 3627 ras,
370 3556 546 3615 eteorum
570 3543 699 3633 scripta
722 3543 925 3634 percurrite,
943 3542 1002 3633 qui
1020 3541 1189 3609 vetustati
1212 3543 1334 3625 vicini,

287 3662 362 3732 sine
387 3661 468 3731 ullis
492 3658 788 3730 assentationibus
814 3670 942 3727 cuncta
962 3657 1111 3726 veritate
1135 3657 1173 3725 in
1197 3656 1333 3749 liquida

287 3780 526 3873 prodiderunt.
576 3775 659 3846 Jam
686 3775 845 3868 profecto
870 3775 1021 3856 discetis,
1047 3774 1173 3866 quibus
1200 3776 1331 3869 singuli

286 3898 454 3991 patribus,
495 3895 621 3989 quibus
660 3892 832 3964 matribus
871 3893 1002 3962 linerint
1042 3892 1225 3984 procreati,
1260 3916 1330 3985 qua

286 4016 360 4085 nati
390 4014 427 4084 in
455 4012 608 4106 regione,
639 4035 708 4104 qua
736 4019 853 4104 gente,
881 4033 958 4103 quae
988 4010 1146 4093 fecerint,
1180 4011 1327 4103 egerint,

286 4130 505 4226 pertulerint,
530 4130 719 4211 actitarint,
748 4151 835 4221 quas
864 4128 902 4197 in
933 4128 1038 4198 rebus
1067 4127 1241 4198 obeundis
1268 4126 1328 4197 ad·

287 4270 464 4319 versorum
482 4246 663 4326 senserint,
681 4245 1020 4336 secundantiumque
1043 4244 1213 4315 fortunas.
1265 4241 1325 4313 Sin
