2867 4817
273 272 339 344 196
414 271 655 337 GARNERII
679 270 822 335 NOTAE
848 270 900 336 IN
924 272 957 334 S.
982 269 1187 337 CYRILLI

264 440 1333 528 fimutGamrieeioDiuortetiooemdeSynodisdabitissir

274 551 368 595 σααια
382 527 528 593 Nestorii.

319 616 356 679 P.
375 632 428 678 21.
445 613 465 678 l.
479 633 532 677 21.
551 614 619 677 οὔτε
634 614 667 677 δὲ
681 612 736 691 τὴν
756 611 865 699 σάρκα]
889 612 929 676 ld
950 613 1068 698 ubique
1082 613 1203 699 passim
1218 614 1333 678 eatbo

274 701 342 765 lieis
362 698 538 777 Nestorius,
554 699 611 763 sed
629 698 767 762 maxime
782 698 815 761 iu
837 697 972 785 epistola
993 700 1036 763 ad
1055 704 1203 763 sanetum
1225 700 1333 765 &les-

274 787 388 865 tinum,
402 785 592 871 effingebat:
615 787 731 871 Aperta
745 782 951 869 theophamae
964 786 1064 849 Deua
1085 783 1216 849 Verbum
1231 787 1333 849 Putn'

275 870 446 953 ὁμοούσιον,
468 880 614 956 nepem
636 870 764 954 οήρθπιζι
790 870 916 935 initiam
938 870 975 934 de
997 873 1186 955 Χριστοτόιῳ
1210 872 1334 955 vs'ryr'ns

273 960 451 1043 sampsi-sset,
471 978 540 1020 eom
559 956 667 1041 tenplo
689 977 744 1018 aeto
768 956 954 1039 <edificatum
977 978 1045 1033 esse,
1071 967 1099 1020 et
1116 958 1209 1020 aemi
1231 978 1332 1021 eom

268 1044 401 1129 peltana,
415 1045 471 1106 tre.
486 1050 520 1107 et
535 1042 568 1105 iu
581 1041 677 1106 titulo
692 1042 845 1107 sermonis
859 1042 1003 1127 septimi:
1028 1042 1186 1106 Adversas
1201 1064 1261 1119 eos,
1277 1046 1333 1129 qui

350 1138 394 1193 ter
414 1126 655 1211 ooajtmete'oaom,
679 1126 728 1191 eet
743 1126 934 1191 divinitatem
957 1126 1046 1191 Verbi
1066 1129 1261 1211 misicone
1286 1130 1335 1193 ee

267 1150 492 1278 monumen
502 1213 651 1296 defleam.
674 1212 714 1277 Iu
726 1221 895 1296 utrumque
909 1211 1014 1277 loonm
1028 1214 1165 1279 intendit
1175 1213 1329 1297 cyrinus.

318 1300 356 1363 P.
370 1318 419 1364 22.
434 1299 456 1362 l.
473 1320 499 1361 1.
516 1297 578 1363 καθ’
594 1298 777 1384 ὑπόστασιν]
799 1298 970 1361 secundem
983 1297 1189 1363 subeundam.
1213 1300 1330 1365 Graeee

273 1393 323 1449 est
338 1384 401 1450 καθ’
416 1386 593 1449 ὑπόστασιν.
634 1384 752 1448 Moneo
766 1404 876 1449 rursus
895 1383 978 1449 haue
992 1406 1088 1449 unam
1103 1406 1214 1449 vooem
1229 1385 1330 1450 fuisse

273 1471 348 1536 olim
373 1472 543 1552 ὀρθοδοξίαι
567 1469 782 1533 indubitatam
807 1476 937 1533 notam:
971 1471 1041 1534 aliae
1071 1470 1187 1534 etenim
1216 1492 1329 1535 omnes

273 1556 415 1642 torqueri
426 1562 563 1655 possunt
577 1555 610 1618 in
623 1576 735 1618 sensus
749 1576 906 1631 erroneos,
923 1562 956 1619 et
970 1577 1080 1619 revere
1095 1557 1235 1619 detortae
1250 1568 1328 1621 suut

273 1665 294 1708 a
308 1639 514 1719 Neetorranis,
530 1640 598 1705 haee
613 1662 678 1703 una
688 1660 849 1724 uunquam
860 1640 985 1725 potuit;
1005 1640 1090 1704 unde
1101 1640 1216 1704 mirum
1229 1664 1328 1726 quam

272 1750 371 1793 exosa
394 1727 491 1792 fuant
516 1724 729 1803 heterodoxis,
757 1732 896 1809 quotque
926 1726 1198 1790 criminationibus
1225 1750 1328 1815 oppu-

271 1821 389 1900 gnata:
413 1820 511 1898 atque
525 1812 598 1875 hino
613 1812 732 1895 saetum
748 1818 807 1889 est,
822 1818 860 1875 ut
874 1832 945 1874 oum
961 1814 1067 1878 ἔνωσις
1079 1810 1142 1876 καθ’
1153 1809 1328 1877 ὑπόστασιν

294 1898 487 1963 raetermissa
508 1907 592 1963 esset
613 1921 635 1961 a
648 1894 766 1982 cyrillo
781 1904 814 1962 et
833 1896 961 1961 Joanne
981 1896 1013 1959 in
1033 1898 1231 1981 expositione
1251 1900 1326 1963 fidei

272 1922 346 2049 bino
368 1985 441 2048 inde
460 1982 588 2069 seripte,
604 1983 689 2047 iuter
706 1982 877 2047 ineundam
898 1982 1100 2047 eeclesiarum
1121 2005 1243 2068 paoem,
1259 2007 1326 2069 pax

273 2071 340 2135 visa
365 2070 408 2135 ait
431 2069 574 2154 pluribus
602 2068 767 2133 catholicis
795 2091 811 2133 s
870 2075 951 2147 ecta,
981 2076 1015 2133 et
1043 2067 1188 2133 «Ioannes
1217 2069 1326 2135 dietus

272 2156 369 2223 fuerit
383 2176 404 2219 a
418 2154 483 2219 suis
501 2153 611 2219 vicisse
625 2173 766 2227 eausam.
782 2160 819 2221 ut
859 2152 967 2239 yrillus
985 2153 1208 2221 neeessitatem
1222 2154 1325 2221 habu-

273 2240 334 2306 erit
359 2239 516 2326 purgandi
544 2262 623 2317 sese,
647 2252 717 2303 tum
745 2240 831 2339 apud
860 2239 988 2317 amieos,
1016 2240 1168 2305 Aeaoium
1196 2240 1324 2307 Melite·

273 2348 413 2403 nepsam,
443 2325 639 2403 Suoeessum,
670 2325 884 2403 Valerianum,
914 2322 1097 2401 Donatum
1136 2332 1206 2397 tum
1236 2328 1325 2413 apud

273 2434 348 2478 suos
362 2410 636 2499 Constantinopoli
651 2408 880 2499 apocrisiarios,
897 2410 987 2497 quasi
1001 2410 1050 2475 rel
1068 2410 1276 2479 orientalibus
1289 2412 1325 2479 iu

272 2498 432 2565 sententie
452 2497 689 2567 remanentibus
709 2496 929 2575 eonsensiseet,
953 2497 1003 2561 rel
1023 2504 1155 2583 propter
1175 2497 1325 2565 timidam

294 2584 444 2653 namdem
464 2582 734 2669 dispensationem
750 2603 814 2649 non
836 2582 916 2663 eatis
936 2580 1078 2647 animose
1098 2582 1173 2647 fidei
1192 2605 1325 2666 oausam

312 2668 474 2734 fendisset.

316 2756 419 2819 Porro
439 2760 547 2822 autom
572 2755 658 2839 quod
679 2752 756 2831 dixi,
778 2754 861 2819 hene
882 2775 991 2819 rooem
1012 2753 1108 2819 fuisse
1133 2754 1208 2825 fidei
1231 2756 1323 2840 quasi

271 2849 394 2908 eertum
417 2848 582 2919 weseram,
604 2840 691 2905 teoto
709 2838 826 2924 probat
847 2838 1001 2925 Oyridum
1028 2862 1100 2903 oum
1121 2839 1206 2924 enim
1224 2840 1323 2927 eerip

271 2926 383 2993 sisset:
423 2925 551 3008 Unitmn
574 2946 642 3011 erpo
667 2925 758 2989 cami
790 2922 919 2989 Verbum
939 2922 1100 2991 modom
1124 2922 1323 2994 maetas

271 3014 453 3097 eonfiteem
481 3011 605 3076 eoeedit
626 3010 741 3078 statim
765 3010 808 3075 ad
834 3006 1021 3078 refellendus
1045 3032 1155 3077 omues
1181 3010 1323 3079 Nestorii

271 3098 456 3174 senmntias,
469 3095 640 3161 artifieioee
654 3095 792 3181 quidem,
808 3094 863 3161 eed
879 3104 987 3163 tamen
1002 3096 1126 3163 invicte.

316 3182 404 3251 Note
431 3204 506 3247 rere
534 3182 743 3266 interpretem
768 3180 948 3247 Romanum
977 3184 1142 3253 aberrasse
1166 3205 1187 3247 a
1214 3190 1323 3253 mento

272 3268 389 3357 opidi,
413 3289 509 3355 quam
529 3275 693 3333 assecutus
714 3274 765 3333 est
788 3266 961 3333 Mereatur.
986 3266 1055 3333 haee
1079 3267 1164 3333 enim
1187 3268 1319 3337 Graue:

270 3354 430 3419 Ἡνῶσθαί
441 3379 477 3436 γε
491 3352 550 3433 μὴν
560 3353 648 3434 σαρκὶ
660 3351 723 3416 καθ’
735 3352 904 3419 ὑπόστασιν
918 3354 1134 3437 ὁμολογοῦντες
1145 3352 1198 3417 τόν
1214 3356 1254 3419 λό
1293 3380 1320 3433 ν,

272 3442 327 3504 ἕνα
340 3444 573 3522 προσκυνοῦμεν,
591 3440 648 3501 dre.
680 3438 787 3502 Vertit
801 3438 863 3503 ille.
903 3438 1046 3517 Quamvis
1064 3448 1165 3503 uatem
1192 3436 1253 3523 Ver

271 3526 361 3608 romi
373 3524 533 3591 mmdero
546 3523 727 3609 ammam
731 3524 903 3607 fateamur,
918 3544 1013 3589 ιιαιιπι
1031 3533 1130 3588 mezen
1147 3524 1321 3602 adorantes,

273 3614 330 3677 &a
357 3611 448 3701 quasi
473 3608 627 3674 confessio
649 3608 775 3673 unionis
800 3610 972 3675 seeundum
993 3608 1188 3697 hypostasim
1209 3608 1321 3679 adver

271 3705 361 3763 setun
381 3696 414 3761 in
510 3695 572 3761 iem
592 3694 783 3771 adorationi,
798 3702 836 3760 ut
857 3694 958 3773 unius,
982 3704 1015 3759 et
1037 3717 1101 3759 non
1122 3717 1195 3763 eam
1213 3695 1322 3781 potius

271 3782 395 3849 inferat
473 3803 493 3845 o
568 3780 774 3868 ergo-melius
795 3780 975 3847 Mereatur:
1006 3780 1133 3847 Uodmn
1146 3802 1214 3858 auo
1231 3780 1323 3847 οαηιί

278 3867 405 3934 Verbum
465 3863 469 3870 ’
536 3888 589 3931 em
612 3864 811 3931 mmmmm
834 3868 1006 3949 confitendos,
1029 3888 1123 3931 naam
1145 3848 1320 3943 αόαναιιιιιι,

272 3957 329 4019 δια.
372 3954 482 4039 Atque
497 3952 570 4017 hine
589 3962 648 4031 est,
664 3952 750 4039 quod
770 3949 906 4017 diximus
929 3972 1022 4036 saepe,
1042 3952 1267 4029 Mereatomm,
1284 3964 1322 4018 ut

268 4040 338 4105 aliis
353 4040 393 4104 de
415 4037 592 4105 Latinitate
612 4038 775 4115 eonoedat
796 4037 919 4103 vineere
938 4044 1046 4103 tamen
1067 4036 1139 4117 fide,
1154 4046 1252 4123 atque
1275 4038 1322 4103 iu·

267 4125 334 4193 telli
357 4125 454 4191 entia.

312 4147 395 4275 lliid.
410 4211 431 4276 1.
442 4230 476 4296 3.
492 4210 561 4274 οὔτε
575 4210 634 4273 dud
652 4209 743 4291 μέρος
762 4208 910 4295 τιθέντες]
926 4206 1042 4293 Rejioit
1059 4208 1206 4273 unionem
1223 4232 1320 4297 quam
