2867 4817
355 1457 409 1554 S.
448 1445 962 1552 HIPPOLYTUS.

527 1723 796 1760 ...ι-*ια-

164 1930 210 2002 S.
226 1931 487 2014 Ennomus,
503 1927 583 2002 Isth.
596 1928 653 2002 De
678 1927 775 2002 Viris
787 1925 997 2010 lamacho,
1015 1950 1091 2022 cap.
1101 1925 1163 1998 lxi.

424 2087 505 2159 pag.
522 2068 607 2136 138.
625 2065 710 2135 edit.
730 2062 908 2133 Fasmcn.

132 2259 518 2416 HIPPOLYTUS
531 2263 714 2356 cujusdam
732 2261 909 2336 ecclesie⁸
919 2261 1103 2355 episcopus
1113 2259 1190 2353 (no-

247 2405 331 2454 men
361 2380 493 2474 quippe
522 2378 620 2452 urbis
648 2380 738 2466 scire
766 2400 838 2452 non
866 2380 983 2474 potui)
1018 2380 1192 2450 rationem

130 2495 308 2571 Paschael’
332 2505 607 2590 temporumque
637 2493 801 2568 Oenones
834 2497 982 2590 scripsit,
1007 2497 1190 2589 usquead

128 2617 295 2709 primum
320 2635 455 2685 annum
483 2610 680 2684 Alexandri
711 2611 939 2706 Imperatoris
972 2621 1010 2684 et
1037 2614 1190 2686 sedecim

130 2755 315 2803 annorum
338 2727 521 2812 circulum,
547 2751 655 2821 quem
678 2728 793 2802 Graeti
813 2727 1108 2827 ἑκκαιδεκαπηρίδα
1131 2753 1192 2800 vo·

132 2855 237 2931 cant,
255 2847 406 2940 reperit:
437 2851 475 2914 ct
498 2841 682 2930 Eusebio⁰‚
706 2847 767 2938 qui
789 2866 896 2939 super
915 2846 1042 2918 eodem
1062 2845 1192 2940 pascha

134 2961 337 3046 Cononem,
364 2961 490 3032 decem
518 2967 555 3032 et
582 2983 711 3032 novem
741 2985 915 3034 annorum
943 2962 1124 3047 simulam
1154 2964 1191 3035 id

139 3087 211 3162 est,
237 3073 581 3172 ἐννιακαιδεκαετηρίδα
609 3080 818 3171 composuit,
841 3080 1060 3151 occasionem
1081 3080 1190 3151 dedit.

143 3192 294 3288 Scripsit
309 3191 498 3266 nonnullos
514 3194 553 3262 in
571 3193 772 3288 Scripturas
788 3197 1068 3281 commentarios,
1082 3219 1103 3268 e
1115 3198 1193 3290 qui-

145 3309 215 3382 bus
239 3311 302 3382 hos
331 3311 466 3404 reperi:
503 3309 541 3379 in
570 3306 759 3408 ἑξαῆμερον,
790 3320 828 3384 et
859 3314 898 3384 in
927 3309 1125 3397 Exodumd,
1154 3315 1192 3385 in

151 3426 334 3500 Canticum
364 3427 623 3510 canticorum
653 3428 692 3498 in
722 3427 890 3514 Genesin,
920 3437 959 3501 et
990 3431 1028 3502 iu
1057 3429 1193 3504 Zacha-

153 3541 271 3618 riamf:
296 3546 341 3618 de
367 3542 553 3626 Psalmis&
581 3550 619 3614 et
645 3545 683 3615 in
712 3544 863 3628 Famam,
890 3547 935 3618 de
961 3545 1122 3632 Daniele,
1148 3547 1193 3618 de

154 3659 368 3756 Apocalypsi,
386 3661 433 3732 de
451 3658 660 3742 Proverbiis,
678 3660 725 3731 de
742 3659 966 3745 Ecclesiaste,
985 3663 1031 3732 de
1052 3661 1138 3734 Saul
1155 3669 1193 3733 et

156 3775 362 3870 Pythonissa,
380 3779 428 3848 de
452 3771 708 3858 Antichristoh,
731 3777 777 3848 de
799 3773 1094 3862 Resurrectionel,
1111 3800 1195 3848 oon·

155 3903 202 3968 tra
222 3885 484 3974 Marcionemk,
511 3892 556 3962 de
582 3888 741 3976 Pascha¹,
766 3895 953 3966 adversum
979 3917 1102 3966 omnes
1123 3888 1194 3966 h'ae-

148 4027 269 4100 resesffl,
289 4025 327 4086 et
345 4007 582 4110 προσομιλὶαν
605 4009 649 4078 de
671 4007 776 4079 laude
794 4008 940 4081 Domini
959 4009 1193 4082 Salvatorisnz

142 4133 173 4205 in
197 4158 274 4230 qua,
300 4133 493 4230 praesente
520 4122 680 4216 Origene,
706 4148 743 4196 se
769 4125 866 4218 loqui
888 4129 927 4198 iu
953 4125 1103 4198 ecclesia
1126 4126 1196 4219 sig-

136 4253 257 4326 nificat.
