2867 4817
353 356 645 421 HAERETICOS
669 354 919 421 LIBELLUS.
1094 347 1156 417 171

102 530 162 598 sad
181 526 393 613 Marcionis,
414 531 451 601 id
477 538 542 614 est,
564 553 635 601 non
655 538 755 601 toto:
782 530 977 599 animarum
1005 524 1158 597 solarum

102 644 188 715 dicit
208 644 306 741 (sor.
324 647 445 733 docet)
466 646 639 729 salutem3
664 646 775 717 habet
800 652 970 738 praeterea
993 644 1157 736 privatas,

102 762 163 831 sed
181 762 248 849 (aa
274 763 355 855 etl)
372 764 666 833 extraordinarios
691 762 863 834 lectiones
884 784 973 845 suas,
991 783 1078 853 quas
1098 782 1159 852 ap-

101 878 219 971 pellat
254 878 489 951 Phaneroseis
524 880 753 951 Philumenes
792 880 974 974 cujusdam
1017 877 1157 972 puellae,

77 1016 213 1087 squam
231 998 333 1087 quusi
350 996 607 1089 prophetissam
625 998 795 1089 sequitur.
848 994 971 1066 Habet
987 1002 1160 1088 praeterea

104 1134 187 1182 suos
213 1110 334 1194 lihros,
353 1135 450 1205 quos,
468 1114 645 1206 inscripsit
661 1112 955 1207 syllogismorum,
973 1114 1009 1183 in
1032 1112 1159 1203 quihus

103 1228 260 1321 probare
289 1228 378 1312 vult,
406 1230 501 1321 quod
529 1232 648 1300 omnia
674 1250 909 1321 quaecumque
940 1228 1085 1322 Moyses
1116 1229 1160 1298 de

74 1406 77 1409 ,
102 1340 185 1412 Deo
213 1342 404 1433 scripserit,
421 1364 505 1413 vcra
530 1364 601 1413 non
626 1344 707 1425 sint,
726 1343 788 1413 sed
815 1340 904 1411 falsa
928 1343 1009 1412 sint.

152 1456 230 1528 His
258 1458 438 1529 haereticis
464 1460 629 1530 omnibus
655 1460 794 1529 accedit
820 1456 988 1528 'l'atianus
1018 1458 1161 1550 quidam

61 1568 199 1643 roalter
214 1571 430 1654 hereticum
447 1571 507 1643 hie
523 1570 657 1641 lustini
676 1570 846 1664 Martyris
863 1568 1055 1661 discipulus
1072 1568 1161 1651 fnit3

101 1686 306 1778 posthunc
331 1686 472 1756 diversa
493 1688 624 1757 sentire
647 1688 776 1779 coepit:
802 1692 900 1755 totus
923 1686 1018 1756 enim
1040 1704 1163 1754 secun·

102 1808 192 1876 dnm
222 1804 461 1876 Valentinum
488 1806 590 1897 sapit,
618 1804 788 1897 adjiciens
821 1803 919 1887 illud,
948 1802 1067 1874 Adam
1097 1820 1163 1873 nec

102 1921 262 1992 sulutem
294 1921 462 2011 consequi
490 1942 620 2012 posse:
657 1922 757 2012 quasi
788 1942 869 2002 nou,
900 1921 929 1989 si
957 1920 1045 1990 remi
1076 1918 1163 1989 salvi

102 2039 204 2119 liant,
223 2046 263 2106 et
286 2036 388 2106 radix
413 2036 511 2107 salva
534 2038 592 2109 sit.
643 2036 884 2107 Accesserunt
906 2035 966 2106 alii
991 2035 1162 2117 haeretici,

61 2176 93 2237 ¹5
103 2158 165 2249 qni
184 2156 360 2225 dicuntur
375 2156 571 2225 secundum
585 2154 763 2248 Phrygas:
782 2153 843 2223 sed
860 2151 988 2223 horum
1005 2176 1077 2223 non
1093 2174 1165 2223 uua

102 2274 273 2345 doctrina
289 2279 354 2341 est
397 2270 491 2341 Sunt
507 2273 604 2341 enim
621 2272 681 2364 qui
698 2271 787 2340 katri
805 2268 972 2340 Proclum
990 2270 1162 2353 dicantur,

102 2401 190 2463 sunt
221 2390 286 2481 qui
314 2388 511 2458 secundum
541 2386 745 2458 AEschinem
774 2388 1057 2480 pronuntientur.
1111 2385 1162 2456 Hl

100 2509 244 2580 habent
266 2506 374 2576 aliam
400 2526 628 2577 communem
654 2504 922 2598 blasphemiam,
940 2504 1045 2575 aliam
1071 2504 1164 2576 hlas-

100 2625 293 2719 phemiam
317 2645 389 2693 non
414 2644 651 2705 communem,
669 2623 732 2693 sed
755 2620 970 2714 peculiarem
987 2630 1025 2692 et
1042 2644 1163 2693 suom:

58 2754 142 2815 root
159 2739 264 2838 (sor.
281 2736 456 2831 particula
471 2747 504 2809 et
520 2738 647 2809 melius
671 2738 826 2832 abesset)
843 2759 1071 2809 communem
1088 2739 1166 2830 qui-

102 2860 191 2929 dern
209 2856 323 2939 illam,
340 2878 411 2948 qua
435 2857 472 2925 in
497 2856 666 2948 apostolis
690 2855 835 2947 quidem
853 2856 974 2925 dicant
991 2854 1164 2947 Spiritum

103 2972 289 3045 Sanctum
323 2972 441 3052 fuisse,
476 2970 701 3042 Paracletum
740 2992 812 3041 non
847 2971 982 3055 fuisse3
1025 2980 1062 3042 et
1096 2994 1166 3063 qua

104 3091 234 3161 dicant
252 3084 478 3158 Paracletum
507 3087 610 3180 plura
633 3088 671 3157 in
697 3086 876 3159 Montano
901 3088 1040 3171 dixisse,
1058 3110 1164 3179 quam

104 3207 298 3277 Christum
331 3205 370 3273 in
403 3203 629 3299 evangelium
662 3204 881 3297 protulisse;
924 3226 990 3276 nec
1023 3212 1164 3275 tontum

59 3323 224 3417 25plnra‚
255 3317 320 3390 sed
349 3322 459 3391 etiam
489 3320 637 3391 meliora
665 3329 773 3413 atque
799 3322 954 3414 majora:
992 3324 1164 3415 privatam

104 3446 237 3509 autem
266 3435 524 3529 blsaphemiam
553 3434 618 3519 illi,
641 3438 702 3528 qui
732 3444 816 3507 sunt
842 3436 930 3507 katsi
951 3436 1165 3519 AElschiuem

105 3556 207 3627 hanc
241 3554 388 3634 habent,
418 3576 489 3645 qna
521 3553 692 3646 adjiciunt
726 3556 836 3624 etiam
869 3552 948 3637 hoc,
978 3562 1020 3625 ut
1047 3556 1166 3625 dicant

106 3670 299 3743 Christum
314 3671 432 3763 ipsum
451 3690 528 3740 esse
546 3668 678 3740 Filium
695 3678 733 3739 et
751 3670 906 3741 Patrem.

164 3785 233 3856 llst
249 3794 425 3877 praetcrea
440 3784 497 3853 his
512 3784 677 3856 omnihus
696 3788 807 3857 etiam
825 3785 968 3857 Blastus
984 3785 1262 3869 accedenscrr.
1274 3802 1324 3855 rx.

59 3902 176 3996 30qui
207 3900 362 3971 latenter
387 3898 614 3970 Judaismum
642 3900 720 3971 vult
749 3902 1000 3985 introducere3
1038 3900 1168 3994 pascha

109 4019 214 4088 enim
231 4017 318 4087 dicit
334 4038 408 4087 non
432 4014 538 4085 aliter
562 4016 834 4088 custodiendum
855 4040 942 4101 esse,
959 4018 1026 4087 nisi
1045 4040 1168 4087 secun·

110 4132 206 4201 dum
222 4128 339 4224 legem
359 4128 480 4221 Moysi
499 4150 576 4200 xrv.
594 4134 736 4203 mensis.
780 4132 869 4216 Quis
885 4140 1007 4202 autem
1023 4132 1168 4215 nesciat,

111 4248 287 4341 quoniam
313 4243 521 4339 evangelica
548 4248 662 4340 gratio
690 4254 891 4331 evacuatur,
919 4248 947 4317 si
977 4248 1023 4318 ad
1052 4247 1169 4341 legem

609 4370 673 4433 22
