2867 4817
266 323 539 390 SYMBOLUM
564 327 1014 394 CONSTANTINOPOL.
1103 333 1169 402 399

113 501 164 581 εἷς
182 495 316 601 ἄφεσιν
330 498 522 602 ἁμαρτιῶν,
535 501 794 603 προσδοκῶμεν
808 501 1010 583 ἀνάστασιν
1026 510 1168 606 νεκρῶν,

114 624 175 701 καὶ
194 622 285 726 ζωὴν
303 629 367 704 τοῦ
385 626 583 725 μέλλοντος
601 631 739 710 αἰῶνος.
780 628 910 729 Ἀμήν.

420 877 701 951 EXPOSITIO
728 879 875 952 FIDEI

193 1051 254 1109 CL.
270 1051 454 1119 Sanctorum,
469 1051 519 1129 qui
535 1051 817 1132 Constantinopolim
830 1056 996 1133 congregati
1011 1067 1091 1115 sunt.

83 1221 101 1280 5
114 1207 192 1271 Apud
201 1206 313 1256 Codioem
325 1206 454 1255 Canonum
463 1204 578 1254 Veterem
587 1203 697 1254 Emissis
706 1205 825 1256 Romanas
833 1221 849 1254 a
857 1205 896 1253 Fr.
907 1205 1005 1256 Pithoao
1012 1208 1166 1256 adornatum.

159 1347 322 1412 Gnsmuus
345 1345 377 1410 in
403 1367 502 1411 unum
523 1345 628 1412 Deum
654 1345 788 1412 Patrem
814 1347 1076 1433 omnipotentem,
1102 1349 1167 1413 sao·

113 1459 220 1516 torem
235 1449 306 1514 ooeli
322 1458 356 1514 et
371 1455 475 1528 terrae,
491 1448 661 1513 visibilium
676 1449 818 1514 omnium
832 1458 866 1515 et
880 1451 1100 1515 invisibilium:
1121 1452 1167 1517 Et

28 1625 30 1628 ,
114 1557 148 1619 in
173 1575 273 1618 unum
294 1553 467 1618 Dominum
492 1551 606 1616 Jesum
629 1553 801 1630 Christum,
821 1553 938 1618 Filium
960 1554 1032 1631 Dei,
1053 1562 1167 1619 natum

114 1681 156 1723 ex
180 1657 280 1722 Patre
306 1670 382 1721 ante
403 1655 510 1720 omnia
531 1655 655 1734 saeoulu,
672 1655 778 1720 Deum
798 1679 908 1721 verum
930 1659 970 1721 de
988 1657 1059 1722 Deo
1079 1681 1165 1736 vero,

67 1769 238 1838 leuatum,
262 1781 326 1822 nou
351 1758 481 1836 foetum,
508 1759 813 1824 consubstantialem
839 1761 949 1824 Patri:
982 1761 1047 1824 Per
1072 1783 1166 1846 quem

115 1864 224 1930 omniu
249 1863 336 1928 faeta
361 1869 446 1940 sunt,
471 1862 525 1947 qui
551 1870 684 1948 propter
706 1883 766 1926 nos
790 1861 942 1941 homines,
970 1870 1003 1928 et
1028 1863 1166 1929 salutem

114 1973 261 2031 nostram
284 1964 447 2030 deseendit
467 1964 507 2029 de
524 1965 622 2042 omlis,
646 1973 679 2029 et
701 1963 886 2030 incarnatus
908 1973 959 2030 est
980 1967 1021 2031 de
1043 1967 1166 2053 Spiritu

115 2070 246 2148 Sancte,
262 2091 302 2133 ex
319 2067 426 2132 Maria
443 2067 579 2154 Virgine,
595 2074 628 2131 et
643 2067 870 2133 inhumanatus
884 2076 943 2148 est,
955 2077 989 2134 et
998 2071 1166 2136 crucifixus

114 2179 166 2236 est
188 2193 246 2256 pro
268 2170 360 2234 nobis
383 2170 442 2233 sub
458 2169 576 2234 Pontio
591 2168 709 2248 Pilato,
726 2181 760 2234 et
774 2172 917 2256 sepultus
938 2179 997 2250 est,
1013 2180 1047 2237 et
1061 2194 1165 2237 resur-

64 2275 200 2351 1srexit
228 2273 328 2339 tertis
356 2273 418 2350 die,
442 2272 585 2338 aseendit
615 2271 648 2336 in
678 2273 786 2352 eoelos‚
813 2275 904 2338 sedet
927 2276 970 2338 ad
999 2276 1165 2340 dexteram

115 2377 235 2456 Patris,
260 2377 377 2443 iterum
393 2383 545 2441 venturus
567 2384 616 2441 est
642 2397 714 2440 eum
736 2376 839 2462 gloria
856 2377 1001 2462 judicare
1022 2377 1109 2442 vivos
1131 2386 1165 2442 et

113 2499 268 2560 mortuos,
299 2480 389 2566 eujus
416 2479 506 2566 regni
543 2501 606 2544 non
636 2479 697 2543 erit
726 2479 822 2544 finis:
864 2480 910 2544 Et
939 2480 972 2543 in
1010 2479 1165 2566 Spiritum

115 2585 279 2663 Senatum,
295 2582 468 2647 Dominum
483 2591 517 2648 et
527 2581 748 2660 vivificantem,
760 2605 799 2646 ex
812 2581 912 2648 Patre
927 2584 1162 2668 procedentem,

114 2711 187 2754 enm
209 2688 310 2752 Patre
333 2694 368 2751 et
391 2686 475 2750 Filio
500 2686 700 2751 adorandum
722 2691 756 2750 et
775 2686 1086 2771 conglorificandum,
1110 2687 1164 2772 qui

64 2793 266 2878 noloquutus
291 2797 341 2856 est
363 2811 422 2876 per
446 2797 574 2855 senatos
598 2789 792 2875 prophetas:
825 2790 870 2852 Et
895 2811 992 2854 unam
1018 2795 1165 2854 sanatam

113 2895 305 2962 oetholioam
335 2900 369 2959 et
397 2894 606 2979 apostolieum
631 2891 815 2956 eeclesiam:
850 2893 1039 2957 confitemur
1066 2915 1165 2957 unum

112 2999 276 3085 baptisma
298 2998 333 3062 in
355 2997 572 3062 remissionem
595 3003 809 3082 peecatorum,
830 3003 1036 3081 expectamus
1061 3020 1164 3063 resur-

113 3103 289 3170 rectionem
302 3107 511 3180 mortuorum,
526 3099 626 3166 vitum
641 3099 741 3164 futuri
756 3098 872 3165 saeculi.
918 3102 1034 3165 Amen.
