2867 4817
500 1140 794 1233 CANONES

305 1358 478 1426 uromru
502 1360 701 1429 oououu
725 1359 994 1428 ouuuuums.

533 1572 760 1603 4...-
829 1580 834 1589 .

134 1735 262 1800 IocipIont
272 1736 337 1786 tituli
349 1738 479 1789 cunonum
491 1738 584 1789 Nicnni
597 1738 706 1799 Gonoilb,
718 1754 822 1790 numero
832 1753 881 1788 xx.
905 1740 946 1789 Ex
956 1739 1155 1803 interpretatione

532 1821 644 1887 uronyn
656 1821 757 1885 ungu.

114 1933 144 1992 1.
168 1932 221 1991 Dn
236 1934 388 2005 eunuchis,
403 1947 434 1995 et
448 1935 499 2014 qui
513 1936 623 2016 seipsos
637 1935 833 1996 absciderunt.

114 2028 161 2089 II.
184 2030 300 2100 Dubis,
315 2032 366 2110 qui
388 2053 425 2091 ex
445 2033 606 2111 gentilibus
619 2044 686 2113 post
700 2034 844 2113 baptisma
862 2031 900 2093 nd
918 2032 1072 2093 clericatus
1091 2033 1169 2093 ordi-

239 2147 306 2187 nem
321 2140 540 2207 promoventur.

112 2223 178 2284 III.
201 2222 249 2283 De
263 2224 494 2286 subintroductis
507 2224 687 2286 mulieribus.

112 2322 175 2383 IV.
197 2322 244 2381 De
257 2322 313 2389 bis,
328 2322 379 2401 qui
394 2322 431 2382 sd
445 2324 643 2404 episcopatum
658 2322 689 2382 iu
704 2323 862 2403 provinciis
875 2324 1086 2403 provebuntur.

111 2420 157 2479 V.
179 2417 227 2478 De
241 2420 508 2480 excommunicetis.

112 2515 174 2575 VI.
196 2516 244 2574 Dc
258 2516 427 2596 privilegiis,
443 2538 508 2595 qun
522 2516 695 2596 quibusdam
710 2517 879 2577 civitatibus
892 2529 1073 2599 competunt.

111 2613 191 2673 VII.
206 2614 253 2673 De
267 2613 404 2694 episcopo
417 2616 512 2683 AElio,
526 2614 558 2674 id
572 2626 627 2685 est,
643 2614 927 2695 Hierosolymorum.

110 2709 207 2769 VIII.
229 2709 277 2769 Dc
290 2710 336 2770 bis
350 2712 401 2789 qui
415 2710 554 2773 dicuntur
569 2711 699 2778 Gothori,
714 2710 746 2770 id
760 2721 815 2781 est,
829 2712 942 2771 mundi.

109 2806 173 2866 IX.
194 2807 242 2866 De
256 2807 310 2877 bis,
325 2809 376 2887 qui
390 2808 428 2867 nd
440 2808 581 2870 honorem
600 2808 775 2888 presbyterii
796 2807 859 2867 sine
880 2809 1013 2868 examine
1036 2811 1166 2888 provecti

237 2915 315 2965 sunt.

108 3002 155 3061 X.
177 3001 225 3063 De
246 3003 300 3073 his,
316 3003 366 3082 qui
387 3006 418 3063 in
437 3003 690 3085 persecutionibus
713 3013 905 3083 negaverunt,
927 3014 958 3063 et
978 3002 1164 3083 postmodum

234 3102 266 3160 iu
281 3101 358 3162 clero
371 3102 496 3182 promoti
512 3112 591 3161 sunt.

109 3198 172 3257 XI.
195 3198 242 3257 De
255 3198 348 3265 luicis,
361 3200 411 3277 qui
425 3210 617 3278 negaverunt.

108 3295 190 3355 XII.
212 3296 260 3355 De
273 3296 329 3368 his,
344 3297 394 3373 qui
416 3297 707 3366 abrenunciaverunt,
723 3297 875 3356 etiterum
891 3294 929 3355 nd
942 3293 1080 3357 seculum
1094 3307 1164 3357 sunt

235 3413 366 3473 regressi.

108 3490 205 3549 XIII.
227 3491 275 3550 De
287 3492 342 3561 bis,
357 3492 408 3570 qui
423 3492 655 3551 communionem
669 3502 802 3571 tempore
816 3491 919 3550 mortis
932 3502 1103 3569 exposcunt.

107 3587 203 3647 XIV.
226 3588 273 3648 De
286 3588 501 3648 catechumenis
515 3588 613 3668 lspsis.

108 3684 185 3743 XV.
207 3684 297 3757 Quod
309 3704 370 3745 non
383 3695 516 3765 oporteat
530 3684 694 3764 demigrari.

107 3782 202 3841 XVI.
224 3782 272 3841 De
284 3783 340 3850 bis,
356 3782 452 3861 quiin
466 3782 605 3851 ecclesiis,
619 3782 651 3841 iu
672 3784 779 3861 quibus
801 3782 932 3862 provecti
946 3793 1026 3851 sunt,
1040 3783 1160 3845 minime

232 3880 438 3959 perdurarunt.

107 3977 217 4037 XVII.
239 3976 287 4036 Do
300 3976 412 4036 clericis
425 3996 528 4037 usurus
542 3976 761 4057 accipientibus.

107 4074 236 4135 XVIII.
259 4073 307 4133 De
320 4073 480 4154 privilegiis
494 4075 739 4154 presbyterorum.

106 4172 200 4233 XIX.
224 4172 271 4232 De
283 4172 339 4240 bis,
353 4174 404 4251 qui
418 4193 435 4231 u
450 4171 543 4232 Paulo
558 4173 745 4231 Sumosnteno
759 4171 796 4231 ud
810 4170 958 4232 ecclesium
973 4172 1106 4233 veniunt.

107 4268 182 4328 XX.
205 4268 253 4330 Dc
266 4269 410 4330 flectendo
422 4289 528 4349 genus.

604 4408 668 4472 313
