2867 4817
272 281 338 345 m
587 272 847 338 DEFINITIO
870 267 1006 336 FIDEI

272 450 398 517 tissima
409 454 508 533 atque
527 444 1079 530 immensu-mumdum
1098 439 1348 506 deificatum

275 558 326 617 est
339 556 515 637 perempta,
529 549 587 615 sed
600 547 635 613 in
648 548 779 635 proprio
789 548 839 612 s'ni
850 554 940 612 meto
950 552 985 612 et
994 546 1121 611 ratione
1133 540 1346 630 permanat:

263 656 324 721 'ita
337 660 372 719 et
392 654 534 719 hnmana
554 650 624 736 ejus
644 650 793 715 voluntas
810 650 972 729 deifieste,
995 667 1060 713 non
1080 654 1137 714 est
1155 649 1350 733 perernpt&
1429 663 1431 713 ζ

276 757 402 822 salvato
423 760 474 821 est
492 760 603 818 sutem
623 752 727 839 magis
747 752 920 817 seeundum
938 752 1121 837 deiioqnnm
1140 750 1351 835 Gregorinm

276 860 454 926 dieentem:
478 858 563 921 Nam
581 856 671 921 illius·
685 854 773 935 veile,
789 856 875 941 quod
893 856 927 919 in
948 854 1108 920 salvatore
1128 852 1353 938 intelligitur,

276 982 340 1025 non
365 967 416 1028 est
445 957 642 1024 eontrarium
670 957 741 1022 Deo
768 956 954 1022 deifiostum
977 963 1094 1021 totum.
1141 956 1250 1019 Duns
1278 974 1353 1017 vau

277 1060 441 1128 naeuos
458 1060 660 1146 operationes
681 1058 823 1137 indivise,
846 1058 1137 1136 inoonvertibiiiter‚
1158 1057 1354 1133 inconfuse,

278 1163 532 1249 inseparabiliter
553 1162 586 1226 in
601 1162 713 1227 eodem
733 1161 873 1227 Domino
886 1170 997 1226 nostro
1009 1160 1091 1226 Jesn
1113 1161 1261 1226 Christo
1276 1180 1353 1223 vero

280 1267 351 1333 Deo
372 1272 484 1332 nostro
504 1263 726 1351 glonfioamm,
742 1263 803 1329 hoe
823 1270 881 1341 est
898 1264 1037 1329 divinam
1058 1264 1298 1349 operationem
1319 1269 1354 1325 et

279 1370 451 1434 humanam
472 1366 699 1452 operationem,
726 1366 899 1430 seormdum
923 1366 1064 1430 divinum
1089 1367 1354 1452 praedicatoren

282 1471 430 1548 Leonem
446 1468 647 1555 apertissime
660 1475 874 1533 asserentem:
896 1468 967 1554 agit
979 1468 1064 1533 enim
1077 1477 1219 1554 utraque
1236 1469 1352 1532 forma

280 1594 353 1638 eum
366 1572 499 1639 alterius
513 1571 733 1636 eommunione
748 1570 832 1655 quod
847 1570 1012 1655 proprium
1020 1578 1079 1649 est,
1093 1572 1201 1637 Verbo
1216 1569 1351 1636 scilieet

280 1682 435 1760 operante
458 1674 543 1759 quod
564 1672 665 1737 Verbi
683 1678 744 1746 est,
760 1678 794 1736 et
814 1692 909 1736 earne
928 1680 1103 1758 exequente
1123 1675 1211 1758 quod
1233 1668 1349 1737 earnis

281 1784 342 1841 est.
386 1777 457 1840 Neo
471 1774 555 1839 enim
568 1776 602 1839 in
617 1796 778 1859 quoquam
791 1796 889 1839 unam
904 1774 1050 1839 dabimus
1066 1774 1250 1841 neutralem
1267 1795 1348 1859 ope·

280 1878 439 1943 rationem
458 1876 520 1941 Dei
539 1884 574 1942 et
599 1883 765 1950 oresturae,
780 1884 819 1941 ut
838 1898 940 1961 neque
960 1878 1045 1962 quod
1065 1884 1210 1941 meatum
1228 1886 1294 1953 est,
1311 1876 1345 1937 in

282 1979 421 2043 divinam
445 1980 617 2044 eduoamns
642 1978 834 2043 essentiam:
869 2000 971 2064 neque
996 1979 1082 2064 quod
1108 1980 1263 2043 eximium
1292 1986 1345 2043 est

282 2081 396 2147 dvinae
430 2088 555 2147 naturae
588 2083 631 2147 ed
660 2088 895 2167 oompetentem
931 2082 1086 2147 oreatun's
1118 2082 1224 2147 loeum
1260 2081 1342 2167 deji-

283 2184 414 2248 oiamus.
461 2183 566 2249 Unius
580 2184 665 2249 enim
681 2184 886 2269 ejusdenqne
905 2191 973 2249 tom
993 2184 1155 2261 miraonia,
1176 2204 1343 2269 quamque

283 2284 447 2369 passiones
464 2286 691 2371 oognoeoimns,
707 2286 881 2351 seeundum
899 2286 986 2351 aliud
1004 2294 1039 2352 et
1057 2287 1144 2351 aliud
1157 2308 1282 2365 earnm,
1298 2306 1341 2351 ex

284 2386 399 2473 quibus
412 2393 471 2466 est,
487 2393 676 2452 naturarum
694 2395 729 2452 et
748 2387 781 2451 in
796 2388 910 2473 quibus
924 2388 1022 2454 hebet
1036 2410 1114 2467 esse,
1129 2389 1214 2454 siout
1232 2388 1340 2454 admi-

283 2489 392 2555 rabilis
417 2489 521 2575 inquit
542 2489 687 2575 Cyrillus.
732 2490 884 2577 Undique
905 2490 1004 2578 igitur
1021 2490 1219 2555 inooniusum
1237 2500 1342 2578 atque

283 2591 452 2657 indivisum
467 2599 699 2669 tonservantes
714 2592 801 2658 brevi
816 2616 892 2659 vooe
906 2600 1022 2659 euneta
1034 2593 1224 2678 proferimus
1238 2614 1343 2658 unum

284 2702 404 2759 sanotae
419 2693 597 2771 Trinitatis,
613 2701 647 2758 et
659 2702 735 2779 post
746 2694 996 2761 incarnationem
1007 2694 1179 2760 Dominum
1190 2702 1343 2760 nostmm

30 2810 40 2819 '
176 2860 182 2867 .
284 2797 398 2862 Jesum
412 2796 576 2862 Christum
595 2818 703 2860 verum
718 2798 824 2861 Deum
842 2805 989 2863 nostrum
1008 2818 1077 2862 esse
1096 2798 1274 2877 eredentes,
1290 2822 1344 2863 as-

285 2898 418 2963 serimus
433 2899 513 2963 duas
534 2900 603 2984 ejus
624 2920 692 2962 esse
713 2904 848 2963 naturas
863 2900 895 2962 in
915 2920 979 2963 una
993 2898 1062 2982 ejus
1078 2898 1243 2963 redientes
1265 2900 1344 2964 sub-

285 3000 441 3079 sistentia,
471 3001 505 3065 in
530 3022 594 3085 qua
618 3007 687 3063 tam
714 3000 877 3079 mimoula,
908 3022 1066 3088 quamque
1090 3002 1255 3088 passiones
1281 3024 1342 3088 per

285 3124 412 3168 omnem
427 3102 481 3167 sui·
491 3101 737 3188 dispensativam
752 3105 1032 3183 conversationem,
1049 3124 1113 3168 non
1129 3122 1188 3190 per
1200 3106 1339 3189 phanta-

284 3205 374 3282 siam,
390 3206 446 3270 sed
461 3205 616 3270 veraeiter
628 3206 868 3283 demonstravit,
881 3208 923 3271 ob
934 3206 1112 3272 naturniem
1126 3206 1339 3271 differentiam

285 3307 319 3373 in
334 3308 445 3373 eedem
459 3330 524 3372 una
537 3306 745 3373 subsistentis
759 3311 1018 3396 eognosoendam‚
1033 3310 1109 3373 dum
1120 3330 1191 3373 oum
1206 3310 1340 3374 alterius

286 3410 505 3476 oommunione
524 3417 661 3494 utraque
680 3398 797 3476 natura
819 3412 960 3491 indivise,
976 3419 1010 3477 et
1029 3412 1190 3476 inooniuse
1208 3412 1341 3497 propria

287 3511 389 3590 vellet,
416 3519 514 3596 atque
539 3519 743 3597 operaretur:
770 3513 867 3598 juxte
891 3536 987 3598 quam
1005 3514 1172 3587 rationem,
1198 3519 1233 3577 et
1258 3513 1339 3577 duas

288 3614 450 3679 naturales
463 3614 644 3679 voluntates
659 3622 695 3679 et
713 3617 914 3702 operationes
928 3616 1125 3695 eonfitemur,
1140 3616 1183 3681 od
1201 3616 1338 3681 salutem

286 3715 416 3781 humani
429 3713 556 3801 generis
569 3717 792 3782 eonvenienter
806 3716 838 3781 in
850 3740 888 3781 eo
899 3726 1132 3783 oonourrentes.
1163 3717 1226 3781 His
1240 3718 1339 3803 igitur

286 3842 359 3886 eum
373 3818 459 3883 omni
473 3818 611 3903 undique
621 3820 748 3885 oautela
762 3828 859 3905 atque
870 3821 1034 3907 diligentia
1045 3844 1066 3885 a
1079 3822 1171 3886 nobis
1182 3822 1336 3908 formatis,

286 3921 454 3987 definimus
468 3920 564 3985 aliam
578 3920 674 3985 fidem
688 3921 765 3985 nulli
780 3922 873 3986 lieere
892 3922 1034 4007 proferre
1052 3930 1111 3987 ant
1129 3922 1335 3998 eonsoribere,

288 4045 513 4111 componereve
526 4030 584 4087 out
599 4043 722 4109 sapere,
738 4025 787 4089 vel
802 4024 900 4089 etism
913 4024 1008 4089 aliter
1021 4026 1143 4090 dooere.
1188 4025 1249 4108 Qui
1264 4048 1336 4091 vero

286 4124 546 4212 presumpserint
564 4124 661 4189 iidem
681 4126 816 4191 alteram
837 4146 1033 4210 oomponere,
1051 4127 1097 4190 vel
1118 4126 1268 4213 proferre,
1290 4128 1335 4192 vel
