2867 4817
275 291 340 354 288
450 291 652 355 ARNOBII
676 292 925 359 ADVERSUS
947 293 1137 359 GENTES

275 466 388 537 deatis
403 464 488 536 licet
504 490 550 537 ex
575 488 673 537 more
694 475 801 560 atque
823 469 861 537 in
877 468 1056 541 lasciviam
1076 470 1323 541 dimolramini

274 582 534 653 cachinnorum.
586 581 685 654 Deus
707 584 768 655 ille
792 584 951 657 sublimis
973 586 1052 670 fuit,
1076 584 1175 659 Deus
1197 588 1322 659 radice

275 699 320 769 ab
337 700 470 783 intima,
489 697 587 771 Deus
609 687 664 770 ab'
676 702 863 795 incognitis
884 704 1010 797 regnis,
1026 711 1065 773 et
1087 704 1132 775 ab
1155 706 1322 775 onmium

274 817 430 911 principe
460 816 558 888 Deus
587 820 774 911 sospitator
801 826 857 889 est
886 820 1031 890 missus:
1061 842 1169 913 quem
1198 844 1322 913 neque

274 932 327 1005 sol
355 934 440 1027 ipse,
465 957 579 1025 neque
608 934 681 1006 ulla
710 934 754 1024 (si
778 937 950 1028 sentiunt)
975 936 1109 1029 sydera
1137 960 1212 1009 non
1240 961 1321 1008 rec-

274 1059 379 1135 tores,
397 1075 468 1123 non
492 1051 664 1143 principes
691 1052 824 1135 mundi,
840 1075 912 1123 nou
934 1054 1086 1145 denique
1108 1053 1159 1123 dii
1182 1057 1319 1148 magni,

274 1176 345 1250 aut,
372 1169 431 1260 qui
461 1168 633 1261 fingentes
662 1190 699 1238 se
726 1169 810 1240 deos
838 1192 950 1263 genus
977 1192 1083 1240 omne
1108 1170 1319 1241 mortalium

274 1285 446 1365 territant,
464 1286 557 1355 unde
579 1292 642 1356 aut
664 1287 725 1379 qui
745 1286 860 1369 buerit,
878 1295 1069 1379 potuerunt
1088 1309 1236 1357 noscere
1257 1286 1319 1357 vel

275 1402 459 1494 suspicari:
489 1411 528 1472 et
548 1404 686 1473 merito.
738 1402 879 1473 Exutus
903 1412 958 1473 cst
984 1424 1129 1496 corpore
1156 1406 1254 1496 quod
1277 1405 1319 1473 in

275 1518 403 1610 exigua
427 1518 480 1589 sui
496 1517 764 1590 circumferebat
785 1528 906 1611 parte3
930 1530 1117 1611 postquam
1138 1519 1252 1589 videri
1277 1542 1319 1590 se

274 1656 394 1727 passus
421 1642 485 1715 est,
515 1634 613 1727 cujus
640 1642 734 1704 esset
762 1642 825 1704 aut
852 1631 943 1729 (sor.
969 1637 1022 1727 et)
1048 1634 1319 1728 magnitudinis,

245 1746 247 1751 ’
275 1752 365 1835 sciri,
382 1753 538 1821 novitate
560 1772 676 1821 rernm
701 1753 872 1822 exterrita
892 1752 1054 1821 universa
1074 1750 1199 1821 mundi
1219 1764 1319 1835 sunt,

273 1867 451 1961 elementa
466 1867 615 1950 tmbata,
632 1866 739 1938 tellus
760 1876 859 1938 mota
880 1870 1102 1951 contremuit,
1119 1892 1217 1939 mara
1235 1869 1321 1941 fun·

275 1986 369 2057 ditus
398 1986 553 2057 refirsum
582 1993 645 2068 est,
676 1987 735 2055 aar
766 1984 881 2079 globis
913 1985 1092 2056 involutus
1124 1994 1180 2056 est
1212 1995 1321 2059 tene-

273 2102 428 2187 brarum,
445 2103 568 2196 igneus
584 2102 677 2172 orbis
699 2100 782 2173 solis
803 2101 981 2193 tepefacto
1002 2102 1124 2173 ardore
1147 2102 1319 2197 deriguit.

275 2218 370 2304 Quid
399 2220 494 2290 enim
523 2218 678 2291 restabat
706 2226 749 2288 ut
775 2218 889 2305 lieret,
917 2225 1103 2311 postquam
1133 2216 1233 2290 Deus
1260 2230 1321 2292 est

274 2335 435 2430 cognitus
459 2337 499 2419 is,
517 2334 576 2429 qui
602 2356 678 2407 esse
696 2333 907 2428 jamdudum
933 2356 1023 2405 unus
1042 2335 1273 2428 judicabatur
1297 2360 1322 2407 e

274 2452 397 2523 nobis?

325 2565 427 2638 LIV.
455 2565 527 2637 Sed
552 2588 623 2637 non
648 2566 790 2637 creditis
813 2574 916 2661 gesta
939 2566 1023 2637 hec.
1084 2565 1157 2638 Sed
1181 2567 1243 2659 qui
1273 2592 1322 2641 ea

273 2682 464 2775 conspicati
481 2692 563 2753 sunt
585 2683 670 2766 fieri,
688 2690 727 2753 et
749 2682 814 2754 sub
834 2681 945 2753 oculis
966 2682 1037 2753 suis
1059 2682 1224 2753 viderunt
1243 2688 1319 2779 agi,

273 2809 383 2871 testes
409 2799 543 2893 optimi,
566 2799 820 2892 certissimique
839 2808 1010 2882 auctores,
1032 2808 1071 2869 et
1087 2798 1320 2873 crediderunt

273 2916 346 2987 haec
372 2918 448 3011 ipsi,
473 2926 511 2987 et
535 2916 709 2989 credenda
732 2917 880 3011 posteris
908 2917 1009 2988 nobis
1035 2916 1130 2987 haud
1158 2916 1319 2989 exilibus

273 3056 354 3104 cum
376 3034 683 3127 approbationibus
699 3033 929 3103 tradiderrmt.
981 3031 1134 3117 Quinam
1150 3033 1210 3103 isti
1230 3034 1317 3117 sint,

272 3150 417 3221 fortasse
440 3150 614 3244 quaeritis?
639 3160 774 3244 gentes,
796 3149 928 3243 populi,
951 3151 1121 3233 nationes,
1139 3158 1177 3220 et
1199 3151 1318 3222 incre-

273 3266 396 3338 dulum
419 3267 505 3339 illud
528 3288 640 3361 genus
663 3265 877 3337 humanum:
903 3266 997 3359 quod
1022 3267 1089 3338 nisi
1110 3276 1234 3360 aperta
1256 3291 1316 3340 res

188 3418 194 3427 ·
272 3393 373 3467 esset,
400 3393 437 3455 et
459 3382 538 3454 luce
563 3384 640 3476 ipsa
667 3383 982 3475 (quemadmodum
1007 3383 1149 3478 dicitur)
1174 3382 1314 3467 clarior,

271 3522 449 3593 nunquam
471 3500 576 3571 rebus
600 3500 800 3593 hujusmodi
825 3498 1042 3571 credulitatis
1064 3522 1135 3570 suae
1154 3522 1314 3571 commo-

271 3620 395 3689 darent
417 3639 607 3691 assensum.
657 3616 711 3687 At
735 3616 893 3710 nunquid
918 3616 1076 3688 dicemus
1099 3615 1196 3688 illius
1220 3627 1314 3689 tem·

271 3736 363 3828 poris
391 3733 551 3806 homines
575 3755 686 3826 usque
715 3734 804 3805 adeo
833 3734 941 3804 fuisse
967 3756 1084 3817 vanos,
1111 3735 1312 3819 mendaces,

270 3850 425 3935 stolidos,
465 3851 596 3933 brutos,
635 3857 686 3933 ut,
721 3874 799 3943 quae
835 3872 1015 3943 nunquam
1055 3850 1226 3934 viderant,
1260 3854 1314 3921 ri-

269 3968 361 4039 disse
386 3990 423 4039 se
447 3966 643 4061 lingerent?
669 3975 707 4037 et
724 3990 801 4061 quas
824 3967 919 4039 facta
940 3968 1083 4038 omnino
1105 3990 1178 4039 non
1196 3978 1310 4052 erant,

268 4084 364 4155 falsis
396 4084 583 4176 proderent
618 4084 838 4169 testimoniis,
867 4092 931 4156 aut
962 4084 1089 4177 puerili
1117 4084 1310 4156 assertione

269 4201 470 4270 firmarent?
496 4222 648 4293 cumque
670 4210 812 4293 possent
838 4201 1074 4272 vobiscumet
1095 4202 1310 4274 unanimiter
