2867 4817
283 374 304 436 4
513 372 750 438 VETERUM
775 371 1084 439 TESTIMONIA
1143 408 1154 429 .

495 546 641 605 Eusebius
656 544 738 604 Hire.
753 546 834 605 Eccl.
849 544 901 607 lib.
916 544 977 606 111.
992 566 1055 626 sup.
1070 546 1120 623 36.

328 642 387 706 Kal
408 644 425 705 d
448 643 648 723 Πολάκαρπος
671 644 704 706 dl
726 644 838 707 τούτων
858 642 954 707 αὐτῶν
977 642 1194 723 (Epistolsrum
1208 643 1335 722 Ignntiil

283 744 427 826 μέμνηται
447 746 531 833 ἔνπῇ
553 744 704 827 φερομένη
726 744 817 809 αὐτοῦ
837 744 912 827 πρὸς
932 742 1154 821 Φιλιππησίους
1175 742 1336 828 ἐπιστολῇ·

285 846 411 931 φάσκων
422 848 522 916 αὐτοῖς
534 848 655 931 ῥήμασι,
668 852 841 931 Παρακαλῶ
855 848 910 911 οὖν
920 846 1034 913 πάντας
1047 846 1123 924 ὑμᾶς
1134 846 1186 904 810·
1203 848 1279 925 (utp-
1288 847 1338 924 9·)

548 1000 667 1061 Eusebis'
681 1009 761 1059 uetus
775 997 927 1078 Interpres
941 999 1078 1077 Rufinus.
1350 1009 1368 1069 5

327 1097 387 1158 Sed
413 1109 444 1157 et
472 1098 651 1178 Polyosrpus
684 1098 789 1157 horum
831 1118 883 1178 per
920 1096 993 1163 lires,
1026 1096 1187 1175 Depreoor,
1227 1093 1339 1174 inquit,

285 1180 453 1239 memoriam
484 1178 555 1238 isoit
586 1180 618 1237 in
645 1179 790 1258 Epistola,
830 1197 932 1237 omnes
945 1197 998 1237 ros
1011 1177 1066 1235 dre.

286 1280 373 1340 quum
397 1260 434 1319 sd
453 1258 656 1340 Philippenses
679 1260 791 1329 scribit,

436 1398 468 1459 S.
484 1398 693 1479 Hieronymus,
709 1398 759 1459 De
776 1398 854 1459 Viris
868 1395 1047 1464 illustribus,
1062 1414 1125 1475 osp.
1145 1411 1190 1472 17.

329 1497 508 1578 Polycarpns
532 1496 659 1557 loannis
682 1497 807 1577 apostoli
830 1494 1001 1575 discipulus,
1023 1503 1054 1553 et
1078 1492 1115 1551 sb
1142 1512 1179 1553 eo
1205 1494 1389 1575 smyrnam

287 1596 440 1675 episeopus
460 1594 620 1665 ordinatus,
635 1594 728 1653 totius
746 1592 828 1653 Asis
848 1592 983 1673 princeps
1002 1589 1281 1672 fuit—Scripsit
1302 1592 1343 1651 ed

289 1690 493 1771 Philippenses
507 1690 591 1751 vulds
612 1690 716 1750 utilem
732 1688 906 1770 Epistulam,
920 1709 985 1767 qus
1000 1706 1094 1765 nsque
1112 1687 1200 1748 lrodie
1213 1689 1245 1747 in
1258 1687 1342 1747 Asin

288 1799 435 1847 eonveutu
449 1787 566 1867 legitur.

400 1934 483 1993 Idem
499 1934 707 2015 Hieronymus,
725 1933 820 2014 Epist.
835 1932 992 1992 XXVIII.
1006 1933 1044 1992 ad
1057 1932 1226 1992 Lucinium.

330 2033 423 2091 Porro
437 2032 560 2111 losephi
580 2030 678 2102 libros,
694 2042 724 2091 et
743 2042 908 2091 sanctorum
923 2030 1023 2110 Pupius
1041 2042 1072 2090 et
1087 2028 1241 2110 Polyourpi
1256 2028 1390 2105 solu-15

288 2131 376 2200 mins,
390 2128 481 2188 falsus
495 2127 532 2188 ad
545 2140 575 2187 te
590 2148 688 2187 rumor
701 2127 833 2209 pertulit,
848 2148 865 2187 a
878 2148 926 2187 me
939 2148 1002 2187 esse
1018 2128 1175 2187 translata:
1198 2126 1268 2205 quie
1286 2146 1343 2186 nec

289 2228 342 2287 otii
361 2226 427 2296 mei,
443 2246 497 2285 nec
511 2225 616 2284 virium
636 2234 690 2293 est,
710 2236 807 2285 tuntas
827 2246 874 2286 res
894 2225 995 2286 eodem
1017 2226 1048 2284 in
1069 2226 1189 2285 sltersm
1210 2225 1343 2304 lingnnrn

289 2325 453 2405 exprimere
466 2344 531 2383 cum
547 2332 709 2383 venustate.

412 2454 494 2514 Idem
511 2454 720 2533 Hieronymus,
737 2454 828 2514 Libro
839 2454 906 2514 adu.
923 2453 1101 2525 Heluidium,
1116 2474 1178 2534 esp.
1191 2474 1220 2532 9.

330 2550 485 2629 Numquid
499 2571 558 2609 non
573 2571 690 2630 possum
710 2551 765 2610 tibi
782 2561 875 2610 totam
890 2562 1021 2612 veterum
1041 2553 1216 2632 scriptorum
1237 2550 1344 2611 seriem
1355 2568 1395 2606 so

290 2668 481 2717 mmmouese,
496 2648 653 2727 Ignstium
669 2648 900 2718 Ponrcsnnnss,
916 2647 1070 2718 Irensum,
1084 2648 1237 2708 ,lustinum
1259 2646 1344 2706 Mar·

290 2760 394 2829 tyrem,
409 2744 575 2824 multosque
596 2744 670 2805 ulios
689 2744 873 2826 apostolicos,
888 2756 919 2805 et
932 2744 1103 2823 eloquentes
1117 2746 1204 2816 viros,
1219 2746 1271 2823 qni
1291 2745 1344 2804 ud·

290 2864 391 2905 versus
404 2843 560 2911 Ebionem,
575 2854 606 2901 et
620 2841 808 2901 Theodotum
822 2842 1011 2922 Byzantium,
1022 2854 1053 2902 et
1066 2843 1268 2912 Valentinum,
1279 2843 1344 2901 hmo

290 2942 390 3003 eudem
406 2941 574 3008 sentientes,
589 2939 675 3021 plene
689 2939 839 3019 sapientise
854 2939 1002 2998 volumina
1015 2940 1271 3020 oonssripserunt?

291 3072 452 3137 Maximus,
472 3070 501 3128 s'n
523 3070 547 3127 S
559 3068 646 3129 *doliis
660 3068 700 3128 od
715 3069 876 3149 Epistulam
890 3068 966 3127 VII.
982 3069 1262 3150 Pseudo-Dionysii,
1280 3090 1345 3149 quoe
1356 3088 1394 3147 25

657 3174 698 3224 est
716 3166 756 3224 od
771 3165 974 3246 Polycarpum.

333 3264 372 3329 '0
395 3262 476 3345 ἅγιοι
500 3262 585 3327 οὗτος
607 3262 816 3343 Πολύκαρπος,
833 3262 967 3342 Σμύρνης
987 3265 1037 3341 τῆς
1058 3263 1093 3325 ἔν
1105 3260 1197 3347 Ἀσίη
1216 3260 1348 3344 γέγονεν

292 3369 464 3439 ἐπίσκοπος,
481 3364 625 3447 ἀκροατὴς
643 3367 806 3446 γενόμενος
825 3370 878 3429 τοῦ
896 3366 983 3448 ἁγίου
996 3362 1138 3428 Ἰωάννου
1151 3368 1204 3428 τοῦ
1218 3364 1344 3446 εὐαγγε-

291 3472 407 3540 λιστοῦ,
424 3468 464 3535 ὥς
478 3474 573 3549 φησιν
588 3468 748 3549 Εἰρηναῖος
770 3468 804 3531 ἐν
823 3472 865 3554 “l
885 3470 972 3554 τρίτῳ
994 3469 1108 3553 βιβλίῳ
1130 3472 1190 3531 τῶν
1204 3469 1280 3530 sord
1294 3471 1347 3546 τῆς

291 3570 488 3653 ψευδωνύμου
508 3569 658 3650 γνώσεως·
683 3571 732 3634 καὶ
752 3573 900 3658 μαρτυρία
922 3572 955 3635 δὲ
982 3572 1143 3649 ἑτελειάθη
1169 3572 1218 3634 διὰ
1243 3572 1344 3652 πυρός.
1354 3592 1396 3647 30

288 3672 378 3757 Ἔχει
400 3674 433 3737 δὲ
456 3674 504 3737 καὶ
524 3674 685 3740 ἐπιστολὰς
699 3675 715 3736 d
731 3673 818 3743 αὐτὸς
832 3680 912 3743 θεῖος
926 3676 1126 3756 Πολύκαρπος
1144 3664 1218 3757 πρὸς
1233 3679 1343 3739 Φιλιπ-

291 3776 426 3857 πησίους.
471 3777 529 3857 Op
544 3776 669 3835 Maximi
684 3788 757 3837 tom.
773 3777 797 3836 I.
814 3800 843 3859 p.
855 3799 904 3856 93.
919 3780 965 3839 ed.
980 3779 1123 3839 corderii,

324 3894 798 3975 SanctushisPolyourpusSmyr·
838 3894 926 3954 minis
943 3895 1113 3965 seientism3
1135 3906 1166 3954 et
1181 3915 1251 3954 vero
1269 3915 1346 3953 mur-

293 3998 338 4036 nae
359 3978 390 4035 in
409 3978 482 4036 Asia
502 3976 562 4035 fuit
582 3977 745 4055 episcopus,
767 3986 798 4035 et
838 3975 916 4054 tyrio
936 3996 989 4055 per
1009 3974 1105 4054 ignem
1128 3985 1346 4035 consummatus

293 4057 409 4117 auditor
423 4056 537 4117 exstitit
552 4056 643 4115 sensti
654 4055 799 4115 Iohannis
839 4066 894 4115 est.
934 4055 1035 4115 Hsbet
1048 4076 1164 4134 quoque
1178 4056 1256 4115 idem
1270 4055 1395 4126 diri-35

293 4138 489 4279 evrstrlrgepiptoe,
497 4148 539 4277 μᾶς
557 4136 598 4195 uit
616 4136 748 4276 Irefpffius
766 4137 798 4196 iu
838 4156 895 4275 pus
906 4135 1085 4217 Polycarpus
1098 4137 1213 4197 litteras
1226 4135 1263 4196 sd
1275 4136 1345 4196 Plri-

293 4232 338 4279 ter
364 4239 382 4277 o
414 4239 477 4277 rro
537 4237 634 4277 versus
710 4238 720 4275 1
746 4236 798 4275 no·
850 4237 995 4297 rppemes.
