2867 4817
401 349 465 413 DE
489 349 867 415 MORTALITATE.
1096 348 1163 419 289

103 524 176 615 jam
214 544 310 617 pene
348 525 514 596 morienti
546 525 689 617 juvenis
726 526 862 597 honore
897 532 935 595 et
974 523 1161 615 majestate

110 640 330 723 venerabilis,
354 649 450 713 statu
473 640 598 724 celsus,
615 650 653 712 et
674 642 790 713 clanis
812 650 969 735 aspectu,
992 649 1030 711 et
1053 664 1161 732 quem

108 758 334 828 assistentem
356 758 424 829 sibi
445 760 505 828 vix
528 766 648 851 posset
669 759 846 831 humanus
869 768 1033 851 aspectus
1049 757 1161 829 oculis

108 874 308 945 carnalibus
332 876 474 957 intueri,
499 876 567 945 nisi
592 876 686 967 quod
717 874 829 945 talem
857 876 978 947 videre
996 875 1074 967 jam
1099 898 1162 968 po-

83 1000 201 1073 sterat
233 992 279 1062 de
307 990 439 1063 saeculo
468 1014 680 1062 recessurus.
732 990 857 1083 Atque
890 990 952 1063 ille
980 1015 1052 1062 non
1085 994 1162 1063 sinc

107 1109 263 1200 quadam
297 1110 406 1178 animi
439 1117 477 1179 et
511 1110 607 1179 vocis
640 1109 883 1202 indignatione
910 1108 1094 1182 infremuit
1123 1118 1162 1179 et

108 1227 219 1297 dixit:
256 1224 340 1296 Pati
369 1228 513 1309 timetis,
539 1226 638 1295 exire
668 1247 741 1295 non
770 1224 887 1307 vultis,
917 1228 1003 1317 quid
1033 1226 1161 1297 faciam

108 1342 234 1414 vobmi
280 1342 500 1435 Increpantis
534 1364 605 1412 vox
639 1350 695 1412 est
726 1348 764 1411 et
792 1344 992 1425 monentis3
1025 1343 1086 1433 qui
1117 1342 1162 1413 de

109 1462 357 1553 persecutione
384 1459 566 1543 sollicitus,
595 1458 640 1529 de
665 1459 895 1529 accersitione
919 1480 1064 1529 securim
1090 1480 1162 1529 non

70 1578 290 1647 reconsentit
307 1576 351 1645 ad
373 1598 525 1668 presens
549 1575 773 1655 desiderium,
794 1574 857 1644 sed
874 1573 1028 1645 consulit
1049 1575 1087 1644 in
1107 1575 1163 1646 fu·

108 1700 243 1763 turum.
295 1691 448 1763 Audivia
472 1692 582 1763 frater
606 1700 728 1763 noster
750 1699 788 1761 et
811 1690 949 1785 collega
972 1692 1163 1763 moriturus

108 1809 203 1900 quod
233 1810 373 1879 caeteris
398 1808 542 1879 diceret.
595 1807 693 1878 Nam
716 1809 778 1901 qui
800 1808 992 1879 moriturus
1017 1809 1162 1891 audivit,

108 1927 152 1996 aa
170 1906 395 1997 hoc'audivit
411 1934 453 1995 ut
470 1926 616 1996 arceret.
667 1924 820 1996 Annua
836 1947 908 1995 non
925 1923 992 1995 sici
1012 1923 1083 2007 ule,
1100 1924 1162 1998 sca

5 2136 6 2139 Ἴ
108 2042 222 2112 nobis.
267 2040 363 2112 Nam
381 2044 466 2134 quid
490 2042 556 2113 sibi
580 2042 732 2113 disceret
750 2042 827 2132 Jem
850 2038 1072 2111 recessurus?
1100 2039 1164 2110 Di-

5 2154 6 2167 ³
71 2158 197 2242 15dicit
222 2159 334 2229 immo
361 2159 647 2242 remanentibua3
676 2165 720 2228 ut
745 2158 830 2228 dum
856 2157 1077 2227 sacerdotem
1103 2159 1165 2250 qui
1240 2202 1243 2207 -

109 2282 351 2346 commeatum
383 2276 530 2368 petebat
559 2274 773 2367 increpitum
807 2295 884 2345 esse
918 2276 1163 2368 comperimus,

110 2393 195 2483 qnid
213 2392 352 2463 cunctis
369 2393 536 2489 expediat
553 2412 835 2486 agnosceremus.

160 2506 274 2579 XIV.
306 2506 421 2578 Nobis
454 2530 595 2601 quoque
626 2506 709 2600 ipsis
737 2506 895 2578 minimis
924 2518 961 2577 et
994 2508 1165 2581 extremis

112 2626 253 2718 quoties
269 2623 466 2695 revelatum
483 2632 548 2707 est,
566 2646 674 2715 quam
696 2623 901 2715 frequenter
922 2635 1030 2717 atque
1052 2626 1165 2695 mani·

72 2744 202 2814 zofeate
229 2744 275 2814 de
301 2739 371 2812 Dei
397 2741 603 2836 dignatione
628 2748 849 2833 praeceptum
871 2751 936 2823 est,
960 2750 1002 2811 ut
1027 2749 1166 2812 contes-

113 2872 207 2931 tarer
234 2858 374 2929 assidue
396 2864 435 2929 et
460 2857 603 2951 publice
627 2859 857 2951 praedicarem
880 2858 1005 2929 fratres
1027 2868 1166 2930 nostros

112 3000 182 3047 non
206 2998 285 3047 esse
307 2974 480 3069 lugendos
503 2976 734 3047 accersitione
757 2976 946 3048 Dominica
965 2978 1011 3048 de
1032 2977 1164 3049 saeculo

113 3092 290 3175 liberatos,
308 3114 390 3162 cum
407 3092 559 3169 sciamus
581 3114 653 3162 non
676 3114 737 3163 eos
753 3093 881 3176 amitti,
898 3095 961 3164 scd
982 3096 1165 3187 praemitti,

114 3209 320 3282 recedentes
353 3209 571 3301 precedere3
614 3215 656 3277 ut
688 3208 959 3301 proficiscentes,
994 3219 1036 3281 ut
1068 3213 1166 3283 navi-

73 3334 238 3420 asganteo
261 3323 387 3408 solent,
405 3324 596 3397 desiderari
618 3346 679 3395 cos
695 3325 835 3405 debere,
859 3348 931 3396 non
951 3326 1081 3422 plangi,
1098 3353 1165 3401 nec

114 3440 336 3535 accipiendas
351 3464 428 3513 esse
444 3441 503 3513 hic
520 3449 614 3513 atras
631 3449 758 3523 vestes,
775 3444 916 3533 quando
928 3443 981 3514 illi
997 3444 1047 3514 ibi
1064 3446 1166 3515 indu·

114 3568 236 3631 menta
269 3556 351 3629 alba
376 3559 393 3651 j
483 3556 720 3650 sumpserint!
758 3560 978 3631 occasionem
1012 3560 1166 3632 dandam

114 3698 183 3746 non
200 3696 280 3746 asae
302 3673 495 3768 gentilibus
517 3682 560 3743 nt
582 3695 646 3743 nos
668 3676 798 3745 marito
815 3696 857 3745 ac
876 3676 958 3768 jure
978 3677 1166 3770 reprehen·

114 3795 201 3865 dant
223 3790 319 3885 quod
342 3813 430 3883 quos
453 3792 572 3861 vivere
594 3792 689 3883 apud
716 3789 836 3862 Deum
860 3792 1019 3877 dicimus
1038 3801 1082 3865 ut
1105 3816 1166 3864 ex-

75 3912 246 3987 actinctos
276 3916 313 3977 et
342 3907 499 3999 perditos
529 3905 724 4001 lugeamus,
755 3917 793 3978 et
822 3908 930 3980 fidem
959 3932 1066 4002 quam
1095 3932 1167 3982 ser-
1232 3951 1234 3954 ·

114 4048 220 4098 mono
244 4032 284 4095 et
310 4046 397 4095 voce
422 4022 662 4117 depromimus
684 4022 801 4097 cordis
825 4033 863 4095 et
887 4028 1041 4119 pectoris
1065 4029 1166 4097 testi-

5 4156 7 4179 ’
116 4143 236 4211 monio
253 4162 325 4210 non
342 4138 552 4233 probemus!
1110 4168 1113 4173 ·

168 4255 256 4327 XV.
283 4254 368 4347 Spei
391 4264 523 4327 nostrae
546 4280 587 4327 ac
610 4256 693 4327 fidei
719 4258 1003 4350 prevaricatores
1025 4280 1167 4340 sumua3

617 4392 678 4463 PP
