2867 4817
525 332 756 411 EPITOME‚
1102 336 1165 399 321

205 501 250 567 Et
266 502 388 568 faciunt
404 503 575 585 (Efficisnt.
594 506 717 571 Βθσνθτ.
734 528 774 569 vr.
789 510 861 592 51.)
884 508 1007 572 animos
1028 508 1162 573 humiles

248 607 416 673 formidine
431 608 546 687 divum,

203 708 440 796 Depressosque
454 720 602 797 premunt
617 712 660 777 ed
674 719 805 789 terram,

116 850 359 941 quareddunt.
374 851 454 922 Nec
460 850 471 941 (
473 849 767 946 for.ropunt,nec
779 849 951 946 Clericus)
957 851 1163 947 intelligunt

115 992 224 1061 quam
248 992 379 1039 vanum
404 972 450 1040 sit
473 992 515 1041 ea
541 970 775 1062 timoreque
798 970 932 1053 leceris,
949 980 1012 1041 aut
1037 974 1083 1043 ab
1106 972 1162 1043 his

115 1086 260 1177 aliquod
279 1109 417 1179 sperare
439 1086 648 1179 praesidium,
666 1110 744 1179 quse
767 1096 867 1158 muta
883 1096 921 1157 et
945 1088 1160 1160 insensibilia
1283 1092 1286 1097 ’

116 1226 184 1273 nec
209 1204 331 1273 vident
355 1226 421 1273 nec
447 1204 595 1273 audiunt
619 1202 888 1296 supplicantem.
950 1203 1045 1288 Quid
1075 1228 1160 1300 ergo

115 1320 310 1410 majestatis
334 1328 397 1391 aut
421 1322 575 1392 numinis
600 1320 730 1391 habere
755 1330 912 1413 possunt,
937 1345 1015 1413 quae
1042 1331 1080 1392 ct
1106 1323 1161 1392 fu-

116 1445 222 1506 erunt
247 1438 284 1507 in
305 1436 457 1507 hominis
481 1446 667 1531 potestate,
686 1461 731 1508 ne
752 1438 886 1522 fierent,
910 1447 973 1508 aut
996 1450 1037 1509 ut
1063 1438 1159 1511 aliud

116 1552 252 1635 fierent,
270 1562 308 1623 et
324 1562 407 1623 sunt
424 1554 532 1623 etiam
548 1554 667 1623 nunc?
694 1553 792 1624 Nam
816 1565 855 1625 et
870 1554 993 1625 violari
1010 1564 1046 1624 et
1064 1554 1160 1649 furto

116 1668 247 1740 sublati
265 1668 356 1764 (sor.
383 1670 540 1741 subtrahi
564 1668 749 1767 Dusrcsa.)
766 1680 923 1764 possunt,
944 1672 1010 1741 nisi
1035 1670 1097 1742 illa
1122 1681 1158 1742 et

117 1786 176 1855 lex
194 1788 307 1879 sepiat
329 1795 366 1857 et
388 1786 542 1857 humana
558 1788 726 1859 custodia.
779 1787 881 1858 Num
903 1789 1012 1883 igitur
1029 1790 1159 1860 mentis

116 1925 188 1973 suae
213 1926 357 1996 compos
381 1904 489 1975 videri
512 1913 640 1996 potest,
658 1906 719 1996 qni
742 1902 870 1975 talibus
896 1907 1046 1998 optimas
1064 1902 1156 1999 (scr.

117 2019 251 2111 opimas
288 2016 453 2114 Psuffius)
491 2020 652 2091 victimas
686 2021 801 2105 caedit,
835 2022 927 2091 dona
966 2030 1157 2105 consecrat,

116 2136 286 2228 pretiosas
311 2145 426 2207 vestes
450 2136 562 2220 offert,
586 2139 684 2229 quasi
711 2138 764 2206 uti
790 2146 946 2231 ponunt,
974 2139 1033 2229 qui
1057 2146 1159 2208 motu

115 2252 264 2323 carenti
314 2253 448 2324 Merito
482 2276 565 2347 ergo
601 2253 790 2347 Dionysius
825 2252 953 2324 Siciliae
990 2263 1159 2347 tyrannus

115 2370 201 2441 deos
227 2371 380 2453 Graecias,
407 2393 589 2443 cumeani
616 2371 728 2442 victor
753 2378 967 2463 occupasset,
995 2370 1158 2462 spoliavit

115 2500 225 2580 atque
250 2488 380 2591 derisit,
406 2496 546 2581 etpost
571 2488 761 2582 sacrilegia,
787 2510 864 2579 qnae
889 2486 1086 2569 admiserat,
1112 2488 1157 2559 ad

117 2602 276 2675 Siciliam
297 2626 462 2698 prospera
485 2604 709 2698 navigatione
731 2605 912 2685 remeavit,
940 2626 1157 2697 regnumque

116 2723 233 2792 tenuit
262 2744 374 2813 usque
398 2724 443 2793 ad
472 2730 713 2805 senectutem
747 2744 813 2793 neo
843 2744 927 2791 eum
957 2722 1005 2792 dii
1035 2721 1155 2792 violati

115 2839 231 2931 puniri
256 2848 458 2931 potuerunt.
510 2838 653 2923 Quanto
679 2840 788 2909 satius
813 2847 877 2922 est,
898 2840 1024 2931 spretis
1046 2838 1157 2908 inani-

115 2954 191 3037 bus,
209 2954 253 3024 ad
278 2954 397 3025 Deum
420 2978 458 3027 se
479 2953 561 3044 (sor.
580 2957 632 3049 te)
655 2962 871 3037 convertere,
895 2956 987 3024 tucri
1012 2962 1154 3037 statum,

114 3094 222 3164 quem
247 3095 269 3143 a
292 3071 371 3143 Deo
393 3074 579 3166 acceperis,
602 3072 694 3143 tueri
716 3070 866 3141 nomen!
901 3070 1038 3141 Idcirco
1060 3072 1155 3141 enim

114 3184 294 3283 ἅνθρωπος,
320 3190 403 3282 quia
427 3212 564 3261 sursum
590 3198 736 3283 spectat,
766 3188 987 3259 nominatur:
1018 3208 1156 3257 sursum

114 3316 236 3377 autem
253 3315 399 3400 spectat,
417 3308 477 3401 qui
495 3304 612 3377 Deum
632 3328 754 3377 verum
771 3313 810 3375 et
827 3306 956 3387 vivum,
970 3304 1030 3395 qui
1047 3304 1157 3375 estin

115 3422 215 3505 coelo,
245 3424 401 3516 suspicit,
430 3426 490 3517 qui
516 3424 698 3506 artificem,
726 3424 787 3515 qui
815 3431 998 3515 parentem
1031 3421 1156 3492 animae

115 3562 186 3610 suae
209 3563 282 3611 non
305 3543 411 3612 modo
432 3564 537 3613 sensu
559 3564 599 3612 ac
622 3546 754 3622 mente,
771 3561 893 3609 verum
919 3539 1028 3609 etiam
1053 3537 1157 3609 vultu

115 3668 152 3727 et
176 3656 286 3729 oculis
308 3658 516 3730 sublimibus
537 3657 670 3750 quaerit.
714 3655 786 3740 Qui
806 3664 927 3727 autem
948 3677 985 3726 se
1008 3656 1156 3726 terrenis

114 3772 376 3867 humilibusque
402 3773 602 3855 substernit,
628 3774 751 3864 utique
777 3772 874 3856 illud,
900 3773 994 3865 quod
1025 3781 1079 3843 est
1104 3773 1157 3841 in-

114 3890 234 3973 ferius,
258 3891 325 3960 sibi
349 3889 499 3982 praelert.
552 3889 659 3973 Nam,
683 3914 764 3962 cum
790 3892 865 3983 ipse
890 3913 978 3983 opus
1004 3890 1075 3961 Dei
1099 3890 1154 3973 sit,

114 4006 339 4077 simulacrum
367 4013 488 4077 autem
525 4027 611 4098 opus
645 4008 806 4090 hominis,
840 4029 912 4077 non
944 4014 1062 4098 potest
1091 4006 1156 4076 hu-

1 4152 4 4155 ·
113 4146 259 4194 manum
277 4145 364 4215 opus
382 4122 500 4193 divino
513 4125 690 4215 anteponi.
720 4122 768 4193 Et
784 4124 876 4194 sicut
890 4123 988 4195 Deus
1004 4124 1156 4195 hominis

114 4262 239 4332 pmcne
269 4248 332 4323 est,
362 4241 414 4310 ita
443 4239 618 4311 simulacri
648 4239 767 4311 homo.
815 4239 955 4311 Stultus
983 4241 1092 4334 igitur
1119 4251 1157 4312 et
