2867 4817
261 363 313 428 IN
334 362 442 427 CAN.
459 361 592 427 CONC.
609 359 1057 426 CONSTANTINOPOL.
1120 362 1182 426 421

131 554 210 598 nere
234 533 332 598 verba
360 533 508 598 videntur
535 532 578 598 ad
606 532 760 619 scriptum
787 532 918 618 aliquod
943 531 1186 598 occidentalium

131 620 305 704 praesulum
330 619 364 684 in
387 642 484 685 causa
507 619 789 699 Antiochenornm,
813 620 868 704 qni
890 619 945 684 diu
969 619 1097 704 quidem
1120 640 1186 682 non

131 713 263 770 tantum
283 706 515 784 schismatibus,
532 706 588 770 sed
607 706 705 770 etiam
723 705 897 771 haeresibus
910 705 1003 770 valde
1016 704 1123 769 vexati
1137 705 1185 768 iu·
1267 767 1271 772 ,

132 799 238 857 erant.
276 792 436 859 ceterum
454 791 568 856 videsis
585 791 669 857 infra
686 813 758 876 quae
776 793 819 857 ad
838 792 959 858 (lanon.
976 791 1056 857 VII.
1075 789 1185 855 dehis

132 877 256 944 ultimis
270 879 443 944 canonibus
458 878 557 944 allata
570 883 655 942 eunt.

544 1013 698 1080 OANON
722 1014 781 1077 VI.

180 1134 217 1200 P.
231 1155 305 1222 394.
321 1134 341 1199 l.
353 1156 386 1218 4.
408 1141 470 1202 τοῖς
484 1140 650 1201 κανονικοῖς
663 1135 746 1214 ἡμῶν
761 1131 948 1220 ἐπισκόποις]
965 1133 1066 1200 Forte
1080 1160 1183 1199 rowe-

134 1227 228 1290 νικοῖς
245 1223 324 1303 ἡμῖν,
343 1222 398 1307 qai
416 1219 567 1286 coluerat
586 1220 813 1298 communicem,
830 1221 892 1284 hoc
910 1222 980 1286 loco
1000 1221 1063 1308 legi
1084 1220 1185 1290 satius

132 1307 252 1382 firerit3
287 1329 358 1393 quae
383 1329 446 1373 vox
471 1307 504 1372 in
530 1306 689 1392 Synodicc
716 1306 847 1371 inferius
870 1307 1035 1372 recitanda
1059 1311 1185 1396 legn'tnr.

135 1393 220 1459 Haec
242 1393 443 1458 Hennenses.
489 1393 542 1456 Ibi
556 1399 648 1457 extat
662 1392 731 1459 τοὺς
750 1395 785 1458 ἐν
804 1399 868 1460 ταῖς
885 1395 1040 1477 ἐπαρχίαις
1054 1421 1186 1461 κοινωνι-

135 1481 205 1548 κοὺς
231 1478 419 1554 ἐπισκόπους,
444 1487 478 1544 et
503 1479 563 1544 hoc
588 1478 658 1543 loco
685 1479 807 1544 hebent
835 1479 989 1565 scriptum
1014 1489 1186 1551 καυωνικοῖς

136 1566 212 1651 (lor.
229 1565 423 1648 κοινωνικοῖς)
445 1565 537 1630 codd.
553 1570 594 1628 26
615 1571 648 1628 et
666 1566 707 1628 62
708 1579 730 1650 5
750 1565 826 1630 olim
844 1565 1035 1633 Rcwlinscn.
1052 1567 1130 1631 dum
1143 1567 1186 1632 lc·

134 1651 225 1738 gitur
242 1653 312 1732 ἡμῖν
331 1651 365 1716 in
379 1652 486 1716 codice
500 1651 524 1714 J
525 1651 639 1716 ustelli.
684 1651 842 1737 Equidem
860 1651 955 1718 velim
973 1652 1069 1730 istud,
1085 1679 1188 1718 rowe-

136 1745 230 1806 νικοῑς
243 1739 322 1817 ἡμῖν,
337 1737 530 1802 substituere
544 1759 603 1823 pro
617 1737 754 1802 lectione
769 1745 907 1824 recepto,
919 1761 1016 1824 quam
1030 1745 1187 1824 praestant

135 1845 202 1888 non
231 1829 359 1888 tantum
387 1822 536 1902 Concilia,
562 1824 619 1887 scd
648 1830 682 1888 et
710 1830 835 1888 caeterse
860 1825 926 1889 fere
951 1847 1060 1890 omnes
1085 1825 1187 1890 Oano-

135 1931 214 1973 nnm
233 1909 433 1974 collectiones
452 1917 485 1974 et
506 1908 633 1994 plurimi
654 1909 753 1975 MSti.
798 1910 966 1988 Osetemm,
982 1911 1133 1997 quoniam
1146 1912 1187 1977 de

9 2017 12 2022 ·
136 1995 255 2070 codice,
273 2017 366 2081 quem
389 1994 554 2060 Universae
577 1995 727 2060 Ecclesiae
748 1996 920 2082 appellavit
941 1996 1107 2072 Justcllus,
1131 1998 1187 2062 sed

136 2089 286 2166 tempore
304 2081 525 2166 antiquissima
545 2081 571 2146 si
592 2089 785 2167 spectentur,
801 2083 854 2147 vix
873 2083 952 2148 satis
971 2089 1070 2164 recte,
1089 2105 1134 2148 soe

136 2189 270 2232 numero
291 2167 377 2232 inter
397 2168 465 2232 haec
486 2167 573 2232 faeta
595 2175 645 2233 cst
666 2169 800 2244 mentio;
825 2169 927 2255 deque
948 2169 1060 2234 ecdem
1142 2170 1189 2236 ‘cc

136 2254 242 2318 minus
261 2260 410 2319 accurate
429 2254 515 2338 loqui
534 2254 583 2318 vel
604 2253 662 2318 viri
682 2254 856 2320 doctissimi
875 2256 1036 2329 videntum
1057 2278 1118 2343 age
1135 2257 1188 2321 de-

137 2340 322 2418 scribamus,
354 2361 425 2425 quae
455 2341 494 2404 de
524 2339 577 2404 illc
610 2340 677 2426 ipse
707 2363 832 2426 quoque
865 2342 926 2406 scri
950 2343 992 2408 sit
1020 2340 1187 2407 Justellus.

138 2426 256 2491 “Sane
275 2432 401 2491 textum
419 2426 523 2510 ipsum
547 2427 694 2491 Graecum
713 2448 753 2490 ex
776 2428 862 2492 edito
882 2366 989 2493 codice
1008 2428 1099 2492 Tilii”
1119 2429 1189 2493 haec

138 2518 189 2576 cst
215 2513 380 2579 Oanonum
405 2513 590 2576 Graecorum
615 2513 712 2577 editio
738 2514 885 2599 princeps
908 2515 1023 2578 “bona
1044 2514 1107 2578 fide
1132 2537 1187 2579 ex-

139 2605 159 2634 “
171 2599 356 2684 ccrpsimus,
373 2605 406 2662 et
425 2598 499 2682 qnia
513 2598 622 2662 multis
640 2598 674 2662 in
693 2599 770 2664 locis
787 2602 956 2664 mendosus
970 2607 1049 2677 erat,
1065 2600 1190 2666 collatis

139 2693 160 2721 “
172 2691 206 2749 et
226 2685 309 2748 inter
327 2707 361 2749 se
376 2683 569 2768 comparatis
584 2686 769 2750 Graecorum
783 2686 994 2751 Oonciliornm
1011 2687 1191 2771 (Oanonum

139 2779 160 2808 “
171 2770 249 2835 edit.
268 2771 376 2852 1661.)
392 2770 552 2835 codicibus
571 2770 666 2834 editis
685 2778 720 2836 ct
738 2793 834 2836 manu
852 2772 1001 2850 exaratis,
1018 2795 1097 2857 quos
1111 2773 1189 2836 ami-

140 2864 160 2894 “
173 2877 283 2921 corum
301 2857 453 2921 beneficio
473 2856 559 2921 nacti
579 2879 696 2936 sumus,
712 2865 862 2923 accurate
876 2858 1120 2936 emendavimus,
1135 2882 1188 2923 va-

139 2943 299 3027 “riasque
319 2941 470 3006 lectiones
492 2943 534 3007 ud
557 2963 646 3006 oram
667 2943 920 3029 adscripsimus.”
964 2945 1046 3009 Haec
1067 2945 1124 3009 vir.
1148 2944 1187 3010 cl.

138 3029 202 3092 fine
226 3029 429 3093 Prael'ationis
450 3027 483 3091 in
508 3028 647 3093 Coclitem
672 3031 832 3095 Carceres
852 3031 996 3096 Eamne
1024 3031 1188 3110 Unicersae,

139 3115 217 3180 edit.
234 3114 336 3179 Paris.
358 3135 442 3178 anno
460 3116 552 3178 1610.
598 3117 644 3180 Et
661 3117 813 3201 profecto,
833 3139 1035 3202 quoscunque
1053 3139 1191 3182 canones

140 3207 214 3286 post
231 3200 392 3264 «loannem
413 3199 528 3264 Tilium
548 3201 648 3267 edidit
667 3202 692 3265 J
693 3202 835 3277 ustellus,
855 3203 996 3288 exceptis
1016 3203 1076 3267 illis
1098 3225 1190 3288 syno-

140 3287 255 3351 dorum
277 3285 435 3352 Trullanse
457 3293 492 3351 et
513 3287 652 3353 Nicaenae
673 3289 829 3368 secundm,
845 3289 941 3354 iidem
962 3289 1067 3355 medic
1085 3290 1191 3354 seculo

140 3394 226 3437 nono
247 3395 268 3437 a
283 3371 390 3437 Leone
413 3373 472 3436 IV.
495 3395 580 3459 papa
600 3375 634 3438 in
656 3375 803 3460 Epistola
822 3375 864 3440 nd
883 3377 1047 3463 episcopos
1063 3375 1191 3441 Britan-

140 3480 255 3523 norum
278 3464 433 3544 tanquam
456 3460 576 3544 recepti
599 3482 637 3524 ac
663 3462 804 3527 valentes
828 3470 1060 3548 proponuntur.
1107 3462 1192 3527 Vide

141 3543 332 3630 Epistolem,
356 3565 426 3630 quse
449 3545 482 3608 in
504 3546 639 3610 Ocdicem
659 3549 808 3612 θναιίαιιὶ
828 3549 931 3613 relata
952 3556 1011 3627 cst,
1035 3548 1120 3613 Dist.
1139 3566 1189 3613 20.

140 3652 211 3714 cap.
234 3651 261 3694 1.
307 3629 538 3696 Verumtamen
563 3632 689 3696 nomine
714 3635 879 3699 Ganonum
905 3657 960 3700 seu
988 3635 1193 3700 Statutcrum

142 3717 376 3802 Ephesinorum
394 3717 518 3803 aliquos
534 3717 639 3783 minus
657 3727 745 3784 recte
761 3720 810 3784 ita
829 3721 1005 3806 appellatos
1022 3719 1193 3805 significari

141 3825 162 3867 a
186 3802 301 3878 Leone,
328 3803 408 3867 alios
433 3825 529 3888 quam
554 3804 624 3868 illos
648 3827 669 3869 a
694 3806 816 3871 Graecis
839 3814 994 3893 receptos,
1020 3806 1194 3871 ostendunt

141 3895 265 3953 veteres
285 3887 409 3954 Latinas
428 3911 585 3954 canonum
601 3890 892 3977 interpretationes.
929 3893 1013 3957 Vide
1028 3899 1096 3957 not.
1110 3892 1194 3957 inira

141 3975 184 4040 ad
200 3974 346 4040 (lenones
361 3975 547 4060 Ephesinos.

188 4059 270 4125 Ibid.
286 4061 306 4124 l.
319 4081 350 4146 5.
373 4067 432 4125 τῶν
453 4061 513 4125 ἀπὸ
535 4066 587 4141 τῆς
609 4063 784 4150 ἐκκλησίας]
809 4064 943 4130 Habent
965 4064 1106 4131 concilia
1126 4065 1192 4129 rot-

142 4172 203 4211 ruv
216 4168 276 4232 pro
291 4153 359 4224 τῶν,
375 4146 563 4232 conjiciente
577 4155 686 4214 tamen
700 4151 744 4214 ad
757 4173 856 4237 marg.
871 4151 1012 4216 Labbaeo
1026 4151 1195 4237 legendum

144 4255 213 4297 esse
228 4239 306 4308 τῶν;
329 4233 416 4318 quod
431 4233 559 4334 quidem
573 4243 684 4300 extare
699 4237 733 4299 in
748 4237 820 4302 MS.
836 4243 870 4302 et
884 4238 971 4322 apud
985 4239 1146 4302 Zonaram
1160 4242 1195 4302 ct

143 4318 376 4400 Balscmoncm
395 4319 488 4385 addrt
508 4320 706 4388 Harduinus.
752 4323 903 4390 Praebent
917 4323 1005 4388 istud
1019 4328 1079 4387 τῶν
1093 4323 1195 4389 Oano-
