2867 4817
283 321 350 395 296.
460 323 659 391 ARNOBII
687 324 936 389 ADVERSUS
959 326 1149 391 GENTES

281 499 320 569 iri
341 522 379 569 se
402 500 531 594 porrigi
554 500 599 571 ab
626 500 839 572 immanibus
858 522 960 593 passa
984 510 1041 572 est
1061 501 1332 594 durioeimisqne

280 611 494 699 latronibue;
526 636 593 686 nec
623 615 859 709 reputandum
888 617 1029 709 putavit
1061 616 1148 710 quid
1179 616 1330 687 illorum

280 730 496 825 designasset
521 732 676 815 audacia,
700 731 893 803 dummodo
915 733 987 803 suis
1009 732 1213 804 ostenderet
1235 733 1330 825 quid

280 847 325 919 ab
342 869 418 919 sese
440 856 628 941 expectare
651 848 821 919 deberent
838 846 931 942 (sor.
948 850 1134 942 expectari
1149 848 1328 939 deberet).

280 963 373 1037 Cum
388 966 484 1035 enirn
502 966 546 1037 de
569 966 766 1037 animarum
787 964 951 1057 perieulis
966 964 1082 1037 multa
1102 965 1328 1037 medelarum

280 1078 375 1176 (sor.
400 1081 593 1153 multarum
618 1081 851 1174 medelarum)
876 1093 1000 1153 contra
1020 1083 1229 1165 insinuator,
1248 1104 1327 1155 ma-

277 1198 388 1290 gister
419 1206 526 1289 atque
559 1206 692 1281 auctor,
725 1197 771 1271 ad
804 1198 997 1268 officiorum
1033 1198 1324 1269 convenientium

278 1313 365 1386 fines
388 1336 466 1385 suas
489 1313 586 1408 leges
603 1322 642 1383 et
664 1314 860 1383 constituta
882 1314 1032 1396 direxit;
1056 1336 1128 1384 non
1150 1312 1324 1405 superbie

278 1432 408 1505 fastum
425 1430 656 1502 comminuit?
677 1452 749 1501 non
766 1419 952 1501 libidinum
969 1431 1124 1501 extinxit
1136 1429 1324 1501 flammas?

277 1570 349 1621 uon
370 1546 508 1619 hiatum
531 1548 738 1639 compressit
759 1547 961 1618 ariditatis?
986 1568 1059 1617 non
1075 1544 1149 1616 tela
1170 1546 1325 1616 extorsit

278 1688 299 1739 e
321 1664 491 1747 manibus,
509 1672 615 1756 atque
638 1664 757 1736 omnia
778 1663 965 1733 seminaria
984 1664 1096 1733 totius
1117 1663 1324 1733 vitiositatis

277 1779 448 1852 abscidit?
478 1778 560 1873 Ipse
583 1780 735 1871 denique
756 1800 829 1849 non
850 1776 951 1861 lenis,
968 1800 1041 1848 non
1061 1776 1232 1869 placidus,
1249 1800 1324 1847 non

276 1919 419 1968 accessu
444 1896 566 1981 facilis,
590 1918 662 1966 uon
689 1893 869 1966 familiaris
898 1894 1017 1977 affatu,
1046 1917 1118 1964 non
1147 1893 1325 1966 humanas

275 2014 432 2085 miserias
453 2012 682 2095 indolescens,
698 2033 822 2083 omnes
843 2012 987 2081 omnino
1003 2012 1166 2082 crucibus
1182 2019 1221 2082 et
1244 2034 1325 2083 cor-

276 2128 452 2223 poralibus
474 2127 618 2200 affectos
641 2126 743 2199 malis
762 2126 868 2198 unica
887 2125 950 2199 illa
971 2126 1192 2221 benignitate
1214 2128 1325 2199 mise·

275 2256 372 2323 ratus
388 2245 541 2317 reddidit
558 2253 596 2315 et
611 2246 768 2316 restituit
784 2244 951 2315 sanitati?

326 2362 468 2435 LXIV.
485 2361 582 2446 Quid
599 2384 684 2456 ergo
705 2384 769 2432 ros
792 2360 935 2455 subigit,
952 2360 1038 2453 quid
1059 2359 1223 2430 hortatur
1244 2384 1324 2431 nra·

274 2480 435 2563 ledicere,
464 2479 657 2561 convitiari,
686 2476 917 2571 inexpiabiles
944 2499 1029 2547 cum
1055 2498 1100 2546 eo
1134 2498 1322 2548 conserere

275 2595 495 2680 simultates;
528 2618 633 2687 quem
669 2596 888 2689 redarguere,
915 2614 1022 2687 quem
1055 2600 1178 2663 tenere
1210 2615 1322 2665 nemo

273 2712 457 2785 bominum
476 2714 587 2805 possit
609 2710 715 2783 ullius
732 2712 895 2783 facinoris
916 2710 955 2780 in
970 2710 1095 2781 reatu?
1124 2710 1318 2803 Tyrannos,

272 2850 314 2899 ac
330 2850 430 2922 reges
447 2838 590 2911 vestros,
607 2831 667 2922 qui
684 2829 878 2922 postposito
895 2828 1042 2899 deorum
1057 2836 1158 2897 metu
1170 2827 1320 2899 donaria

273 2944 423 3037 spoliant
456 2944 739 3039 populanturque
771 2944 1007 3037 templorum:
1049 2945 1110 3037 qui
1142 2947 1320 3039 proscrip-

272 3062 435 3144 tionibus,
461 3061 585 3145 exiliis,
612 3062 764 3133 caedibus
792 3063 928 3133 nudant
956 3059 1202 3133 nobilitatibus
1229 3064 1318 3133 civi·

272 3186 383 3249 tates:
422 3179 482 3270 qui
515 3187 756 3249 matronarum
788 3180 959 3272 pudorem
992 3201 1035 3249 ao
1067 3179 1245 3272 virginum
1279 3180 1316 3250 ri

271 3295 444 3367 subruunt
472 3303 579 3387 atque
609 3295 764 3389 eripiunt
791 3293 985 3379 licentiosa,
1008 3293 1194 3387 appellatis
1223 3298 1317 3369 indi·

270 3422 380 3507 getes,
403 3418 510 3504 atque
535 3412 652 3484 diros:
682 3420 721 3483 et
745 3436 832 3505 quos
856 3414 945 3484 odiis
969 3412 1160 3483 acrioribus
1184 3436 1315 3485 conve-

270 3528 390 3599 niebat
406 3551 428 3600 a
444 3527 543 3599 robis
559 3530 664 3623 carpi,
680 3528 930 3621 pulvinaribus,
946 3530 1025 3612 aris,
1038 3529 1190 3623 templis,
1203 3540 1312 3623 atque

270 3643 339 3717 alio
355 3647 518 3717 mactatis
534 3644 634 3717 cultu
656 3645 819 3717 ludorum
835 3655 874 3717 et
895 3645 1102 3719 celebritate
1118 3646 1311 3721 natalium:

269 3783 407 3834 necnon
422 3772 461 3833 et
475 3761 555 3833 illos
577 3764 789 3855 omnesqui
811 3762 1067 3855 conscriptione
1089 3762 1311 3835 voluminum

269 3877 477 3949 multiformi
502 3877 698 3949 maledictis
726 3878 949 3949 mordacibus
972 3885 1121 3971 carpunt
1149 3880 1311 3971 publicos

270 4015 404 4065 mores:
433 3994 494 4085 qui
517 3992 681 4077 luxurias,
702 4016 745 4065 ac
767 3994 858 4065 vitas
879 4004 1011 4065 vestras
1035 4005 1167 4077 secant,
1189 4008 1309 4081 urunt,
1429 4003 1430 4020 ¹

269 4108 479 4193 dilacerant;
509 4110 569 4203 qui
585 4110 623 4180 in
638 4113 807 4203 temporis
829 4112 961 4204 posteri
977 4120 1079 4181 notas
1094 4112 1307 4205 scriptorum

269 4226 504 4317 perpetuitate
530 4224 726 4317 prolatant:
756 4228 816 4318 qui
843 4226 1067 4299 matrimonia
1095 4230 1310 4320 persuadent
