2867 4817
499 337 729 403 EPITOME.
1070 343 1136 412 857

79 510 178 580 deos
202 519 284 582 tuos
309 512 435 596 colere,
460 514 556 605 quod
577 537 645 608 ego
669 513 758 585 mihi
782 513 1002 588 mortiferum
1032 518 1135 590 duco.

82 626 130 698 Si
149 629 284 700 bonum
300 637 365 712 est,
381 653 454 700 non
473 630 625 702 invideo.
677 630 810 702 Fruere
832 632 927 704 solus
949 634 1043 708 bono
1060 644 1133 706 tuo.

83 745 181 814 Non
197 748 364 839 estquod
387 745 474 817 velis
496 749 605 818 errori
627 770 708 818 meo
731 771 943 833 succurrere,
959 773 1066 844 quem
1077 753 1137 845 ju·

82 863 186 932 dicio
203 885 246 932 ac
269 860 452 937 voluntate
476 865 624 957 suscepi.
675 861 715 935 Si
740 864 883 949 malum,
901 867 986 959 quid
1009 890 1068 939 me
1090 868 1136 939 ad
1215 921 1224 948 .

82 979 309 1062 consortium
348 978 433 1049 mali
471 980 590 1073 rapisi
637 977 740 1053 Utere
772 989 863 1054 omae
896 991 964 1054 tua
1017 981 1134 1078 (Virg.

83 1094 174 1165 AEn.
191 1094 282 1165 XII.
300 1101 400 1191 932.)
453 1097 531 1191 Ego
556 1097 652 1169 malo
674 1099 710 1168 in
736 1098 830 1169 bono
853 1101 952 1182 mori,
969 1123 1075 1194 quam
1097 1102 1136 1171 in

83 1215 186 1285 malo
203 1216 331 1286 vivere.

489 1331 600 1403 CAP.
626 1331 727 1402 LIV.

141 1448 232 1520 Hac
249 1451 392 1542 quidem
411 1453 510 1543 justo
526 1451 596 1521 dici
617 1459 774 1543 possunt.
820 1450 893 1522 Sed
909 1451 987 1543 quis
1003 1453 1132 1538 audiet,
1252 1529 1255 1537 Δ

85 1587 173 1634 cum
198 1565 359 1636 homines
384 1565 505 1637 firriosi
531 1575 570 1636 et
597 1567 812 1659 impotentes
837 1567 950 1637 minui
974 1566 1134 1639 domina·

86 1683 227 1753 tionem
243 1705 343 1753 suam
365 1693 504 1775 putent,
521 1685 551 1755 si
571 1684 617 1754 sit
639 1683 772 1775 aliquid
794 1683 832 1753 in
848 1683 953 1754 rebus
969 1683 1133 1756 humanis

86 1797 266 1870 liberum?
293 1798 407 1892 Atqui
428 1799 552 1894 religio
574 1799 650 1871 sola
671 1807 736 1882 est,
753 1799 791 1870 iu
810 1823 881 1891 qua
905 1798 1049 1870 libertas
1073 1802 1135 1870 do·

87 1915 263 1986 micilium
296 1915 505 1988 collocavit:
539 1940 595 1988 res
627 1926 683 1988 est
711 1918 808 1988 enim
836 1924 963 2008 prater
991 1925 1133 1988 oaeteras

89 2030 298 2117 voluntaria,
327 2057 395 2105 nec
427 2035 561 2127 imponi
587 2034 753 2126 cuiquam
782 2033 971 2104 necessitas
1003 2041 1132 2125 potest,

90 2158 133 2220 ut
155 2151 259 2234 colat,
276 2154 370 2243 qnod
393 2174 465 2223 uon
486 2151 575 2222 vult.
627 2149 753 2221 Potest
775 2149 901 2242 aliquis
923 2149 1068 2222 forsitan
1088 2151 1134 2221 si-

88 2267 236 2351 mulare,
253 2292 325 2339 non
350 2278 468 2362 potest
490 2268 593 2340 velle.
644 2267 809 2360 Denique
834 2289 917 2337 cum
941 2277 1041 2337 metu
1060 2275 1133 2337 tor-

89 2393 293 2456 mentorum
309 2385 417 2478 aliqui
439 2395 503 2456 aut
524 2385 737 2457 cruciatibus
760 2385 845 2454 victi
868 2384 912 2455 ad
936 2384 1133 2456 execranda

90 2503 260 2574 sacrificia
281 2504 531 2588 consenserint,
551 2525 732 2595 nunquam
752 2501 848 2572 ultro
870 2501 1014 2584 faciunt,
1037 2502 1132 2593 quod

91 2621 301 2692 necessitate
325 2621 496 2703 fecerunt,
523 2621 596 2702 sed,
625 2620 709 2690 data
738 2640 856 2689 mrsus
882 2617 1062 2702 facultate,
1090 2641 1133 2688 ac

90 2737 229 2808 reddita
244 2737 421 2822 libertate,
436 2739 594 2810 referunt
610 2759 649 2806 se
672 2737 718 2806 ad
740 2734 869 2818 Deum,
887 2758 1039 2827 eumque
1055 2759 1133 2828 prc-

91 2854 191 2925 cibus
216 2863 255 2925 st
279 2854 466 2948 lachrymis
490 2853 641 2947 placant,
664 2860 810 2946 agentes
835 2874 907 2923 non
932 2851 1133 2935 voluntatis,

92 2995 196 3064 quam
219 2996 290 3043 non
316 2973 527 3052 habuerunt,
544 2971 606 3041 sed
629 2968 858 3050 necessitatis,
883 2989 988 3060 quam
1015 2975 1134 3060 pertu-

91 3087 218 3171 lcmnt,
247 3089 514 3182 poenitentiam
547 3096 585 3156 ct
614 3087 717 3156 venia
742 3083 1036 3155 satisfacientibus
1061 3107 1133 3156 non

93 3214 251 3299 negatur.
303 3205 399 3289 Quid
416 3227 500 3299 ergo
520 3212 713 3295 promovet,
731 3204 792 3295 qui
814 3193 951 3295 corpus
962 3201 1131 3293 inquinat,

94 3323 231 3413 quando
257 3324 447 3393 immutare
473 3343 545 3391 uon
566 3327 685 3413 potest
708 3318 953 3390 voluntatem?
983 3316 1131 3388 Atenim

94 3436 250 3510 homines
282 3439 395 3509 inanis
432 3437 576 3519 cerebri,
610 3437 639 3506 si
679 3459 785 3529 quem
819 3436 911 3506 forte
949 3435 1132 3529 adegerint

95 3553 200 3626 libare
242 3557 308 3626 diis
345 3557 428 3639 suis,
471 3553 667 3625 incredibili
711 3553 894 3625 alacritate
939 3550 1131 3624 insolenter

95 3671 264 3756 exultant,
304 3682 352 3754 et,
385 3673 483 3764 quasi
522 3671 662 3742 hostem
701 3671 767 3743 sub
797 3670 926 3764 jugum
960 3670 1129 3751 miserint,

95 3789 256 3883 gaudent.
324 3789 364 3859 Si
407 3812 490 3860 vero
530 3788 657 3881 aliquis
697 3811 764 3858 nac
804 3787 909 3858 minis
947 3809 1012 3856 nec
1055 3796 1128 3856 tor·

96 3907 220 3977 mentis
248 3909 402 3988 territus,
431 3907 650 3977 lidem'vitae
681 3905 856 3976 anteferre
888 3902 1061 3984 maluerit,
1091 3903 1127 3974 in

95 4024 184 4095 hunc
212 4026 393 4117 ingenium
424 4046 527 4096 suum
554 4023 742 4094 crudelitas
772 4023 895 4105 exerit,
924 4021 1067 4092 infanda
1092 4031 1129 4092 et

96 4140 325 4212 intolerabilia
344 4141 500 4224 molitur,
523 4149 561 4211 et
585 4142 668 4232 quia
691 4142 817 4223 sciunt,
842 4138 1027 4234 gloriosam
1053 4164 1130 4211 esse

96 4283 153 4351 pro
178 4259 258 4329 Deo
281 4267 445 4340 mortem,
469 4268 508 4329 at
537 4257 627 4328 hanc
656 4259 758 4329 nobis
782 4281 857 4330 esse
882 4257 1074 4342 victoriam,
1100 4260 1128 4329 si

570 4393 587 4434 z
604 4393 621 4435 z
638 4391 657 4435 2
