2867 4817
199 348 249 412 IN
270 348 458 413 FIRMIL.
482 348 551 412 AD
576 350 609 412 S.
633 348 862 414 CYPRIAN.
885 349 1038 415 EPIST.
1083 346 1146 413 261

108 518 747 692 :ttssttttttttttttttttt
754 520 1150 672 mdii'tt'id

109 690 240 756 leotionie
256 692 375 756 ibidem
399 698 525 758 notata.
569 692 730 758 Gaeternm
746 692 1003 757 additamentum
1020 692 1107 770 illud,
1122 700 1152 756 at

108 779 252 861 apiriam
273 780 421 843 &adam
440 778 474 841 in
493 778 587 843 oodd.
610 778 749 864 quinque
766 800 803 842 re
842 785 929 843 rtum
947 778 1044 842 irrisae
1065 778 1151 841 novi-

110 884 173 927 nna
193 886 232 928 ox
257 865 327 928 ead.
347 864 498 929 editione.
542 864 693 929 Ostendit
712 885 788 929 vero
833 865 862 929 ’o
882 864 951 949 ipae
974 862 1152 927 Firmiliani

110 948 187 1047 loona
206 957 294 1014 reete
315 949 452 1015 sensisse
473 951 513 1014 de
535 950 635 1015 Patre
660 950 806 1035 Filioque
826 951 886 1015 hoe
907 949 1036 1035 quidem
1057 950 1152 1014 Mon-

146 1121 181 1184 Ρ.
195 1128 266 1200 246.
282 1120 303 1185 Ι.
316 1142 347 1205 9.
372 1120 445 1185 Non
464 1121 561 1185 modo
580 1122 704 1205 dieunt]
730 1121 786 1185 Ad
805 1122 904 1187 verba
922 1122 1095 1207 superiora,
1115 1122 1153 1186 ia

107 1228 200 1269 mern
211 1229 335 1271 nantem
353 1206 510 1285 hademar,
526 1208 595 1271 haeo
614 1206 783 1272 adnotavit
801 1206 960 1271 Baluziua.
990 1207 1043 1271 Sio
1059 1208 1152 1273 reati·

107 1291 216 1357 tnimua
242 1294 327 1356 huno
356 1292 462 1357 loonm
489 1294 684 1358 auctoritate
709 1292 827 1358 vetusti
856 1294 974 1358 oodiois
998 1293 1152 1379 Compen-

107 1378 214 1443 dienain
224 1385 259 1443 et
271 1378 467 1454 Michaelini
479 1379 513 1442 in
524 1380 638 1464 quibn'n
649 1400 711 1443 vox
725 1378 873 1443 dotentur
882 1384 934 1444 eet
944 1379 1151 1465 transposita,

107 1464 157 1527 red
170 1470 277 1529 tamen
297 1486 370 1529 oum
390 1472 470 1529 nota
488 1466 588 1530 veteri
603 1486 674 1551 qnae
694 1466 836 1530 ostendit
854 1465 910 1529 nbi
931 1466 1080 1550 ponenda
1098 1466 1152 1543 eit,

106 1550 245 1615 nimirum
260 1558 336 1636 poet
354 1572 467 1615 vooem
482 1572 614 1615 trenaro.
659 1551 778 1636 Itaque
793 1552 880 1617 eadit
897 1552 1082 1636 conjectura
1098 1551 1153 1615 Ri-

105 1635 189 1721 galtii
205 1637 291 1700 huno
309 1637 415 1700 locum
434 1637 643 1702 emendantis.
666 1636 785 1701 Banna.
830 1638 911 1703 Onm
927 1645 1002 1723 poet
1021 1638 1152 1701 verbnm

105 1719 234 1787 odieroat
246 1723 355 1808 posita
368 1728 453 1787 esset
467 1730 544 1787 ante
558 1721 678 1787 Balnzii
694 1722 905 1788 mutationem
918 1744 980 1787 vox
994 1721 1151 1800 tadmor,

106 1806 258 1893 Rigaitina
271 1808 378 1873 loeum
397 1809 442 1873 eia
462 1810 693 1873 emendandum
711 1807 821 1885 voluit,
837 1808 971 1873 Habent
989 1830 1049 1872 ema
1067 1808 1153 1873 modo

106 1892 224 1959 diseunt
239 1894 476 1959 molammtam.
521 1894 627 1959 Affert
642 1916 717 1959 vero
732 1893 841 1958 Fellua
854 1894 983 1981 longam
996 1895 1054 1959 ned
1072 1895 1154 1959 satia

105 1988 280 2045 eontortam
309 1980 607 2065 interpretationem
635 1980 813 2054 verborum,
841 2002 903 2044 eoa
929 1980 1016 2043 modo
1045 1977 1154 2044 dicant

105 2066 336 2131 mhmmtmn.
382 2066 496 2130 Ausim
510 2088 587 2153 ergo
600 2088 764 2151 reponere,
780 2066 855 2129 Non
871 2066 1029 2133 modioum
1043 2066 1152 2130 aneha-

105 2162 249 2226 Μίνω
285 2153 407 2229 Graeoe,
432 2154 478 2217 Οὐ
502 2154 622 2235 μέτριον
644 2151 748 2234 κέρδος
772 2154 914 2232 tandeim
938 2154 988 2216 καὶ
1012 2155 1150 2219 πίστεως.

106 2234 225 2303 Extant
247 2260 352 2316 voees,
375 2259 436 2301 aon
460 2239 609 2302 modicam
634 2260 733 2323 supra
761 2239 792 2320 ξ.
810 2258 860 2303 12.
906 2238 953 2303 Et
981 2244 1152 2323 postquam

106 2321 168 2387 haeo
191 2324 314 2409 scripsi,
337 2324 412 2387 vinis
436 2324 564 2389 Marani
585 2324 690 2389 verbis
711 2325 840 2424 gavisus
864 2346 943 2402 enm,
965 2324 1051 2409 quod
1075 2332 1152 2389 ante

105 2428 152 2471 rne
164 2411 276 2474 eodem
290 2410 358 2475 fere
372 2411 467 2475 modo
481 2410 508 2475 ie
522 2410 626 2474 loenm
640 2432 799 2496 oorrrgere
813 2410 973 2475 voluisset.
1009 2409 1151 2473 “Alium

107 2500 125 2529 “
137 2494 248 2573 locum,
264 2496 379 2580 inquit,
394 2494 486 2581 longe
500 2496 706 2561 diffieiliorem
723 2496 894 2559 emendare
907 2496 1056 2560 oonabor.
1100 2494 1151 2559 De

107 2587 124 2615 “
138 2581 174 2645 iie
198 2582 253 2667 qui
278 2581 357 2645 forie
381 2581 536 2666 baptizati
564 2582 632 2646 eine
657 2603 740 2645 novo
767 2582 928 2665 baptismo
957 2582 991 2645 in
1018 2580 1151 2645 eoeleeia

107 2672 124 2700 ‘⁶
137 2668 292 2744 obierunt,
323 2667 368 2732 sio
397 2668 513 2733 statuit
542 2667 755 2731 Firmilianun
809 2668 849 2731 Si
876 2668 914 2732 da
941 2666 1151 2731 mono-mn

107 2758 125 2787 ‘⁶
136 2763 203 2817 aar
215 2762 311 2817 morae
318 2753 480 2837 preventi.
525 2753 700 2818 Existimat
723 2752 883 2838 Rigaltiue
896 2752 1027 2817 verbnm
1045 2750 1153 2816 tatoni

107 2844 126 2873 “
139 2839 356 2924 reponendum
372 2846 447 2924 poet
465 2837 620 2920 dotentur,
637 2846 671 2904 et
689 2839 736 2903 eie
752 2840 920 2903 emendat:
945 2838 1080 2902 Habent
1092 2859 1153 2902 noa

107 2930 126 2958 ‘⁸
138 2924 223 2989 modo
244 2924 372 2989 diseunt
392 2925 619 2989 emolamentmn
643 2925 783 2991 oee'itotie
802 2934 831 2989 et
846 2926 947 3009 fidei:
973 2924 1030 2988 md
1051 2923 1153 2988 multo

107 3016 126 3043 ‘⁸
138 3010 244 3095 aptius
258 3009 319 3096 legi
334 3018 453 3111 posset,
468 3009 590 3075 Hatera
602 3033 662 3075 noa
679 3011 832 3075 matam
845 3011 1078 3087 emolamentum,
1094 3031 1154 3094 pro

108 3095 655 3161 “aoemododaoontordooanwdo
673 3096 823 3161 demat?
853 3096 935 3161 Haeo
950 3095 1153 3160 Marannain

114 3180 172 3245 Va.
187 3182 221 3244 S.
234 3182 387 3267 Cypriani
407 3182 534 3264 §.xxxi
548 3205 580 3267 p.
592 3182 694 3247 oxviii.
739 3181 803 3247 Sed
823 3182 910 3247 haud
929 3202 1056 3247 neoeaae
1072 3203 1151 3260 eoae,

106 3274 142 3331 nt
154 3267 294 3331 addatur
306 3266 423 3345 dotent,
439 3268 560 3353 opinor.

148 3352 186 3416 P.
202 3370 273 3436 247.
289 3351 310 3416 l.
326 3373 354 3416 1.
375 3354 564 3419 neeeasitate
578 3352 807 3437 persecutionis
820 3359 953 3418 eoaetne
970 3353 1150 3438 euooubuit]

109 3436 178 3515 Hio,
208 3439 294 3524 qnod
323 3446 451 3503 oonetat
479 3461 520 3503 ex
549 3437 773 3523 superioribus,
800 3437 933 3504 elerieue
958 3438 1151 3525 designatur.

108 3522 242 3589 Gloriam
256 3530 367 3589 autern
381 3524 488 3610 lapsus
498 3524 611 3589 ordine
621 3546 712 3587 saera
726 3524 846 3589 moveri
856 3525 970 3590 nolitne
979 3532 1039 3598 eet,
1051 3546 1154 3610 neque

108 3608 136 3671 ei
149 3608 245 3687 liouit,
261 3618 300 3675 ut
314 3610 499 3694 baptizandi
512 3610 611 3673 ritum
625 3610 875 3675 administraret.

150 3694 230 3760 Ibid.
252 3696 273 3759 l.
285 3714 317 3796 3.
343 3696 475 3760 Patrem
496 3704 530 3760 et
552 3695 656 3795 Deum
676 3695 907 3796 Ohriati]·lata
927 3694 972 3797 aio
992 3702 1155 3796 ponuntur

109 3780 1155 3953 ttttttmt÷tt⁸.3ttt⁰ttttttttztttttdtttt

111 3948 356 4036 Anglioanorum
374 3952 571 4036 praeferenda
590 3952 641 4030 eit,
661 3952 714 4037 qui
759 3974 797 4017 ro
819 3953 934 4018 Christi
952 3953 1073 4016 habent
1091 3953 1154 4017 Do-

109 4036 223 4099 miam
241 4047 387 4101 nuaram.
431 4040 481 4102 At
501 4038 528 4102 ei
548 4060 587 4103 ea
606 4036 700 4102 leotio
722 3976 837 4123 piacet,
852 4038 994 4104 tollenda
1013 4045 1063 4102 eat
1082 4059 1156 4101 eon·

106 4119 237 4271 jerplnptpp.
283 4122 322 4186 In
338 4145 493 4274 nppmrpeo
507 4123 628 4273 digitur
647 4123 1066 4274 ξωηίὒιιῶῄθᾜιώξέιυι.
1103 4122 1156 4187 Ex

230 4228 300 4271 ron.
321 4230 358 4271 oo
467 4230 507 4272 ex
543 4231 579 4274 re
598 4230 653 4273 ver
675 4230 695 4274 a
808 4231 830 4273 a
1004 4230 1065 4285 aaa,
1080 4230 1155 4285 non,

111 4292 214 4359 nteit
234 4292 387 4373 Baluziua
410 4294 579 4359 Dorniaom
598 4304 733 4359 morem
757 4296 791 4359 in
814 4296 905 4359 oodd.
930 4295 988 4359 Ar.
1014 4301 1049 4357 et
1075 4294 1157 4357 Novi
