2867 4817
284 342 343 410 viii
675 343 925 418 LECTORI.

287 540 376 620 noti
417 540 491 623 tibi
531 540 647 636 fiant,
687 543 833 641 dicam,
866 545 940 653 qui
978 545 1064 627 sint
1100 546 1254 658 singuli
1292 561 1337 631 et

288 714 441 770 omnes.
505 688 569 769 De
599 688 760 770 unitate
789 689 943 773 Divina
966 703 1011 773 et
1037 690 1134 773 Filii
1162 720 1337 803 persona

288 832 461 941 exponit
476 832 514 913 S.
528 830 750 943 Hippolyti
762 832 868 916 liber
883 833 955 917 ille
969 847 1115 919 contra
1132 837 1332 921 Noetum.

288 976 471 1059 Haeresis
516 1006 614 1059 vero
655 978 886 1089 omnigenae
933 1008 1019 1089 prae
1061 981 1336 1067 ecelesiastica

286 1121 475 1205 doctrina
517 1123 755 1220 novitatem,
791 1136 836 1205 et
877 1126 995 1233 quasi
1039 1128 1336 1235 posteritatem,

285 1267 469 1349 ostendit
498 1266 808 1377 Fragmentum,
836 1269 951 1378 quod
979 1281 1106 1367 extat,
1134 1271 1336 1381 Epistolae

284 1413 323 1493 S.
344 1411 491 1493 Irenaei
511 1413 565 1493 ad
583 1410 812 1509 Florinum,
826 1422 917 1493 tum
934 1439 1030 1494 vero
1044 1412 1178 1495 fusius
1196 1417 1337 1525 arguit

284 1555 388 1639 liber
420 1556 473 1639 de
504 1555 815 1666 Praeseriptione
845 1556 1152 1639 Haereticorum
1179 1588 1205 1641 a
1230 1560 1336 1643 Ter-

284 1699 461 1782 tulliano
490 1700 678 1809 scriptus.
738 1700 947 1781 Adversus
972 1728 1053 1797 eos,
1075 1702 1149 1811 qui
1177 1719 1335 1812 negent

284 1845 327 1925 in
353 1856 608 1926 sacramento
636 1844 817 1953 corporis
845 1856 889 1925 et
919 1842 1133 1952 sanguinis
1159 1844 1334 1929 Domini

250 2036 252 2043 =
283 1988 421 2071 adhue
440 2015 606 2070 manere
625 1987 926 2069 elementorum
946 1988 1231 2084 substantiam,
1245 1988 1334 2072 sive

284 2147 486 2229 naturam,
519 2131 588 2215 hie
619 2130 757 2228 habes,
787 2142 935 2239 praeter
971 2129 1093 2233 ῥήσεις
1125 2129 1226 2215 alias
1258 2136 1332 2217 ad-

281 2277 438 2373 ductas,
481 2278 562 2359 tria
603 2276 831 2385 praesertim
875 2276 1026 2357 veteris
1069 2275 1168 2360 fidei
1214 2280 1329 2359 testi-

281 2421 445 2515 monia3
494 2449 672 2530 quorum
711 2448 844 2502 unum
877 2420 1147 2531 desumptum
1180 2435 1244 2505 est
1277 2452 1330 2506 ex

282 2564 471 2675 Epistola
489 2566 543 2647 ad
562 2564 789 2647 Caesarium
812 2563 1062 2646 monachum
1088 2564 1133 2645 in
1153 2594 1330 2650 numero

280 2712 526 2822 scriptorum
560 2711 599 2791 S.
622 2708 905 2818 Chrysostomi
943 2707 1086 2790 habita
1119 2708 1185 2791 vel
1220 2712 1330 2795 anti-

279 2857 446 2967 quitus3
487 2855 665 2938 alterum
699 2865 869 2964 praestat
896 2854 1001 2936 liber
1023 2853 1179 2937 Gelasii
1207 2884 1328 2967 papae

277 3002 330 3085 de
360 3000 535 3082 Duabus
553 2997 709 3081 Christi
739 2996 936 3091 Naturis;
965 3010 1081 3079 extat
1108 3026 1205 3081 eum
1233 2999 1328 3109 plu-

278 3147 391 3227 ribus
410 3144 581 3227 tertium
610 3144 655 3224 in
676 3140 841 3224 AElfriei
869 3140 1197 3251 AngloSaxonis
1224 3144 1327 3255 Epi·
1413 3205 1414 3220 a

274 3290 402 3375 stolis.
463 3290 591 3375 Porro
629 3286 889 3370 ethnicorum
928 3286 1243 3396 superstitiones
1281 3304 1326 3374 et
1412 3343 1413 3360 r

273 3438 394 3519 docte
423 3446 466 3517 et
493 3432 704 3542 eleganter
733 3431 958 3513 insectatus
981 3444 1044 3513 est
1065 3433 1104 3513 S.
1119 3433 1322 3543 Cypriani
1411 3473 1412 3498 r

274 3582 327 3663 de
358 3577 570 3661 Idolorum
602 3576 799 3657 Vanitate
827 3572 1003 3657 libellus.
1061 3575 1258 3685 Denique
1287 3579 1321 3658 si
1410 3595 1411 3636 l

274 3724 349 3805 tibi
379 3732 591 3832 quaeratur
619 3719 734 3815 fides,
758 3731 847 3800 tum
876 3745 972 3800 vero
1001 3717 1229 3828 disciplina,
1257 3747 1321 3801 ee·
1409 3733 1410 3774 r

271 3870 404 3955 elesiae
424 3869 637 3964 universae,
653 3880 831 3974 utraque
850 3865 894 3945 in
909 3864 1113 3973 Symbolis
1127 3879 1171 3949 et
1185 3869 1320 3949 Cano-

271 4018 393 4098 nibus
412 4010 692 4095 Consiliorum
713 4011 903 4100 Quatuor
927 4009 1162 4093 Primorum
1181 4014 1319 4094 Gene-
1407 3991 1408 4052 l

270 4160 419 4244 ralium
439 4158 647 4241 αὐθεντικῶς
666 4156 820 4237 tradita
838 4167 1034 4237 servatur.
