2867 4817
290 318 355 386 286
667 317 954 386 FIRMILIANI

290 494 450 566 haeretici
467 504 584 590 agant,
601 498 661 588 qui
680 496 747 567 etsi
764 497 802 565 in
819 494 1028 587 quibusdam
1054 491 1248 564 minoribus
1265 490 1338 561 dis·

291 616 447 702 crepant,
464 612 502 681 in
527 634 570 683 eo
595 620 716 682 tamen
739 612 835 704 quod
860 616 916 681 est
935 608 1142 689 maximum,
1159 630 1271 676 unum
1297 615 1338 676 et

290 726 443 796 eundem
468 749 677 798 consensum
703 735 838 809 tenent,
855 734 897 795 ut
920 723 1166 816 blasphement
1189 723 1339 794 Creato-

289 864 375 925 rem,
393 844 553 934 quoedam
570 844 707 913 somnia
722 843 790 913 sibi
806 848 845 913 et
860 841 1109 935 phantasmata
1132 840 1246 934 ignoti
1263 838 1336 909 Dei

289 957 550 1052 confingentes:
576 980 664 1050 quos
690 959 815 1049 utique
844 978 1062 1049 consequens
1089 964 1145 1027 est
1173 957 1223 1026 sic
1251 977 1365 1037 con-5

288 1074 419 1143 sentire
448 1073 486 1143 in
511 1074 678 1167 baptismi
703 1075 758 1144 sui
782 1075 950 1157 vanitate,
979 1082 1021 1143 ut
1045 1075 1272 1144 consentiunt
1297 1075 1338 1143 in

288 1190 506 1283 repudianda
522 1192 716 1261 divinitatis
735 1192 894 1261 veritate.
947 1189 1005 1260 De
1022 1190 1150 1282 quibus
1166 1191 1337 1281 quoniam

288 1306 435 1401 longum
453 1314 507 1377 est
524 1307 569 1377 ad
586 1306 726 1401 singula
741 1330 874 1390 eorum,
893 1304 950 1377 vel
967 1305 1126 1389 scelesta,
1139 1304 1196 1375 vel
1213 1328 1337 1398 super-

289 1444 401 1493 vacua
428 1423 662 1515 respondere3
688 1424 773 1493 satis
795 1431 850 1493 est
875 1422 1030 1493 breviter
1058 1408 1152 1493 illud
1172 1422 1210 1491 in
1236 1422 1337 1492 com·

288 1540 417 1631 pendio
435 1537 571 1623 dicere;
589 1562 649 1610 eos
665 1541 727 1632 qui
743 1562 815 1609 non
831 1544 979 1609 teneant
995 1560 1118 1608 verum
1136 1535 1336 1608 Dominum
1350 1564 1388 1603 ιο

289 1653 443 1741 Patrem,
470 1666 593 1728 tenere
623 1680 694 1726 nou
725 1679 836 1750 posse,
867 1678 934 1726 nec
965 1654 1045 1725 Filii
1079 1678 1146 1725 nec
1179 1654 1336 1747 Spiritus

289 1770 411 1843 Sancti
430 1773 626 1843 veritatem.
658 1772 863 1843 Secundum
881 1773 976 1864 quod
993 1772 1102 1842 etiam
1118 1770 1170 1839 illi
1188 1771 1249 1862 qni
1266 1770 1336 1839 Ca·

288 1889 476 1982 taphrygas
501 1888 733 1981 appellantur,
752 1897 789 1959 et
806 1910 915 1959 novas
939 1887 1140 1980 prophetias
1165 1908 1336 1978 usurpare

288 2013 470 2086 conantur,
498 2026 563 2072 nec
590 2001 735 2074 Patrem
761 2014 910 2097 possunt
936 2004 1076 2084 habere,
1101 2024 1169 2073 nec
1191 2000 1335 2083 Filium,

287 2142 354 2190 nec
374 2119 567 2215 [Spiritum
591 2119 785 2204 Sanctum3
802 2120 871 2193 vid.
890 2118 978 2212 not]
997 2142 1019 2189 a
1038 2120 1166 2211 quibus
1189 2120 1219 2188 si
1236 2140 1385 2209 que-15

287 2258 405 2306 ramus
419 2257 526 2328 quem
543 2234 725 2306 Christum
742 2237 957 2328 praedioent3
974 2235 1238 2329 respondebunt
1249 2259 1335 2306 eum

288 2374 326 2423 se
352 2352 544 2445 praedicare
571 2352 631 2444 qui
661 2354 798 2423 miserit
824 2352 1007 2445 Spiritum,
1027 2376 1091 2446 per
1116 2350 1336 2423 Montanum

289 2477 327 2539 et
345 2468 501 2539 Priscam
525 2468 695 2539 locutum.
748 2468 792 2538 In
818 2469 945 2560 quibus
970 2491 1053 2539 curn
1078 2469 1338 2541 animadverta-

288 2604 368 2653 mus
384 2606 455 2653 non
472 2585 632 2654 veritatis
659 2584 843 2677 Spiritum,
860 2586 921 2655 sed
948 2586 1073 2654 erroris
1098 2583 1226 2667 fuisse3
1252 2607 1339 2679 cog·

287 2700 465 2772 noscimus
489 2722 549 2770 eos
574 2700 634 2791 qui
658 2698 783 2771 falsam
808 2700 950 2771 illomm
973 2699 1195 2792 prophetiam
1211 2709 1339 2771 contra
1349 2730 1389 2769 20

289 2814 420 2885 Christi
437 2816 544 2886 fidem
564 2817 753 2899 vindicant,
770 2815 952 2886 Christum
977 2814 1109 2885 habere
1131 2838 1203 2884 non
1220 2838 1335 2907 posse.

288 2930 359 3003 Sed
376 2939 415 3002 et
431 2933 548 3003 caeteri
566 2932 697 3023 quique
721 2931 890 3013 haeretici,
908 2933 937 3001 si
962 2954 1001 3002 se
1026 2933 1072 3002 ab
1097 2930 1247 3003 ecclesia
1264 2930 1337 3003 Dei

288 3049 464 3132 sciderint,
481 3047 570 3118 nihil
587 3048 719 3120 habere
736 3048 921 3141 potestatis
939 3055 1002 3117 aut
1017 3050 1140 3141 gratia
1164 3056 1337 3140 posstmt3

288 3165 429 3255 quando
454 3166 570 3235 omnis
595 3173 752 3257 potestas
778 3174 815 3235 et
831 3165 946 3258 gratia
970 3166 1007 3234 in
1031 3163 1181 3236 ecclesia
1204 3166 1338 3236 consti-

288 3286 368 3347 tuta
397 3280 453 3362 sit,
480 3279 541 3349 ubi
565 3281 758 3372 praesident
782 3282 933 3371 majores
958 3290 1055 3362 natu,
1073 3281 1134 3372 qui
1160 3289 1198 3351 et
1220 3280 1339 3373 bapti·
1350 3314 1386 3373 25

288 3392 391 3463 zaudi
419 3402 456 3464 et
476 3416 621 3465 manum
650 3396 853 3489 imponendi
879 3404 918 3466 et
941 3397 1124 3466 ordinandi
1154 3398 1337 3489 possident

288 3518 512 3602 potestatem.
553 3510 733 3582 Haeretico
750 3513 844 3582 enim
863 3513 955 3582 sicut
972 3513 1133 3583 ordinare
1150 3513 1335 3598 nonlicet,

288 3648 354 3696 nec
380 3648 524 3696 manum
551 3628 753 3719 imponere;
779 3630 830 3698 ita
851 3650 917 3697 nec
940 3627 1130 3719 baptizare,
1147 3652 1214 3701 nec
1239 3633 1339 3723 quic-

289 3764 395 3833 quam
421 3750 542 3812 sancte
568 3766 634 3813 nec
658 3744 862 3835 spiritaliter
885 3765 1018 3837 gerere,
1036 3746 1177 3836 quando
1200 3746 1338 3819 alienus

289 3860 335 3929 sit
368 3880 391 3928 a
424 3857 570 3950 spiritali
605 3868 643 3927 et
672 3858 798 3931 deifica
831 3862 1030 3931 sanctitate.
1082 3862 1189 3947 Quod
1217 3871 1336 3934 totum
1347 3895 1386 3952 ³0

289 3998 353 4045 nos
377 3976 454 4067 jam
482 3975 618 4067 pridem
646 3976 683 4044 in
714 3972 848 4058 Iconio,
871 3978 932 4067 qni
957 3976 1121 4070 Phrygiae
1145 3977 1244 4048 locus
1271 3987 1337 4062 est,

290 4090 429 4161 collecti
447 4092 484 4161 iu
504 4112 637 4175 unum;
662 4092 955 4163 convenientibus
980 4116 1027 4163 ex
1052 4092 1204 4177 Galatia,
1221 4102 1261 4163 et
1278 4094 1340 4165 Ci-

289 4206 371 4275 licia
397 4216 434 4277 et
460 4208 596 4277 caeteris
623 4208 793 4300 proximis
815 4208 1026 4300 regionibus,
1053 4209 1340 4281 confirmavimus
