2867 4817
665 339 698 402 S.
720 282 1044 402 HIHPOLYTUS.

496 569 624 630 JOAN.
645 570 839 629 ALBERTI
862 570 1056 631 FABRICH
1078 570 1216 631 NOTAE.

369 687 543 747 ⁸Euscbius
558 686 615 747 VI.
634 706 681 746 20.
705 698 772 765 post
787 685 940 766 Beryllum
957 697 1229 746 commemoratum:
1252 688 1385 747 ὥσαῦταα

328 788 682 861 circircumscriptis
700 808 751 841 που
770 787 811 842 sol
830 787 908 844 miris
927 788 1064 861 προεστὸς
1081 787 1227 856 ἐκκλησίας.
1269 784 1383 845 Veritus

327 896 458 946 veterum
473 895 504 943 ct
518 882 680 943 recentium
695 881 810 942 deloco
824 882 1009 962 episcopatus
1027 881 1195 962 Hippolyti,
1209 902 1296 961 quem
1313 882 1384 940 Eu-

326 984 423 1045 sebius
437 993 469 1042 et
488 981 688 1060 Hieronymus
706 979 888 1059 ignorarunt,
907 979 1112 1039 bariolstioncs
1130 980 1255 1059 premisl
1273 980 1381 1060 Opus-

327 1080 401 1141 culis
413 1078 505 1140 ssncti
520 1077 665 1157 martyris,
676 1098 743 1155 qum
753 1076 874 1137 collecta
884 1078 1012 1156 junctim
1023 1076 1102 1137 edidi
1113 1077 1275 1157 Hsmburg.
1288 1080 1382 1155 1716.

327 1190 358 1237 ct
376 1177 464 1253 1718.
480 1175 594 1236 duobus
612 1175 708 1255 parvis
722 1176 810 1234 tomis
829 1174 860 1233 in
874 1174 928 1235 fol.
951 1174 1139 1234 Fassrcrus.
1182 1175 1265 1235 Inter
1281 1178 1383 1237 varias

326 1286 458 1336 veterum
473 1286 504 1334 ct
517 1274 711 1333 recentiorum
725 1272 884 1333 sententias
901 1272 937 1333 dc
952 1272 1081 1341 ccclesia,
1096 1292 1183 1351 quam
1193 1273 1382 1355 Hippolytus

326 1372 464 1443 obtinuit,
479 1370 529 1431 ills
543 1370 727 1431 verisimilior
740 1370 857 1430 videtur
867 1390 940 1439 csse,
955 1391 1022 1449 qum
1035 1390 1102 1430 eum
1118 1370 1227 1431 Portus
1237 1371 1380 1445 Romani,

326 1492 386 1531 non
414 1470 451 1530 sd
479 1469 564 1529 Ostia
588 1468 739 1549 Tyberini,
763 1467 815 1529 sed
842 1467 963 1529 celebris
978 1469 1046 1528 =hoc
1070 1468 1188 1527 nomine
1211 1469 1243 1527 in
1264 1469 1382 1530 Arabia

326 1567 459 1648 emporii,
479 1566 565 1627 hodic
579 1568 687 1637 Auem,
702 1566 869 1646 episcopum
890 1566 970 1626 facit.
1012 1565 1171 1626 Abulidcm
1191 1565 1293 1625 Roma
1311 1569 1381 1648 epi.

326 1685 446 1745 scopum
467 1664 581 1724 Arabes
604 1675 718 1733 vocant,
739 1663 811 1723 Vid.
831 1662 1003 1742 Catalogum
1031 1662 1190 1741 Ebsdjcsu,
1211 1685 1274 1744 cup.
1296 1664 1378 1725 v11.

326 1762 545 1832 vanissimus,
569 1772 639 1819 tom.
655 1761 698 1819 11.
724 1761 856 1841 Operum
882 1760 914 1822 S.
932 1761 1116 1841 Hieronymi.
1161 1762 1380 1844 (Hippolytum

325 1859 459 1919 Arabum
480 1857 651 1937 metropolis
672 1858 842 1939 episcopum
866 1858 966 1927 fuisse,
987 1858 1081 1918 litaris
1100 1858 1248 1920 mandavit
1267 1860 1380 1921 saeoulo

325 1957 429 2037 quinto
460 1956 596 2016 Gclssius
621 1976 697 2036 papa
730 1956 881 2015 Romanus
908 1956 939 2015 in
974 1956 1151 2016 testimoniis
1179 1960 1227 2017 De
1253 1960 1379 2018 Duobus

326 2056 445 2113 Naturis
470 2058 498 2113 in
525 2054 642 2123 Christo,
668 2064 740 2113 tom.
763 2053 856 2114 VIII.
885 2054 1015 2112 Bibliotb.
1042 2054 1103 2111 ΡΡ.
1128 2054 1198 2114 edit.
1223 2055 1321 2135 bugd
1343 2078 1375 2137 p.

327 2157 410 2231 γοα

364 2250 382 2296 b
395 2252 505 2313 Euseb.
520 2251 579 2311 VI.
595 2270 642 2311 22.
668 2258 734 2309 Τότε
747 2255 813 2325 δῆτα
827 2256 870 2311 ml
880 2254 1038 2311 Ἱππόλυτος
1055 2256 1206 2312 mim
1218 2257 1283 2328 μετά
1295 2260 1379 2315 πλεῖ.

323 2374 396 2409 cros
405 2351 495 2407 άλλων
504 2352 692 2424 ὑπομνημάτων
700 2352 741 2407 καὶ
750 2353 781 2407 τά
790 2354 851 2427 περὶ
860 2354 909 2407 τοῦ
918 2354 1013 2424 πάσχα
1019 2352 1158 2423 πεποίηται
1167 2352 1337 2428 αι’νῃραμμα,
1346 2358 1378 2413 ὸ

324 2444 346 2526 ᾗ
358 2450 406 2520 τὴν
417 2455 470 2507 τῶν
481 2452 583 2524 χρόνον
591 2449 744 2524 άααγραφὴν
754 2450 897 2522 ἐκθέμενος,
907 2448 951 2506 col
959 2472 1017 2506 τινα
1026 2450 1119 2506 κανόνα
1127 2452 1379 2527 isembruno-spico:

323 2548 383 2621 περὶ
395 2550 442 2603 τοῦ
455 2548 548 2619 πάσχα
560 2547 685 2621 προσθεὶς
698 2547 742 2603 ἐπὶ
753 2548 786 2604 τά
802 2552 907 2622 aporos
924 2549 984 2607 tros
996 2548 1186 2623 αὐτοκράτορας
1197 2547 1378 2623 Ἀλεξάνδρον

324 2645 384 2720 (au.
399 2643 508 2703 christi
526 2644 608 2719 222.)
623 2645 686 2703 τοὺς
696 2647 808 2718 χρόνους
827 2648 993 2720 περιγράφει.
1035 2642 1106 2703 Alis
1120 2655 1251 2705 veterum
1265 2646 1304 2705 de
1318 2648 1377 2707 hoc

323 2760 410 2821 opere
431 2740 600 2802 testimonia
619 2741 708 2801 babes
727 2742 759 2800 iu
779 2752 802 2802 t.
818 2742 844 2800 I.
866 2740 945 2822 Opp.
969 2741 1128 2823 Hippolyti
1145 2763 1174 2823 p.
1186 2762 1235 2818 4²·
1257 2742 1375 2804 Cancni

323 2838 457 2899 Pascbsli
473 2838 657 2919 Hippolytco
671 2839 834 2917 subjuncto.

362 2937 513 2999 eEusebii
532 2937 605 2997 liber
624 2937 660 2998 dc
680 2938 758 2997 festo
780 2938 913 2998 Pcscbali
931 2943 1059 3012 μυστικὴν
1075 2942 1239 3016 ἀνακάλυψιν
1259 2946 1308 2998 τοῦ
1325 2946 1377 3013 τῆς

320 3041 411 3113 ἑορτῆς
432 3040 515 3111 loyes
535 3047 566 3095 et
586 3035 713 3096 rationes
734 3036 808 3116 cycli
829 3036 1014 3117 undeviginti
1035 3058 1177 3097 annorum
1200 3041 1376 3119 complexus

321 3132 479 3199 interdicit,
501 3132 538 3191 dc
556 3153 615 3210 quo
633 3132 700 3193 vide
721 3133 817 3213 ipsum
838 3134 998 3195 Eusebium
1014 3134 1072 3197 1v.
1087 3154 1127 3212 34
1140 3146 1172 3196 et
1186 3154 1235 3212 35.
1249 3135 1286 3196 de
1303 3138 1375 3197 Vita

321 3228 516 3291 Constantini.
559 3231 699 3291 Meminit
712 3243 743 3291 et
758 3231 929 3293 Gennadius
942 3232 979 3292 de
994 3233 1026 3294 S.
1038 3234 1076 3292 E.
1091 3254 1153 3313 cap.
1167 3234 1215 3293 88.
1239 3234 1375 3296 lsidonrs

321 3326 436 3407 Hispal.
451 3327 509 3388 VI.
525 3345 568 3404 17.
578 3327 661 3408 Orig.
685 3336 705 3363 “
717 3328 886 3389 Psscbalem
897 3328 1011 3409 cyclum
1022 3330 1206 3411 Hippolytus
1216 3332 1374 3413 episcopus

320 3426 532 3505 “temporibus
553 3425 716 3486 Alexandri
735 3427 924 3507 Imperatoris
942 3428 1054 3507 primus
1072 3429 1252 3509 conscripsit.
1295 3430 1373 3491 Post

320 3526 341 3555 “
349 3542 438 3600 quem
451 3523 646 3603 probatissimi
666 3534 792 3591 sutores,
808 3524 956 3583 Eusebius
974 3524 1170 3593 cesariensis,
1185 3526 1373 3606 Theophilus

320 3626 340 3653 “
350 3618 579 3693 Alexandrinus,
595 3622 721 3702 Prosper
741 3642 858 3701 quoque
876 3623 994 3683 natione
1013 3622 1182 3702 Aquitanas
1195 3636 1283 3703 atque
1298 3626 1372 3686 Vic-

320 3724 341 3751 “
352 3718 465 3779 torinus
479 3720 662 3801 amplificatis
675 3720 806 3798 ejusdam
821 3720 990 3781 festivitatis
1003 3721 1175 3789 rationibus,
1189 3722 1372 3803 multiplices

319 3817 472 3877 “circulos
486 3818 667 3879 ediderunt.''
711 3817 860 3891 Quoniam
875 3838 941 3878 sero
956 3818 987 3878 S.
999 3818 1156 3900 Hippolyti
1171 3818 1270 3899 cyclus
1282 3822 1371 3882 sede-

316 3914 374 3973 cim
388 3928 504 3976 tsntum
518 3936 659 3975 annorum
674 3916 744 3988 fuit,
759 3916 827 3975 hinc
838 3916 921 3977 Beda
931 3916 968 3976 de
978 3928 1143 3996 temporum
1154 3918 1267 3978 ratione
1279 3940 1307 3979 c.
1317 3940 1370 3995 42.

318 4012 629 4095 “Deccmnovcnnnlis
648 4014 749 4074 circuli
772 4014 904 4075 ordinem
926 4015 1038 4095 primus
1060 4015 1208 4075 Eusebius
1227 4015 1369 4078 Cesaram

317 4116 335 4144 ‘¹
348 4110 511 4171 Palscstime
523 4111 678 4193 episcopus
696 4113 734 4173 cb
753 4123 870 4191 quartas
887 4114 1013 4174 decimas
1030 4112 1115 4173 lunas
1128 4114 1197 4174 festi
1216 4113 1369 4178 Pnschalis

316 4216 335 4242 ‘⁶
350 4209 505 4289 ipsumque
535 4208 614 4269 diem
642 4210 762 4271 Psscbse
788 4211 994 4272 inveniendum
1020 4211 1193 4292 composuit,
1221 4232 1258 4271 eo
1285 4214 1368 4291 quod

317 4312 337 4339 “
349 4304 429 4377 luna,
445 4306 518 4368 &c.''
