2867 4817
282 257 326 324 66
691 256 910 321 CANONES

283 429 423 531 νόμενοι
449 431 532 534 παρ’
552 429 671 527 αῦτοῦ,
698 429 1037 529 καταλαμβάνοντες
1064 428 1130 529 τὴν
1156 428 1336 525 βασιλεῦ»

282 590 398 639 ουσαν
418 555 813 654 Κωνσταντινοῦπολιν,
832 559 890 636 ἐπὶ
907 554 1003 636 πολῦ
1022 558 1061 637 ἐν
1079 558 1168 661 αι’πῇ
1193 558 1331 657 διατρί-

282 692 403 782 βουσι,
421 681 580 788 ταραχάς
597 686 822 784 ἐμποιοῦντες
845 687 904 763 καὶ
931 689 1164 787 θορυβοῦντες
1184 682 1254 782 τὸν
1271 684 1333 762 ἐκ·

283 810 546 913 κλησιαστικὴν
565 810 802 908 κατάποσιν,
820 810 1063 913 άνατρεῦτουσί
1076 844 1115 891 τε
1140 810 1257 893 οἴκους
1275 843 1334 890 τι·

283 946 366 1021 νιῦν.
395 939 525 1044 ὥρισεν
552 939 670 1018 τοίνυν
698 938 720 1038 ἡ
748 938 835 1041 ἁγία
862 938 1022 1035 σύνοδος,
1042 934 1125 1021 τοῦς
1151 936 1362 1037 τοιούτους,

283 1066 618 1168 ι’πτομιμνήσκεσθαι
644 1064 711 1165 μέν
736 1064 911 1170 πρότερον
938 1062 997 1145 διὰ
1023 1072 1087 1144 τοῦ
1113 1066 1251 1146 ἐκδίκου
1270 1069 1337 1164 τῆς

282 1193 375 1275 κατὰ
408 1190 792 1274 Κωνσταςσινοιίπολιν
824 1192 1024 1294 ἁγιωτάτης
1051 1192 1244 1293 ἐκκλησίας
1276 1193 1337 1272 ἐπὶ

281 1321 325 1402 τό
352 1322 511 1431 ἐξελθεῖν
536 1325 600 1420 τῆς
631 1318 900 1419 βασιλευούσης
931 1317 1083 1404 πόλεως·
1122 1324 1152 1399 εί
1184 1317 1224 1397 δέ
1255 1326 1337 1404 τοῖς

283 1449 400 1533 αὐτοῖς
435 1446 649 1553 πράγμασιν
684 1446 877 1546 ἐπιμένοιεν
907 1448 1235 1551 ἀναισχυντοῦντες,
1274 1448 1337 1526 καὶ

284 1575 434 1660 ἄκοντας
452 1573 580 1659 atronis
607 1572 666 1654 διὰ
692 1581 757 1654 τοῦ
784 1574 892 1653 αὐτοῦ
914 1572 1051 1653 ἐκδίκου
1074 1572 1336 1672 ἐκβάλλεσθαι,
1349 1621 1383 1661 10

283 1706 342 1782 καὶ
359 1701 442 1787 τοῦς
459 1702 566 1786 ἰδίους
584 1698 873 1801 καταλαμβάνειν
890 1698 1032 1785 τόπους.

647 1863 848 1940 ΚΑΝΩΝ
878 1865 962 1941 ΚΔ.

341 1988 401 2070 Τὰ
422 1988 525 2096 ἅπαξ
547 1986 803 2091 καθιερωθεῦτα
826 1989 1052 2095 μοναστήριοι
1073 1986 1165 2069 κατὰ
1184 1988 1335 2091 γνώμην

284 2116 492 2215 ἐπισκόπου,
510 2114 625 2216 μένειν
643 2120 691 2200 είς
713 2111 756 2195 τό
782 2113 933 2215 διηνεκὲς
957 2114 1191 2221 μονασπήρια,
1210 2120 1270 2197 καὶ
1286 2117 1336 2197 τὰ

285 2244 519 2349 προσήκοντα
535 2245 653 2328 αὐτοῖς
670 2242 866 2348 πράγματα
884 2242 1133 2351 φυλάττεσθαι
1145 2250 1197 2353 τῷ
1215 2280 1333 2345 μονα·
1348 2297 1383 2358 ,5

286 2373 433 2481 σιηρίφ,
453 2375 512 2453 καὶ
528 2370 653 2472 μηκέτι
671 2370 847 2453 δύνασθαι
864 2372 1028 2475 γίνεσθαι
1045 2381 1158 2454 ταῦτα
1175 2374 1337 2473 κοσμικὰ

286 2500 504 2604 καταγοίγια.
541 2498 623 2583 τοῦς
649 2498 688 2579 δέ
714 2508 992 2604 συγχωροῦντας
1018 2508 1125 2581 τοῦτο
1157 2502 1336 2603 γίνεσθαι,

287 2632 497 2710 ἰστοκεῖσθαι
514 2634 586 2711 τοῖς
605 2628 644 2706 ἐκ
661 2634 734 2707 τῶν
751 2625 909 2708 κανόνων
927 2629 1122 2727 ἐπιτιμίοις.

653 2789 854 2867 ΚΑΝΩΝ
883 2791 965 2867 ΚΕ.

340 2919 556 3026 Ἐπειδὴπερ
575 2920 664 3004 τινές
687 2927 760 3001 τῶν
782 2927 1066 3025 μητρυπολιτιῦν,
1088 2924 1137 3008 ὡς
1158 2924 1334 3031 περιηχή-
1349 2960 1386 3000 ιο

287 3156 323 3196 eo
344 3133 506 3214 privantur,
530 3131 733 3209 pervenientes
754 3131 791 3191 sd
831 3130 882 3198 lut,
904 3141 938 3190 ut
958 3132 996 3191 sd
1015 3134 1133 3214 proprie
1148 3132 1212 3194 locs
1232 3154 1337 3215 perse.

288 3216 390 3275 urbem
411 3212 520 3290 regium
545 3212 790 3292 Constantinopo.
831 3212 923 3270 nient.

288 3295 418 3363 limum,
440 3292 471 3351 in
493 3312 528 3351 es
551 3291 664 3351 diutius
687 3293 790 3351 immo-
933 3293 1085 3354 CANON
1107 3295 1227 3357 XXIV.

287 3387 391 3436 rentur
400 3373 562 3433 excitantes
571 3372 680 3439 turbes,
691 3383 721 3432 et
731 3384 790 3433 sta·
872 3373 947 3445 Quae
957 3374 1045 3433 semel
1053 3375 1185 3436 dedicata
1194 3389 1264 3436 sunt
1273 3398 1335 3437 mo-

288 3469 353 3518 tum
368 3453 592 3515 ecclesiasticum
607 3473 790 3513 eommoven·
831 3455 966 3520 nesteris,
984 3456 1104 3514 oonsilio
1121 3458 1334 3538 episcoporum,

289 3551 344 3605 tes.
367 3537 569 3596 subvertentes
600 3532 688 3591 etism
718 3554 791 3612 quo-
832 3547 967 3595 maneant
987 3548 1130 3615 perpetuo
1151 3542 1334 3608 monasteris,

288 3618 412 3677 rundum
431 3614 553 3683 domos3
568 3613 696 3673 decrevit
710 3635 792 3674 sanc-
833 3625 863 3674 et
887 3636 941 3685 res,
963 3636 1027 3695 quae
1052 3616 1089 3675 ad
1114 3638 1148 3677 es
1174 3620 1334 3698 pertinent,

289 3711 321 3758 tu
346 3696 475 3779 synodus
502 3692 669 3769 hujusmodi
697 3696 793 3774 primo
833 3696 1015 3756 monasteriis
1028 3700 1178 3767 reservari,
1188 3720 1336 3781 neoposse

289 3780 407 3858 quidem
429 3797 446 3835 a
470 3774 621 3834 defensore
650 3777 793 3834 Constan.
833 3796 868 3835 ea
891 3776 969 3835 ultre
997 3776 1059 3835 fieri
1087 3780 1227 3839 secularis
1254 3782 1337 3841 hebi-

288 3858 489 3938 tinopolitsnae
526 3866 631 3914 sancte
665 3855 793 3915 enclesis
834 3856 945 3916 teculs:
968 3858 1102 3936 quivero
1121 3860 1176 3920 hoe
1191 3860 1253 3921 fieri
1271 3882 1337 3942 per-

289 3936 474 3999 commoneri.
495 3948 530 3995 ut
551 3935 738 4015 egredientur
756 3938 793 3998 sb
833 3937 975 4007 miserint,
1004 3958 1148 3999 canonum
1182 3943 1337 4004 sententiis

289 4021 361 4079 urbe
368 4020 448 4097 regis
453 4040 462 4087 ;
474 4016 582 4096 quodsi
593 4016 694 4075 iisdem
703 4038 793 4097 nego.
834 4018 1033 4095 subjsuebunt.

287 4102 337 4159 tiis
348 4100 533 4180 impudenter
547 4098 691 4167 insistunt,
703 4100 790 4157 etiarn
944 4100 1097 4159 CANON
1119 4102 1222 4161 XXV.

288 4181 420 4241 nolentes
441 4180 518 4237 idern
539 4178 675 4237 defensor
691 4180 790 4259 expel.
873 4181 1019 4252 Quoniam
1035 4182 1152 4260 quidem
1168 4186 1336 4263 metropoli.
