2867 4817
268 386 508 453 EPISTOLA
533 387 601 452 AD
626 390 660 453 S.
683 388 989 454 CYPRIANUM.
1091 392 1156 460 ate

99 582 164 653 per
181 569 303 632 totum
320 564 495 634 muudum
514 564 739 649 dissensisse3
763 587 889 658 pacem
906 587 988 635 cum
1009 565 1156 659 singuiis

98 679 201 747 vario
219 678 403 749 discordie
419 701 551 772 genere
568 690 804 774 rumpentem,
818 682 926 751 modo
942 704 1024 751 cum
1042 682 1157 752 orien-

99 793 249 879 talibus,
285 794 395 887 (quod
437 818 505 867 nee
538 819 601 867 vos
635 798 747 867 latere
780 797 1015 891 confidimus)
1048 800 1154 869 modo

98 911 301 993 vobiscum,
333 912 393 1002 qui
422 912 459 981 in
489 915 637 984 meridie
663 913 775 984 estis?
800 911 838 983 A
865 913 993 1005 quibus
1019 912 1155 1008 legatos

71 1030 290 1121 §episcopos
315 1028 494 1121 patienter
523 1030 609 1101 sotis
632 1038 670 1100 et
692 1028 822 1099 leniter
845 1030 1010 1121 suscepit,
1031 1039 1072 1100 ut
1095 1054 1155 1103 eos

97 1168 165 1216 nee
183 1145 232 1215 ad
249 1167 451 1215 sermonem
475 1144 601 1216 saltem
627 1145 795 1238 colloquii
812 1147 1011 1217 communis
1028 1148 1155 1217 admit-

96 1266 216 1331 teret:
242 1259 360 1331 adhuc
385 1260 530 1353 insuper
554 1260 757 1332 dilectionis
780 1270 818 1331 et
835 1262 991 1331 caritatis
1007 1284 1154 1345 memor,

95 1378 313 1469 praeciperet
345 1376 561 1448 fraternitati
601 1378 787 1460 universae,
823 1399 869 1447 ne
907 1378 986 1469 quis
1022 1400 1083 1448 eos
1116 1378 1154 1447 iu

96 1492 250 1563 domum
281 1516 381 1563 suum
407 1496 602 1587 reciperet;
628 1501 670 1563 ut
693 1494 920 1565 venientibus
944 1516 1017 1564 non
1039 1493 1154 1563 solum

54 1626 169 1701 10pnx
186 1618 228 1679 et
245 1611 459 1694 communio,
477 1612 538 1681 sed
566 1621 603 1681 et
620 1618 759 1682 tectum
779 1619 818 1681 et
834 1610 1032 1702 hospitium
1049 1632 1156 1703 nega-

95 1734 210 1795 retur.
263 1724 345 1796 Hoc
370 1734 426 1797 est
447 1749 604 1797 servasse
629 1727 807 1797 unitatem
833 1725 987 1820 Spiritus
1011 1727 1050 1795 in
1071 1748 1156 1795 con-

89 1841 285 1933 junctione
308 1844 413 1935 pacis,
431 1842 636 1915 abscindere
657 1866 695 1915 se
721 1866 744 1913 a
767 1844 925 1913 caritatis
950 1843 1099 1924 unitate,
1116 1850 1155 1913 et

96 1958 259 2030 alienum
290 1982 328 2031 se
361 1983 427 2053 per
459 1962 579 2031 omnia
611 1960 779 2031 frutribus
812 1961 939 2042 facere,
967 1967 1006 2029 et
1033 1967 1156 2029 contra

96 2085 362 2147 sacramentum
388 2085 427 2147 et
451 2077 571 2160 fidem,
589 2077 809 2148 contumacis
831 2077 949 2147 furore
975 2076 1155 2146 discordiae

56 2191 286 2265 ¹5rebellare.
337 2192 447 2285 Apud
465 2191 576 2265 talem
601 2200 815 2285 potestesse
838 2214 951 2261 unum
973 2214 1100 2283 corpus
1117 2200 1155 2261 et

97 2331 193 2379 unus
221 2306 384 2402 Spiritus,
412 2309 507 2402 apud
533 2332 640 2401 quem
668 2309 817 2380 fortasse
842 2310 918 2402 ipsa
942 2309 1060 2379 anima
1083 2332 1155 2381 una

97 2446 171 2495 uon
208 2434 274 2509 est,
308 2426 358 2496 sic
392 2425 529 2497 lubrica
561 2434 600 2496 et
633 2425 775 2497 mobilis
808 2435 847 2496 et
880 2424 1034 2496 incerta!
1081 2424 1154 2497 Sed

98 2548 277 2631 quantum
303 2541 347 2610 ad
373 2539 474 2612 illum
501 2543 667 2637 pertinet,
684 2542 935 2634 relinquamus.

149 2654 265 2727 XIX.
300 2656 535 2729 Excutiamus
576 2658 695 2750 potius
738 2660 774 2728 id
815 2659 860 2728 de
893 2682 963 2751 quo
997 2658 1306 2753 maximaoourstur

55 2774 250 2865 ²0quaestio
267 2781 332 2843 est.
368 2774 439 2857 Qui
457 2776 680 2849 contendunt
698 2775 743 2846 ab
760 2774 939 2845 haereticis
955 2741 1304 2868 baptizatum?

98 2890 150 2959 sio
176 2891 288 2983 recipi
313 2898 486 2983 oportere,
508 2900 678 2983 tunquam
703 2890 856 2985 legitimi
885 2891 1052 2985 baptismi
1074 2872 1317 2999 gro-{ffiffi

98 3006 191 3075 tiam
221 3015 451 3090 consecutos3
476 3029 589 3078 unum
618 3007 720 3078 nobis
742 3014 850 3098 atque
879 3006 950 3077 illis
976 3001 1317 3129 baptismaffiffl·

99 3122 228 3193 dicunt
257 3144 344 3205 esse,
367 3130 405 3193 et
428 3125 465 3194 iu
495 3122 595 3193 nullo
626 3124 833 3215 discrepare.
885 3120 958 3193 Sed
987 3125 1071 3215 quid
1102 3125 1304 3244 mmm

99 3238 283 3331 apostolus
310 3238 468 3310 Paulus?
495 3238 599 3310 Unus
624 3236 809 3321 Dominus,
831 3262 903 3308 una
922 3238 1018 3321 fides,
1039 3262 1151 3309 unum
1160 3230 1269 3333 spesi„
1282 3280 1305 3331 5,

56 3355 289 3447 asbaptisma,
322 3377 414 3425 unus
450 3352 559 3425 Deus.
612 3353 651 3424 Si
685 3377 798 3424 unum
832 3363 940 3445 atque
969 3357 1066 3427 idern
1096 3367 1151 3428 est

100 3492 185 3540 cum
219 3478 341 3540 nostro
367 3470 545 3564 baptisma
570 3469 832 3553 haeretioorum,
862 3471 937 3541 sine
971 3471 1079 3542 dubio
1114 3481 1152 3542 et

101 3584 191 3655 fides
219 3608 292 3656 una
322 3595 399 3656 est:
438 3588 467 3658 si
497 3595 619 3657 autem
648 3586 737 3657 fides
766 3610 839 3657 una
867 3595 932 3670 est,
959 3589 1083 3681 utique
1113 3598 1152 3657 et

103 3698 282 3774 Dominus
298 3726 390 3773 unus
408 3712 482 3774 est:
500 3706 530 3774 si
549 3703 726 3775 Dominus
742 3726 834 3774 unus
851 3711 916 3786 est,
933 3727 1151 3798 consequens

102 3826 159 3888 est
184 3820 313 3903 dicere,
333 3822 417 3912 quia
439 3819 532 3916 (sor.
563 3818 708 3891 addend.
732 3819 841 3903 Deus,
864 3818 933 3890 oid.
957 3824 1042 3917 not.)
1058 3846 1151 3895 unus

56 3942 169 4011 socer.
221 3934 262 4005 Si
284 3944 406 4007 autem
422 3935 501 4008 lraec
522 3938 639 4007 unitas
660 3960 742 4029 quae
767 3938 919 4029 separari
944 3940 1088 4009 omnino
1113 3947 1152 4010 et

103 4051 213 4122 dividi
235 4073 309 4122 uon
336 4060 465 4146 potest,
495 4054 603 4124 etiam
633 4054 729 4147 apud
755 4053 942 4124 haereticos
968 4056 1044 4148 ipsa
1073 4064 1150 4140 est3

103 4168 188 4259 quid
218 4166 314 4238 ultra
342 4170 618 4241 contendimus?
656 4177 698 4241 nt
729 4168 823 4265 (sor.
852 4174 930 4265 aut)
957 4172 1043 4265 quid
1072 4172 1152 4242 illos

103 4282 298 4369 haeoetioos,
321 4295 360 4357 et
384 4309 456 4359 non
482 4284 700 4359 Christianos
717 4285 907 4357 vocamus?
934 4285 1043 4357 Porro
1069 4311 1152 4358 cum

608 4422 634 4471 n
650 4402 677 4471 k
