2867 4817
298 788 911 897 TERTULLIANUS.

470 1076 737 1115 *η’-...-

125 1260 157 1330 S.
173 1262 429 1353 H1mosruus,
446 1267 525 1341 Lib.
539 1269 597 1343 De
622 1271 719 1344 Viris
731 1271 761 1346 Ι
758 1272 942 1361 llustrt'bto,
959 1301 1035 1371 esp.
1045 1278 1107 1349 liii.

364 1427 444 1498 pag.
460 1409 546 1476 124.
564 1408 649 1478 edit.
669 1406 848 1479 Flamen.

189 1572 525 1650 RTULLIANUS
550 1581 742 1675 presbyter,
768 1606 864 1654 nune
889 1585 1036 1655 demum
1060 1586 1131 1678 pri·

180 1714 256 1763 mus
275 1702 361 1786 post
377 1693 566 1767 Victorem
586 1706 624 1768 et
641 1696 897 1791 Apollonium⁸
918 1700 1129 1772 Latinorum

97 1813 228 1901 ponitur,
253 1812 444 1903 provinciae
469 1810 611 1897 Adice,
638 1816 792 1886 civitatis
819 1814 1128 1911 Carthaginiensis,

96 1937 179 2019 patre
201 1928 408 1998 centurione
433 1928 704 2020 proconsularil'.
757 1930 831 2002 Hic
856 1934 946 2003 acris
967 1942 1005 2003 et
1023 1935 1129 2006 vehe-

95 2046 206 2114 mentis
221 2044 367 2139 ingenii,
385 2044 452 2115 sub
470 2044 604 2117 Severo
626 2048 784 2141 principe
802 2057 840 2119 et
857 2047 1043 2121 Antonino
1061 2052 1129 2123 Oa-

95 2159 205 2230 racalla
219 2161 379 2231 maxime
396 2158 527 2244 floruit,
544 2161 730 2256 multaque
753 2165 891 2257 scripsit
909 2165 1126 2239 volumina⁰t

93 2300 157 2367 quae
171 2278 251 2368 quia
272 2284 362 2347 nota
386 2286 471 2347 sunt
486 2277 656 2370 pluribus,
668 2282 988 2373 praetermittimus.
1040 2282 1126 2355 Vidi

92 2416 147 2485 ego
169 2394 358 2485 quemdam
376 2392 529 2464 Paulum
555 2393 791 2481 Concordioe‘l,
818 2397 913 2489 quod
939 2399 1127 2491 oppidum⁰

92 2508 187 2581 ltaliae
202 2520 266 2594 est,
284 2533 418 2593 senem,
435 2513 497 2603 qui
514 2534 552 2582 se
574 2512 670 2584 beati
688 2513 864 2606 Cypriani,
880 2516 957 2607 jam
983 2518 1126 2609 grandis

90 2630 196 2709 etatis,
206 2628 396 2709 notarium,
407 2650 491 2697 cum
503 2628 579 2721 ipse
592 2632 784 2701 admodum
798 2640 891 2702 esset
909 2631 1123 2719 adolescens,

90 2742 196 2815 llomae
211 2744 342 2815 vidisse
359 2745 514 2830 diceret;
539 2747 740 2839 referreque
757 2747 823 2817 sibi
847 2746 1003 2831 solitum,
1023 2772 1127 2820 num-

89 2884 179 2951 quam
196 2856 432 2956 Cyprianum‘
446 2861 578 2954 absque
595 2861 803 2933 Tertulliani
831 2864 986 2936 lectione
1012 2891 1125 2938 unum

88 2978 169 3049 diem
184 2980 399 3073 praeterisse:
417 3002 459 3049 ac
471 2979 538 3048 sibi
551 2979 674 3049 crebro
687 2980 815 3062 dicere,
829 2978 891 3050 Do
904 2984 1122 3079 mopistrum,

87 3090 331 3166 Tertullianum
352 3094 518 3165 videlicet
544 3095 754 3189 significans.
807 3094 879 3165 Hic
905 3120 988 3167 cum
1013 3122 1124 3192 usque

86 3212 123 3279 ad
137 3213 289 3283 mediam
305 3219 449 3282 aetatem
473 3211 659 3305 presbyter
683 3210 842 3282 eeclesiae
864 3216 1123 3305 permansisset,

85 3327 202 3400 invidia
225 3337 376 3423 postea&
401 3339 440 3399 et
466 3327 691 3399 contumeliis
721 3327 929 3400 clericorum
953 3331 1122 3405 Romanae

85 3444 238 3530 ecclesia,
273 3446 320 3516 ad
355 3446 522 3517 Montani
557 3447 687 3540 dogma
721 3446 894 3539 delapsus,
929 3447 965 3516 in
999 3450 1121 3519 multis

85 3557 169 3633 libris
196 3587 298 3635 novae
330 3564 525 3656 prophetiae
553 3564 738 3632 meminit:
773 3562 972 3655 specialiter
999 3574 1121 3635 autem

83 3678 256 3751 adversum
282 3680 469 3751 eeclesiam
493 3681 612 3750 texuit
628 3674 840 3763 voluminalt
863 3679 907 3749 de
933 3679 1119 3767 Pudicitia,

83 3794 121 3863 de
151 3796 412 3881 Persecutione‚
447 3797 492 3867 de
521 3798 684 3890 Jejuniis,
718 3798 764 3867 de
800 3796 1039 3890 Monogamia,
1075 3800 1120 3871 de

83 3908 207 3984 Ecstasi
241 3914 350 3985 libros
383 3936 457 3995 sex,
488 3923 526 3984 et
554 3915 756 4007 septimum,
791 3936 898 4005 quem
932 3914 1118 3987 adversum

82 4026 318 4120 Apollonium¹
332 4033 542 4123 composuit.
586 4029 784 4123 Ferturque
802 4030 931 4101 vixisse
948 4034 1118 4124 usquead

82 4145 285 4241 decrepitam
320 4156 473 4231 atatem,
503 4157 541 4219 et
574 4148 698 4231 multa,
729 4171 809 4240 quae
840 4170 911 4218 non
942 4146 1116 4234 exstanti,

82 4264 240 4352 opuscula
255 4258 479 4336 condidisse¹.

587 4397 608 4439 0
