2867 4817
296 332 360 399 262
468 334 669 399 ARNOBII
694 335 944 403 ADVERSUS
967 336 1160 401 GEN'I'ES

346 508 457 580 XXI.
484 506 598 583 Vobis
623 512 793 581 secundas
818 512 977 583 tribuunt
1002 510 1253 585 valetudines:
1289 513 1346 583 ad
1415 531 1426 579 t

297 650 413 699 versas
445 626 558 712 nobis,
590 651 632 699 ac
671 627 849 721 pessimas.
910 626 1127 721 Opportunis
1167 630 1346 701 imbribus
1433 700 1434 722 ,

298 752 414 815 vestra
451 744 597 837 irrigent
630 766 730 813 rura:
780 743 980 836 pluviarum
1013 745 1220 837 quicunqne
1263 756 1345 817 snnt

297 885 401 943 rores,
426 860 553 931 nostris
577 860 622 931 ab
646 858 808 955 agellulis
831 860 988 956 abigant.
1042 861 1187 933 lanitia
1216 875 1345 933 curent

298 986 413 1051 vestra
443 976 636 1048 numerosis
670 975 814 1047 foetibus
846 976 1083 1070 multiplicari,
1112 978 1345 1050 sterilitatem

297 1095 485 1167 infaustam
502 1094 629 1163 nostris
645 1093 816 1185 mcuariis
830 1092 992 1163 inferant.
1026 1093 1084 1165 Ex
1096 1093 1201 1165 olivis
1219 1097 1346 1167 vestris

297 1221 405 1303 atque
431 1210 558 1281 vinetis
582 1208 724 1303 plenam
753 1208 883 1279 faciant
911 1211 1193 1281 autumnitatem
1220 1213 1345 1283 funffl:

297 1338 335 1400 at
362 1352 408 1399 ex
432 1329 559 1399 nostris
582 1325 731 1420 exprimi
761 1348 870 1395 unum
896 1326 1106 1419 prohibeant
1130 1328 1344 1420 palmitibus

297 1468 421 1517 rorem.
472 1443 531 1515 Ad
560 1453 760 1515 extremum
789 1452 827 1512 et
855 1442 1034 1527 ultimum,
1063 1444 1101 1513 in
1130 1455 1254 1517 vestro
1284 1468 1344 1516 ore

296 1561 497 1655 praecipiant
526 1584 626 1633 suam
653 1562 773 1655 iunges
796 1561 949 1630 retinere
971 1570 1154 1633 naturam:
1190 1574 1233 1633 at
1259 1588 1343 1635 vero

297 1680 334 1751 in
363 1688 482 1750 nostro
505 1678 577 1749 mel
604 1700 764 1748 amarum
788 1676 883 1747 lieri:
916 1676 1072 1748 olearum
1098 1676 1240 1750 fluenta
1265 1704 1344 1751 ran-

298 1818 445 1879 oescere,
463 1804 500 1866 et
517 1794 583 1865 sub
599 1795 683 1887 ipsis
699 1801 825 1886 potum
842 1791 947 1863 labris
964 1792 1002 1861 in
1022 1793 1133 1865 acono
1153 1795 1342 1886 perfidiam

298 1910 420 1981 vinnm
436 1916 582 2001 repente
598 1906 739 1977 mutari.

347 2025 475 2097 XXII.
502 2026 605 2111 Quod
632 2048 713 2095 cum
743 2022 889 2095 minime
913 2021 988 2093 fleri
1017 2024 1259 2095 testificentur
1287 2050 1344 2098 ras

299 2145 393 2238 ipsae,
420 2166 535 2237 neque
557 2144 673 2213 minus
696 2142 741 2212 ad
765 2162 829 2211 nos
854 2139 1051 2231 quicquam,
1068 2162 1184 2233 neque
1207 2144 1255 2213 ad
1281 2167 1344 2214 vos

298 2261 490 2355 plurimum
512 2260 707 2331 redundare
730 2256 894 2328 vitalibus
914 2280 960 2329 ex
983 2258 1163 2329 beneficiis
1187 2272 1343 2344 constet,

299 2378 408 2450 libido
438 2401 514 2471 quae
547 2386 648 2448 tanta
681 2383 735 2446 est
767 2375 927 2445 inimicos
959 2383 1067 2467 atque
1100 2375 1222 2447 hostes
1256 2379 1344 2449 deos

299 2516 374 2565 esse
397 2494 609 2565 contendere
635 2490 865 2564 Christianis!
900 2512 987 2581 quos
1014 2490 1052 2560 in
1081 2490 1187 2562 rebus
1212 2494 1344 2565 tristis·

299 2612 404 2695 simis,
422 2621 528 2704 atque
545 2609 633 2681 laetis
650 2607 737 2679 nihil
750 2608 813 2679 abs
829 2615 868 2677 te
880 2607 998 2677 videas
1014 2608 1205 2677 rationein
1221 2608 1345 2703 aliqua

300 2727 517 2821 discrepare?
544 2725 582 2797 Si
599 2748 723 2796 verum
745 2723 844 2795 vobis
865 2724 1080 2817 permittitis,
1097 2748 1139 2794 ac
1164 2727 1240 2795 sine
1258 2727 1344 2798 ullis

300 2844 590 2917 assentationibus
620 2843 709 2913 dici:
750 2842 857 2912 verba
884 2849 967 2911 sunt
993 2839 1077 2924 hec,
1107 2840 1216 2912 verba
1244 2854 1343 2928 sunt,

300 2986 354 3034 res
388 2964 497 3032 immo
525 2983 588 3053 per
621 2958 813 3030 calumnias
842 2959 992 3041 credita,
1026 2980 1097 3028 non
1126 2958 1344 3052 cognitionis

300 3081 446 3173 alicujus
462 3077 665 3149 testimonio
683 3077 931 3169 comprobatae.

350 3193 501 3269 XXIII.
532 3193 706 3265 Caeterum
742 3189 791 3262 dii
824 3189 907 3271 veri,
941 3197 979 3259 et
1012 3188 1073 3279 qui
1105 3187 1247 3272 habere,
1277 3192 1342 3282 qui

300 3313 390 3385 ferre
407 3310 556 3381 nominis
572 3308 676 3401 hujus
692 3307 920 3377 autoritatem
935 3304 1098 3398 condigni
1116 3314 1208 3385 smt,
1221 3327 1342 3397 neque

300 3432 506 3510 irascuntur,
525 3448 654 3519 ‚neque
689 3425 926 3517 indignantur,
956 3444 1071 3514 neque
1106 3422 1200 3515 quod
1234 3421 1340 3493 alteri

300 3555 426 3619 noceat
455 3543 627 3615 insidiosis
655 3539 973 3613 machinationibus
1002 3547 1220 3610 construunt.
1273 3540 1341 3610 Et-

301 3664 394 3736 enim
420 3684 541 3732 revera
563 3669 617 3731 est
643 3659 801 3752 impium,
824 3663 863 3727 et
889 3656 1069 3751 sacrilegia
1092 3666 1221 3728 cuncta
1242 3666 1340 3729 tran·

301 3778 479 3861 scandens,
509 3776 702 3868 sapientem
731 3773 829 3844 illam
858 3774 1001 3844 credere
1029 3774 1339 3866 beatissimamque

301 3908 463 3971 naturam
488 3918 655 3989 magnum
680 3893 811 3985 aliquid
836 3900 971 3985 putare,
999 3891 1028 3963 si
1053 3916 1091 3963 se
1116 3893 1182 3964 sibi
1211 3892 1338 3986 aliquis

301 4013 495 4089 adulatoria
526 4012 728 4083 humilitate
760 4010 965 4081 submittat:
1000 4017 1038 4080 et
1071 4009 1099 4079 si
1129 4010 1237 4080 fuerit
1266 4034 1338 4081 non

302 4132 445 4215 factum,
463 4132 663 4222 despectam
682 4152 719 4199 se
736 4128 889 4211 credere,
906 4135 944 4197 et
963 4127 1009 4197 ab
1025 4126 1154 4197 summi
1173 4126 1338 4198 culminis

301 4246 471 4319 decidisse
500 4245 649 4338 fastigio.
701 4242 852 4326 Puerile,
879 4242 1045 4335 pusillum
1066 4254 1140 4325 est,
1167 4252 1206 4313 et
1233 4244 1337 4326 exile,

300 4364 361 4432 vix
387 4369 424 4430 et
445 4359 513 4429 illis
536 4359 754 4440 conveniens,
772 4382 860 4450 quos
879 4360 1090 4452 jamdudum
1117 4362 1336 4453 experientia
