2867 4817
171 322 224 385 IN
249 320 498 385 TERTUH..
522 319 586 383 DE
609 319 903 384 PRAESCRIPT.
927 321 1054 386 ΗΕΒ.
1098 324 1161 392 191

110 514 200 557 mem
226 492 439 577 posteriorem
457 490 588 577 reoepit,
606 512 677 575 quee
699 512 784 555 anno
802 492 886 577 1634
906 492 1036 577 prodiit.
1081 494 1161 559 Gon-

105 578 229 663 jeoerut
250 584 363 643 autem
388 576 524 643 Latinus
547 576 692 641 latinius
710 578 744 641 in
764 576 953 643 Bibliotheca
977 600 1036 645 sun
1061 582 1162 645 Sacra

108 673 136 727 et
160 665 312 749 Profeea
337 686 369 749 p.
398 679 469 747 197.
493 663 725 727 emendandum
749 685 828 740 esse,
850 684 910 727 eoo
933 676 1081 749 pureum
1100 666 1163 731 siret

108 772 166 834 pro
179 760 334 835 quam
346 752 418 813 siet.
462 748 534 834 Ego
555 748 642 813 nulle
662 748 778 813 herum
802 749 973 814 leetionum
992 759 1162 816 contentus

107 858 265 921 reponere
294 835 407 913 ausim,
437 845 584 921 quantum
612 836 732 919 poesim
763 856 821 919 pro
849 846 997 920 quotum
1023 838 1094 915 etet,
1124 845 1162 902 ιιι

107 921 196 1021 loeue
227 922 277 986 ita
298 921 434 1007 legetur,
458 921 539 1006 quod
562 930 681 985 meum
708 920 832 987 toruo
859 921 990 1000 oeleoot,
1015 934 1163 1009 petentum

107 1029 284 1157 possrnm
299 1094 321 1157 l.
340 1112 390 1177 13.
405 1093 485 1159 Cum
500 1093 577 1177 quid
597 1092 750 1157 sortitum
770 1098 830 1168 est,
849 1099 887 1156 ιιι
903 1093 1085 1159 omnimodo
1107 1096 1159 1172 sit,

106 1178 192 1243 deut
208 1200 342 1243 oensem
362 1178 479 1265 eeoipit
493 1180 534 1243 ob
554 1199 652 1263 quem
670 1177 723 1254 sit,
739 1177 784 1241 sie
799 1178 862 1241 vim
876 1180 1088 1265 oonsequitur‚
1103 1203 1162 1266 per

107 1265 285 1349 quamsit,
308 1286 348 1328 ne
371 1286 440 1329 esse
462 1286 526 1328 non
550 1261 679 1349 possit]
700 1263 754 1327 Ite
777 1285 818 1327 ex
838 1264 1031 1331 editionibus
1054 1267 1161 1352 Rigal-

106 1352 234 1416 umam
248 1350 512 1415 antecedentibus
526 1350 629 1414 loeurn
643 1349 879 1433 repraesentavi,
895 1351 971 1415 dum
985 1373 1039 1416 nee
1051 1375 1110 1437 pro
1124 1374 1162 1417 ee

104 1437 233 1502 hubent
247 1436 342 1502 editt.
352 1457 462 1501 omnes
474 1442 550 1500 unte
561 1434 777 1501 Gelenienam.
800 1435 959 1520 Rigultius
968 1460 1043 1502 sero
1053 1460 1162 1502 vooem

103 1524 187 1587 sicut
210 1522 330 1597 omisit,
351 1530 385 1586 et
406 1521 468 1585 hcee
490 1543 549 1606 pro
569 1522 614 1585 eie
632 1520 750 1605 posuit.
795 1521 905 1585 Minus
926 1523 1016 1601 bene,
1039 1524 1162 1609 opinor.

106 1608 250 1694 Insuper
272 1607 426 1673 cardinali
446 1607 626 1685 Thomasio,
647 1606 735 1669 istud
753 1606 827 1671 lieet
846 1614 966 1686 seouto,
987 1615 1072 1673 teste
1094 1610 1162 1673 siro

104 1695 218 1773 doute,
233 1694 290 1779 qui
302 1693 385 1757 hune
400 1693 586 1758 Tertulliani
600 1692 716 1755 librum
732 1692 841 1758 Romae
851 1714 937 1758 enno
953 1697 1035 1779 1765
1050 1695 1163 1774 edidit,

104 1781 227 1845 durior
245 1787 281 1844 et
300 1778 467 1843 dilucidior
484 1779 588 1843 altere
608 1778 703 1842 leotio
723 1778 899 1843 videbatur.
944 1780 1163 1866 Restituitque

104 1888 178 1931 eum
191 1864 396 1931 Christianus
411 1864 529 1949 Lupus.
567 1864 678 1927 Verbe
691 1872 810 1941 eutem,
822 1865 885 1928 eim
895 1867 1091 1951 eomeqm'tor,
1099 1888 1163 1967 per

104 1974 201 2037 quaen
227 1953 280 2029 eit,
306 1951 340 2014 id
364 1950 541 2050 signifieure
567 1950 700 2027 videtur,
727 1951 866 2035 pendere
889 1952 937 2015 rei
958 1952 1161 2017 existentium

104 2037 252 2103 effimeie
274 2059 352 2111 sue3
377 2058 421 2101 sro
441 2058 565 2121 quoque
584 2036 683 2099 hebes
706 2035 798 2113 inim,
814 2036 888 2100 deon
904 2048 1039 2122 pom,
1054 2038 1162 2103 ludent

104 2146 176 2189 me.
227 2122 439 2186 Nihilominus
460 2144 519 2208 pro
542 2122 645 2186 verbis
666 2121 795 2198 ultimis,
820 2143 875 2186 nee
898 2144 956 2187 σιω
976 2145 1037 2187 ooo
1053 2126 1160 2209 poert,

104 2210 222 2275 melius
241 2208 312 2273 fore
331 2208 452 2293 opinor,
478 2228 532 2272 nee
552 2216 602 2284 eet,
626 2206 732 2271 sinon
745 2209 853 2292 pond
896 2208 1072 2294 Rescripsit
1085 2232 1161 2275 vero

107 2294 317 2359 Wouwerius
342 2294 374 2357 in
398 2294 572 2358 Eumedott.
598 2293 738 2377 Epe'diet.
763 2293 809 2357 ad
834 2295 936 2379 Opere
964 2296 1159 2372 Tertulliani,

105 2382 242 2447 Sievim
258 2379 1059 2467 eoesepuotur‚perqemmeitneoeeee‚eeseutpoesit

152 2466 238 2531 lbid.
265 2465 287 2529 l.
311 2469 359 2529 ιιι.
385 2488 486 2550 neque
516 2466 591 2552 quia
614 2470 663 2527 est
686 2465 851 2550 mimmsu]
882 2466 964 2546 Quia
986 2468 1073 2552 epud
1101 2467 1162 2532 hos

105 2554 285 2637 seriptores
298 2551 384 2615 velet
397 2552 487 2637 qued.

152 2639 192 2702 P.
214 2637 502 2720 123.1.15.0tiam
523 2641 692 2719 superatus
716 2636 853 2736 reoedit]
875 2636 1033 2722 Loquitur
1057 2638 1160 2723 Septi·
1197 2687 1201 2695 .

106 2724 191 2787 miue
212 2724 276 2787 hoe
299 2723 369 2787 looo
397 2723 437 2787 de
466 2722 661 2787 athletarum
689 2721 915 2806 eompositrone
943 2723 977 2786 in
1005 2724 1162 2810 agonibus

107 2810 240 2873 usitm

152 2894 192 2957 P.
207 2912 282 2970 124
297 2892 319 2956 l.
337 2912 362 2956 1.
377 2914 398 2957 ιι
418 2892 541 2977 regule]
568 2891 612 2956 H.
639 2914 666 2957 e.
693 2898 731 2956 ut
752 2892 800 2957 eit
824 2892 982 2959 Semlerus
1006 2895 1059 2959 sd.
1080 2892 1159 2960 edit.

108 3002 201 3044 sum
218 2978 403 3057 Halensem,
418 3000 439 3041 ιι
453 2978 605 3063 symbolo,
621 2999 642 3041 e
656 2977 718 3042 fide
733 2979 898 3044 eutholioe.
924 2980 991 3044 Adi
1005 3003 1074 3066 esp.
1087 2998 1137 3064 13.

154 3066 192 3129 P.
210 3084 283 3148 125.
298 3063 321 3127 l.
338 3078 387 3147 25.
401 3063 570 3149 adjungat]
588 3062 641 3127 Sic
657 3064 785 3148 quidem
807 3072 880 3149 post
893 3066 971 3130 edit.
986 3065 1159 3151 prinoipem

109 3152 255 3236 eliasque
280 3149 381 3213 edidit
402 3148 570 3235 Rigaltius.
615 3149 764 3213 Positum
785 3158 836 3214 est
858 3150 1001 3235 adjmzpit
1024 3151 1058 3214 in
1081 3151 1159 3216 edit.

111 3236 253 3301 Franelr.
270 3234 356 3320 quod
370 3234 402 3297 in
417 3234 552 3320 Anglieo
569 3236 667 3300 MSto
689 3242 801 3299 extare
819 3236 866 3300 sit
882 3236 1050 3301 Pameliue.
1095 3237 1159 3301 Sed

108 3322 240 3471 «ἔξω
262 3320 430 3406 legendum
452 3320 586 3404 eonjeoit
602 3320 792 3385 Freneiseus
805 3320 932 3399 Junius,
948 3323 1104 3407 probante
1126 3330 1161 3387 et

195 3428 267 3471 ero.

155 3493 193 3555 P.
209 3494 284 3555 126.
299 3490 319 3553 l.
337 3491 366 3555 8.
382 3512 453 3555 eum
468 3491 604 3555 maxime
619 3491 733 3555 diverti
748 3492 790 3556 ud
809 3492 963 3575 ejusmodi
977 3492 1158 3579 objurgans,

110 3586 145 3641 et
158 3578 279 3642 doeens
295 3574 369 3659 tre]
387 3574 440 3640 Itu
453 3576 519 3640 lere
532 3578 625 3642 editt.
639 3583 715 3640 ente
730 3575 914 3661 Rigaltium,
928 3578 989 3642 nisi
1011 3579 1096 3662 quod
1116 3578 1162 3643 ed

112 3685 169 3747 pro
183 3662 224 3727 ab
239 3684 282 3726 ex
297 3661 410 3725 ultima
428 3662 574 3727 Rheneni
589 3662 665 3726 edit.
679 3670 779 3746 etque
793 3662 870 3726 edit.
886 3663 1058 3729 Perisiensi
1073 3671 1160 3727 utra·

112 3770 173 3831 que
187 3749 293 3813 libens
307 3748 443 3831 reposui.
473 3747 572 3812 Recte
586 3748 723 3813 fortusse
737 3748 862 3813 notovit
875 3748 1001 3825 danius,
1016 3771 1085 3813 esse
1099 3749 1160 3812 hoe

111 3834 179 3897 loeo
193 3854 266 3897 eum
279 3833 412 3897 miore
427 3832 510 3896 idem
524 3854 563 3897 ae
580 3854 673 3918 quom
686 3834 829 3898 meeum.
873 3833 926 3897 Sio
946 3840 980 3897 et
993 3834 1069 3897 nlibi
1085 3834 1161 3898 Ter-

112 3920 276 3983 tullianus.
322 3918 386 3982 Sed
410 3918 449 3981 Ri
504 3917 567 3983 tius
592 3919 708 4004 posuit,
735 3940 804 3983 eom
827 3920 960 3983 mooime
984 3919 1098 3983 dimoti
1121 3918 1160 3984 ob

112 4004 261 4087 ennodi
274 4002 415 4089 eljmyet
566 4006 623 4068 teo.
670 4005 780 4069 Minus
794 4012 891 4069 reete.

156 4090 240 4155 [bid.
252 4088 273 4153 l.
289 4110 336 4173 15.
351 4096 426 4174 post
440 4090 574 4175 primam
588 4091 821 4176 eorreptionem
850 4089 958 4153 Hodie
971 4090 1056 4155 huno
1067 4089 1161 4155 Peuli

116 4174 218 4239 losum
233 4182 420 4239 oonstunter
433 4174 582 4275 legimus:
606 4176 795 4241 Heraeum
880 4176 961 4239 brem
976 4186 1047 4261 poet
1066 4197 1161 4240 neem

116 4272 170 4324 eut
189 4260 323 4325 odmen
342 4269 555 4345 eorreptsoeem
573 4260 685 4326 devitu
730 4260 863 4325 Oodioes
875 4260 973 4345 uliqui
986 4261 1161 4327 omiserunt
