2867 4817
99 1217 157 1267 lui.
169 1217 195 1265 ii.

102 1299 112 1332 r
124 1284 185 1346 liog-
194 1282 245 1330 xvi.

100 1364 113 1397 ι
127 1348 193 1396 Tim.
202 1348 228 1396 ii.

100 1416 173 1463 Mem.
184 1430 226 1461 xv.

99 1480 174 1529 Mate
185 1496 210 1528 x.

99 1682 174 1732 Mart.
186 1682 221 1731 iii.

100 1798 161 1849 lana·
171 1799 206 1848 iii.

262 328 325 392 124
614 326 932 391 TERTULLIAN
938 326 953 387 1

260 504 379 596 lapsus
403 524 425 572 a
450 500 573 596 regula
598 503 715 586 fuerit
733 503 813 575 ideo
839 500 991 573 haereses
1009 502 1195 571 veritatem
1213 502 1314 571 vide-

260 623 395 691 buntur
411 619 596 691 obtinere?
615 619 672 690 Ex
688 620 846 713 personis
862 618 1052 712 probamus
1069 617 1186 701 fidem,
1199 640 1245 689 nn
1262 641 1312 690 ex

260 739 332 809 fide
348 738 537 830 personas?
565 736 685 807 Nemo
711 738 849 831 sopiens
874 744 939 819 est,
956 736 1023 805 nisi
1044 733 1177 805 fidelis:
1204 758 1312 805 nemo

129 873 144 905 ⁸
185 856 220 970 :⁵-
261 856 383 947 major,
413 854 480 923 nisi
507 853 754 925 Christianus:
793 876 899 924 nemo
928 860 1050 922 autem
1080 849 1312 935 Christianus,

167 960 174 972 ’
262 971 329 1042 nisi
363 971 423 1063 qui
457 970 503 1040 ed
537 968 645 1040 finem
679 992 792 1061 usque
825 968 1111 1062 perseveraverit.
1169 966 1233 1049 Tu,
1267 976 1344 1043 uts

261 1086 379 1170 homo,
397 1089 616 1157 extrinsecus
633 1108 923 1177 unumquemque
944 1086 1060 1155 nosti:
1087 1093 1190 1176 putas
1216 1084 1314 1176 quod

262 1203 385 1273 vides:
413 1202 511 1273 vides
544 1210 665 1273 eutem
700 1225 882 1295 quousque
912 1201 1033 1273 oculos
1066 1201 1186 1273 habes.
1238 1201 1313 1273 Sed

262 1318 362 1403 omli,
380 1321 506 1413 inquit,
524 1316 673 1391 Domini
688 1314 763 1389 alti.
815 1315 932 1389 Homo
950 1317 1140 1415 infaciem,
1158 1316 1254 1389 Deus
1272 1319 1314 1391 in

257 1435 457 1533 precordia
474 1432 730 1530 contemplatur.
784 1434 832 1506 Et
849 1436 929 1506 ideo
951 1436 1121 1532 coynoscit
1137 1432 1315 1507 Dominus

263 1554 324 1649 qui
356 1563 437 1625 sunt
469 1554 570 1647 crus:
613 1562 661 1635 et,
690 1550 859 1647 plantam,
898 1576 1000 1647 qaam
1038 1576 1107 1623 non
1139 1549 1315 1647 plantavit
1331 1574 1377 1613 10

261 1670 381 1755 Pater,
409 1670 586 1743 eradicat:
614 1668 722 1741 etde
745 1669 875 1763 primia
906 1668 1107 1741 novissimos
1134 1669 1313 1739 ostendit:

263 1797 301 1859 et
317 1786 540 1859 ventilabrum
558 1787 596 1856 in
613 1809 719 1857 manu
738 1794 859 1881 portat
884 1782 931 1856 ad
948 1784 1169 1882 paroemiam
1195 1808 1314 1857 aream

261 1927 370 1975 secam
423 1902 581 1973 Avolent
611 1910 784 1995 quantum
812 1903 944 1985 volent,
969 1902 1083 1996 paleae
1112 1902 1200 1973 levis
1229 1902 1315 1974 fidei

263 2042 488 2113 quocumque
521 2019 643 2090 afflatu
673 2022 937 2104 tentationum
973 2042 1016 2090 eo
1046 2021 1166 2113 purior
1199 2040 1317 2090 mussa

168 2152 217 2201 ,γι
263 2138 433 2209 frumenti
459 2138 497 2206 in
525 2136 651 2207 horreo
682 2135 827 2207 Domini
854 2146 1055 2230 reponetur.
1109 2134 1240 2207 Nonne
1266 2136 1315 2207 ab
1332 2163 1375 2222 15

263 2257 339 2348 ipso
358 2253 515 2324 Domino
537 2254 680 2346 quidam
704 2254 916 2325 discentium
942 2252 1167 2325 scandalizati
1192 2254 1316 2324 dever-

262 2370 412 2443 terunt?
440 2369 522 2441 Neo
538 2379 661 2441 tamen
685 2379 872 2464 propterea
897 2372 1007 2442 ceteri
1036 2393 1176 2464 quoque
1202 2369 1317 2439 disce-

263 2490 419 2559 dendum
437 2511 459 2558 u
475 2488 631 2582 vestigiis
649 2488 725 2581 ejus
741 2496 976 2582 putaverunt:
1000 2490 1062 2560 sed
1080 2490 1140 2581 qui
1158 2488 1317 2559 scierunt

263 2604 367 2676 illum
384 2604 468 2677 vitae
486 2626 562 2675 esse
581 2603 754 2687 Verbum,
772 2614 810 2675 et
823 2629 844 2675 a
857 2604 937 2676 Deo
951 2607 1096 2689 venisse,
1114 2626 1318 2699 persevera-

265 2728 393 2791 verunt
409 2721 448 2789 in
464 2722 637 2791 comitatu
653 2721 730 2813 ejus
746 2744 858 2815 usque
875 2723 920 2793 ad
937 2723 1065 2793 finem:
1086 2745 1170 2793 cum
1186 2702 1266 2806 illis,
1286 2722 1316 2792 si
1331 2744 1377 2785 20

153 2851 195 2900 sm.
212 2835 400 2908 .u.vellent
417 2846 455 2907 et
471 2839 538 2930 ipsi
564 2838 752 2921 discedere,
776 2839 914 2932 placide
940 2837 1136 2911 obtulisset.
1190 2837 1319 2909 Minus

108 3564 117 3597 ι
131 3550 202 3599 tour.
214 3551 240 3599 ii.

115 3902 191 3951 cAP.
202 3902 249 3951 1v.

265 2962 321 3025 est
347 2956 376 3025 si
405 2965 443 3024 et
469 2953 669 3047 apostolum
700 2955 776 3047 ejus
802 2954 909 3047 aliqui
937 2954 1142 3049 Phygellus,
1165 2963 1203 3026 et
1222 2954 1320 3025 Her-

264 3092 444 3165 mogenes,
478 3078 517 3140 et
548 3069 719 3154 Philetus,
754 3081 792 3142 et
820 3071 1040 3166 Hymenaeus
1073 3070 1318 3163 reliquerunt:

265 3185 342 3278 ipse
358 3188 509 3256 traditor
525 3186 657 3258 Christi
680 3190 726 3259 de
752 3189 919 3282 apostolis
937 3189 1015 3259 fuit.
1068 3186 1246 3259 Miremur
1271 3189 1318 3259 de

267 3301 425 3373 ecclesiis
453 3303 540 3394 ejus,
570 3306 599 3373 si
628 3328 650 3375 a
679 3302 890 3397 quibusdam
920 3307 1138 3389 deseruntur,
1165 3328 1248 3377 oum
1274 3328 1320 3377 eo
1333 3332 1351 3371 ι
1355 3332 1374 3392 5

267 3440 332 3487 nos
344 3418 534 3490 ostendant
548 3418 775 3507 Christianos,
787 3444 867 3515 quae
881 3422 1037 3514 petimur
1047 3422 1093 3492 od
1110 3422 1318 3515 exemplum

267 3533 377 3629 ipsius
394 3532 550 3607 Christi?
575 3536 637 3637 En
661 3536 767 3621 nobis,
785 3539 910 3631 inquit,
926 3537 1145 3633 prodierunt,
1162 3536 1223 3609 red
1247 3562 1319 3611 uon

257 3650 471 3748 sacrantem
487 3650 606 3732 nobis:
631 3655 664 3723 si
678 3652 835 3749 fuissent
856 3679 901 3727 ec
920 3654 1026 3739 nobie,
1048 3655 1320 3750 permansissem

268 3769 386 3864 ntique
402 3766 586 3840 nobiscum.

319 3885 416 3970 Quin
449 3888 568 3979 potius
600 3910 776 3959 memores
805 3890 914 3959 simus
944 3896 1019 3958 torn
1050 3888 1318 3960 Dominiourum
1330 3916 1373 3975 30

269 4005 621 4097 praenuuciationum,
656 4028 761 4097 quam
801 4006 1072 4099 apostolicorum
1107 4005 1319 4091 litterarum,

271 4143 351 4211 quae
385 4119 486 4189 nobis
521 4129 558 4190 et
590 4121 728 4193 futuras
761 4122 914 4195 haereses
948 4124 1246 4216 praenunciarunt,
1281 4134 1320 4195 et

271 4234 455 4328 fugiendas
475 4238 738 4330 praefinierunt:
766 4248 803 4310 et
821 4242 912 4311 siout
930 4264 1006 4313 esse
1027 4240 1105 4313 illes
1122 4266 1194 4313 non
1212 4265 1321 4335 expa-
