2867 4817
272 325 338 389 804
648 327 681 390 S.
706 325 945 391 CYPRIANI

273 502 338 572 tibi
356 501 468 596 magis
484 501 648 595 congruit
669 522 810 572 nomen.
862 500 958 571 Nam
981 522 1064 572 cum
1086 501 1263 573 Dominus
1283 504 1322 573 in

273 618 457 714 evangelio
490 618 536 688 de
568 617 801 713 eleemosynis
834 619 1040 712 disputaret,
1073 626 1112 689 et
1144 628 1187 688 ut
1218 617 1325 688 nobis

273 737 405 805 amicos
439 735 486 805 d'c
520 736 750 807 terrestribus
786 734 893 806 lucris
931 736 1077 829 provida
1115 736 1325 828 operatione

273 851 478 934 faceremus,
492 852 552 944 qui
570 874 634 921 uos
651 851 878 945 postmodum
891 853 929 922 in
940 852 1170 923 tabernacula
1186 860 1324 923 aeterna

273 970 500 1061 susciperent,
526 967 680 1039 fideliter
705 992 747 1038 ac
776 967 965 1039 salubriter
991 977 1234 1062 praemoneret,
1259 969 1352 1052 τιὰ-5

164 1132 170 1147 .
213 1097 229 1147 ·.
274 1084 365 1156 didit
389 1094 470 1179 post
497 1084 575 1155 haec
601 1085 774 1178 scriptura
802 1085 942 1156 dicens:
980 1083 1179 1155 Audicbcnt
1208 1094 1322 1157 cutem

271 1200 346 1273 daec
374 1202 491 1273 omnic
519 1199 708 1284 Pharisaei,
739 1201 801 1296 qui
828 1210 928 1272 munt
955 1200 1184 1296 cupidissimi,
1210 1211 1241 1274 et
1270 1204 1324 1273 ir-

271 1319 428 1392 ridebant
461 1344 548 1391 eum.
599 1316 732 1404 Quales
765 1340 861 1389 nunc
894 1318 1065 1410 quosdam
1098 1319 1136 1388 in
1169 1318 1323 1390 ecclesia

270 1438 441 1519 videmus,
467 1458 616 1529 quorum
646 1433 826 1529 praeclusoe
855 1456 957 1504 aures
987 1442 1025 1504 et
1053 1435 1160 1504 corda
1184 1443 1322 1505 coecuta

180 1618 182 1622 .
270 1553 409 1625 nullum
427 1554 472 1623 de
496 1550 711 1646 spiritalibus
732 1574 774 1622 ac
799 1550 1011 1623 salutaribus
1036 1552 1180 1622 monitis
1197 1551 1321 1623 lumen
1337 1590 1377 1629 ιο

269 1671 489 1754 admittunt3
515 1668 704 1761 dequibus
727 1669 847 1739 mirari
868 1690 940 1739 non
963 1677 1103 1763 oportet
1120 1670 1215 1761 quod
1236 1693 1322 1739 con-

270 1795 433 1859 temnant
465 1786 503 1857 in
532 1786 742 1857 tractatibus
774 1808 926 1868 servum,
956 1786 1097 1878 quando
1130 1809 1152 1856 a
1186 1786 1321 1859 talibus

270 1904 386 1996 ipsum
404 1902 598 1973 Dominum
616 1902 798 1972 videamus
814 1923 892 1971 esse
908 1907 1141 1972 contemtum.

321 2018 391 2089 IX.
409 2018 505 2103 Quid
531 2018 597 2089 tibi
620 2019 657 2087 in
682 2018 759 2088 istis
781 2018 911 2110 ineptis
928 2025 966 2088 et
989 2015 1108 2087 stultis
1132 2018 1321 2111 cogitatio-

269 2136 373 2207 nibus
396 2135 543 2229 plaudis,
561 2135 660 2228 quasi
680 2142 781 2204 metu
804 2142 843 2204 et
862 2132 1099 2204 sollicitudine
1116 2133 1319 2205 futurorum
1333 2177 1371 2235 15

268 2251 314 2322 ab
342 2251 505 2346 operibus
529 2250 738 2323 retarderis?
769 2250 866 2335 Quid
890 2249 1034 2321 umbras
1059 2258 1099 2320 et
1121 2250 1320 2344 praestigias

268 2370 438 2461 quasdam
476 2392 576 2440 vanae
614 2368 853 2440 excusationis
891 2366 1081 2438 obtendis?
1137 2366 1319 2437 Confitere

268 2488 378 2557 immo
403 2509 484 2578 quae
510 2508 594 2555 vera
618 2492 721 2569 sunt;
756 2492 793 2555 et
822 2484 906 2576 quia
934 2484 1085 2554 scientes
1114 2506 1186 2553 nou
1215 2493 1320 2577 potes

267 2603 400 2687 fallere,
418 2611 554 2674 secreta
570 2610 608 2673 et
631 2602 753 2673 obdita
773 2602 905 2672 mentis
927 2622 1106 2694 exprome.
1158 2600 1320 2672 Obsede-

267 2730 352 2792 runt
380 2722 538 2791 animum
573 2728 678 2790 tuum
713 2716 909 2788 sterilitatis
942 2718 1111 2799 tenebrae,
1147 2725 1187 2788 et
1220 2740 1370 2793 rece-20

268 2836 376 2907 dente
401 2836 486 2906 inde
510 2834 644 2905 lumine
666 2834 837 2916 veritatis,
862 2832 1003 2903 carnale
1031 2841 1158 2926 pectus
1180 2832 1254 2903 alta
1279 2842 1320 2904 et

266 2952 440 3046 profunda
456 2952 613 3023 avaritiae
631 2949 745 3043 caligo
762 2950 920 3020 coecavit.
956 2948 1125 3020 Pecuniae
1147 2958 1218 3020 tuae
1235 2972 1319 3043 cap-

266 3070 361 3139 tivus
379 3077 416 3140 et
433 3090 554 3139 servus
576 3090 623 3151 es,
641 3067 777 3138 catenis
798 3066 1002 3159 cupiditatis
1018 3074 1057 3136 et
1073 3064 1223 3135 vinculis
1238 3064 1318 3135 alli-

265 3194 370 3279 gatus
386 3206 433 3267 es,
451 3193 490 3254 et
506 3206 612 3276 quern
628 3184 705 3275 jam
726 3181 879 3254 solverat
896 3182 1067 3266 Christus,
1085 3184 1202 3253 denuo
1219 3184 1319 3253 vinc-

267 3310 327 3371 tus
344 3322 392 3371 es.
438 3300 564 3371 Servus
580 3301 778 3394 pecuniam,
795 3323 872 3391 quae
889 3309 927 3370 te
944 3308 1083 3370 servata
1097 3322 1170 3370 non
1186 3309 1315 3371 servat.
1327 3337 1344 3377 2
1347 3338 1365 3397 5

269 3418 526 3489 Patrimonium
548 3417 718 3500 cumulas,
736 3418 830 3509 quod
847 3425 886 3487 te
907 3419 1064 3510 pondere
1083 3438 1148 3486 suo
1169 3425 1316 3501 onerat;

265 3557 332 3605 nec
357 3534 550 3605 meministi
572 3535 657 3627 quid
684 3533 784 3605 Deus
808 3535 1028 3628 responderit
1054 3534 1155 3605 diviti
1181 3534 1316 3605 exube-

266 3652 420 3723 rantium
456 3650 637 3722 motuum
671 3652 809 3744 copiam
845 3649 957 3721 stulta
989 3651 1212 3722 exultatione
1238 3652 1316 3744 jao-

176 3780 218 3830 zu.
266 3770 379 3841 tanti:
396 3764 516 3851 Stulte,
534 3769 659 3860 inquit,
676 3764 741 3838 liae
756 3776 852 3838 nocte
867 3766 1103 3862 cepostulctur
1118 3768 1238 3839 animo
1254 3776 1315 3839 utu

266 3909 289 3957 n
314 3895 354 3957 te.
407 3884 494 3975 Ques
518 3907 597 3982 elye
618 3884 763 3979 parasti
780 3882 875 3977 cujus
897 3884 1030 3956 mint?
1062 3885 1159 3970 Quid
1181 3886 1365 3983 divitiis30

265 4003 337 4073 tuis
359 4000 454 4073 solus
475 4002 631 4083 incubus,
648 4001 734 4093 quid
759 4002 797 4072 in
821 4024 962 4095 poenam
985 4010 1084 4073 tirum
1110 4004 1315 4095 patrimonii

264 4118 316 4188 tui
352 4118 491 4211 pondus
526 4140 728 4213 exaggeras,
762 4125 804 4187 ut
833 4140 904 4211 quo
941 4117 1152 4211 locupletior
1184 4118 1315 4191 saeculo

264 4234 382 4317 fueris,
416 4235 603 4327 pauperior
636 4233 716 4304 Deo
749 4233 839 4305 iias?
893 4234 1046 4307 Reditus
1079 4244 1161 4307 tuos
1194 4236 1315 4309 divide
