2867 4817
537 292 764 355 EPITOME.
1104 294 1170 361 339

124 474 190 537 aut
218 468 337 560 gravia
369 466 493 558 parvis,
527 468 622 559 quod
655 477 711 537 est
744 466 914 537 dissoluti.
966 466 1167 560 Utrumque

126 582 325 675 reipublicae
354 584 639 668 incommodum
680 585 708 654 si
741 586 836 654 enim
865 607 1003 655 summa
1035 584 1166 655 scelera

126 700 252 771 leviter
276 700 475 791 puniantur,
492 700 637 772 audacia
660 701 762 771 malis
785 710 918 773 crescet
944 702 989 771 ad
1012 702 1167 772 facinora

124 817 280 908 majora3
304 826 341 887 et
357 818 385 887 si
403 815 538 887 levibus
555 816 692 889 delictis
709 840 815 909 poena
826 819 964 912 gravior
980 819 1164 912 irrogetur,

125 932 231 1004 multi
253 934 356 1016 cives,
378 934 542 1025 quoniam
563 958 668 1004 nemo
692 957 769 1005 esse
785 936 861 1004 sine
885 934 1014 1004 delicto
1036 943 1165 1027 potest,

124 1050 161 1119 in
200 1050 394 1143 periculum
433 1051 584 1134 venient,
619 1053 679 1143 qui
720 1052 871 1143 correpti
905 1061 1047 1143 possent
1088 1074 1164 1123 esse

123 1166 297 1238 meliores

483 1383 591 1455 CAP.
619 1384 807 1454 XXXIX.

174 1516 242 1587 Illa
270 1516 364 1612 (sor.
394 1517 488 1601 Alia,
521 1515 622 1611 Cous.
650 1514 733 1587 Dio.
761 1514 850 1587 Inat.
877 1516 947 1587 Ill.
975 1524 1049 1607 23.)
1080 1528 1162 1589 vero

123 1634 238 1717 levia;
255 1636 317 1705 sed
330 1658 374 1705 ex
389 1637 512 1705 eadem
527 1636 682 1705 vanitate
697 1645 897 1705 nascuntur.
922 1635 1162 1729 Xenophanes

122 1751 245 1823 orbem
270 1751 361 1823 lunae
386 1754 506 1824 decem
535 1762 571 1823 et
597 1762 678 1823 octo
702 1753 860 1845 partibus
878 1753 969 1823 dixit
989 1776 1065 1823 esse
1089 1776 1162 1823 ma-

114 1868 242 1958 jorem,
276 1893 381 1961 quam
415 1870 488 1940 haec
522 1880 641 1940 nostra
674 1872 721 1940 sit
754 1880 856 1939 terra.
909 1869 1035 1961 Itaque
1068 1870 1160 1939 intra

120 1985 238 2054 sinum
266 1986 341 2077 ejus
367 1986 472 2057 aliam
500 1995 629 2056 terram
660 1988 842 2067 contineri,
867 2009 948 2078 quae
974 1985 1019 2055 ab
1048 1986 1160 2055 homi-

120 2100 225 2171 nibus
237 2110 274 2171 et
287 2105 401 2174 omnis
412 2105 550 2196 generis
566 2102 775 2173 animalibus
789 2101 973 2173 incolatur.
1001 2101 1058 2172 De
1069 2104 1160 2171 anti-

120 2218 271 2309 podibus
293 2244 432 2313 quoque
449 2222 524 2291 siue
547 2221 617 2290 risu
637 2243 703 2289 nee
720 2221 842 2303 audiri,
859 2241 925 2289 nec
942 2219 1011 2290 dici
1031 2228 1158 2311 potest.

121 2330 302 2405 Asseritur
328 2346 447 2407 tamen
470 2337 567 2429 quasi
590 2336 721 2428 aliquid
744 2335 882 2417 serium,
908 2344 950 2405 ut
976 2334 1158 2404 credamus

120 2472 197 2521 esse
222 2451 390 2535 homines,
413 2455 473 2545 qui
499 2455 654 2548 vestigiis
681 2454 808 2523 nostris
837 2452 990 2523 habeant
1015 2452 1160 2521 adversa

122 2568 278 2662 vestigia.
329 2569 559 2640 Tolerabilius
581 2567 813 2663 Anaxagoras
837 2569 1008 2652 deliravit,
1024 2569 1084 2660 qui
1108 2571 1160 2638 ui-

118 2708 218 2778 gram
253 2688 370 2756 nivem
404 2686 504 2756 dixit.
556 2685 786 2770 Quorundam
821 2708 892 2757 uon
922 2686 1028 2756 modo
1053 2687 1157 2769 dicta

119 2803 314 2873 sedetiam
341 2804 434 2875 facta
462 2805 607 2875 ridenda
636 2813 730 2876 sunt.
782 2802 1006 2874 Democritus
1034 2826 1157 2897 agrum

119 2942 222 2989 suum
246 2944 267 2991 a
288 2932 387 3013 patre
407 2920 478 2993 ‘sibi
502 2922 663 2995 relictum
687 2921 852 3003 deseruit,
869 2930 907 2991 et
926 2943 1054 3014 pascua
1069 2920 1158 3012 pub

119 3036 188 3106 lica
216 3038 290 3108 fieri
323 3062 442 3131 passus
470 3047 533 3109 est.
585 3037 763 3132 Diogenes
788 3060 869 3108 oum
896 3037 1002 3105 choro
1029 3058 1156 3105 canum

118 3176 271 3239 suorum,
301 3158 361 3249 qui
393 3159 557 3227 virtutem
594 3156 690 3225 illam
725 3178 898 3225 summam
928 3164 966 3223 et
995 3162 1156 3223 exactam

118 3294 235 3342 rerum
269 3276 425 3345 omniurn
464 3283 684 3377 contemtum
723 3275 917 3367 profitetur,
957 3273 1156 3343 mendicare

110 3389 252 3459 uictum
269 3390 404 3471 maluit,
422 3414 527 3482 quam
550 3391 698 3461 honesto
722 3390 840 3461 laboro
863 3389 1076 3482 conquirere,
1093 3397 1155 3457 aut

118 3504 247 3575 habere
267 3506 375 3578 ullam
396 3532 471 3577 rem
498 3507 714 3579 familiarem.
758 3508 864 3579 Certe
891 3508 965 3578 vitu
988 3508 1156 3599 sapientis

117 3621 321 3716 exemplum
351 3646 427 3695 esse
456 3624 595 3695 vivendi
626 3627 763 3696 caeteris
792 3625 908 3695 debet.
960 3622 1154 3693 Siborum

117 3740 323 3832 sapientiam
350 3762 471 3842 omnes
495 3743 688 3825 imitentur,
705 3741 882 3834 quomodo
903 3739 1047 3811 stabunt
1070 3740 1152 3809 civi-

118 3856 233 3927 tates?
268 3857 340 3929 Sed
366 3859 511 3929 forsitan
536 3859 643 3929 iidem
674 3858 795 3952 Cynici
823 3856 1026 3950 exemplum
1056 3878 1153 3926 vere·

116 3973 256 4045 cundiae
280 3976 434 4068 praebere
459 3984 659 4069 potuerunt,
677 3978 737 4068 qui
760 3975 875 4069 palam
892 3998 975 4045 cum
997 3976 1152 4069 conjugi·

104 4090 182 4161 -bus
198 4093 269 4161 suis
293 4094 547 4163 cubitaverunt.
601 4092 858 4185 Nescioquam
882 4101 1023 4186 possent
1044 4093 1152 4163 virtu-

115 4216 188 4278 tem
208 4208 405 4292 defendere,
423 4212 482 4302 qui
507 4212 674 4303 pudorem
698 4211 924 4281 sustulerunt.
978 4210 1062 4281 Nou
1079 4235 1152 4281 me-

160 4344 232 4385 vot.
252 4343 275 4385 ll
609 4348 628 4387 X
645 4347 665 4387 Χ
