2867 4817
259 299 323 361 142
610 297 955 363 TERTULLIANI

256 481 299 544 ut
311 472 414 543 alteri
431 470 599 545 doctrinae
611 472 827 566 deputatur?
845 496 891 543 an
907 472 1003 543 illius
1020 471 1310 557 denuntiationis,

97 596 189 648 ssim·
200 597 218 646 t·
259 590 305 663 da
322 612 392 683 qua
407 589 476 660 ait:
501 586 609 661 Hunc
624 587 917 661 denuntiationem
941 586 1309 683 nummipetae,

89 720 109 755 ‘¹
123 705 189 755 'fim-
199 704 233 755 *¹-
248 704 311 802 flu·
331 702 536 777 Timotiee?
561 704 657 775 Item
682 704 777 776 illius
799 706 975 799 praeoepti,
994 706 1038 777 de
1064 727 1135 797 quo
1155 706 1217 789 ait,
1235 702 1312 777 De-

259 823 381 895 nuntio
397 819 460 893 tibi
484 831 562 893 ante
578 820 703 907 Deum,
722 823 783 918 qui
809 820 959 917 vivificat
983 821 1111 904 omniu,
1135 829 1167 891 et
1183 818 1309 893 Jesum

260 938 449 1022 Christum,
467 939 529 1034 qui
545 938 741 1034 testificatus
758 950 807 1012 eat
823 937 884 1011 sub
901 936 1032 1011 Pontio
1048 936 1169 1011 Pinio
1184 936 1339 1024 bonanus

258 1053 513 1151 confessionem
530 1064 569 1127 ut
592 1054 764 1127 antedius
783 1054 1027 1151 praeceptum?
1052 1056 1159 1140 Quod
1184 1065 1310 1127 autem

258 1182 487 1267 praeceptum,
506 1182 641 1266 atquae
667 1172 912 1245 denuntiatio?
940 1173 997 1245 Ex
1024 1196 1129 1267 supra
1153 1182 1192 1244 et
1215 1173 1310 1245 infra

258 1291 396 1384 seriptis
412 1289 641 1385 intelligetur,
658 1313 731 1361 non
755 1292 874 1362 nescio
900 1291 985 1383 quid
1007 1289 1213 1362 subostendi
1238 1290 1309 1361 hoo

258 1408 355 1479 dicto
371 1408 417 1479 de
438 1409 627 1480 remotiore
649 1407 820 1493 doctrina,
838 1407 901 1479 sed
926 1410 1045 1501 potius
1069 1407 1237 1479 inculcari
1261 1408 1310 1478 de

259 1546 331 1594 non
355 1525 577 1595 admittenda
601 1523 671 1595 alia
694 1532 826 1617 praetar
847 1546 938 1608 eam,
956 1547 1062 1617 qnam
1084 1524 1245 1595 audierat
1262 1526 1310 1597 ab
1325 1552 1364 1593 ιο

150 1638 156 1649 “
201 1638 227 1687 l·
258 1642 345 1736 ipso,
368 1649 406 1712 et
435 1650 523 1734 puto
547 1640 685 1735 palam:
713 1640 842 1715 Corum
868 1638 995 1724 multis,
1014 1642 1140 1735 inquit,
1159 1638 1309 1713 natibus

258 1759 358 1843 Quos
390 1758 523 1829 multos
556 1766 676 1842 testes,
706 1758 735 1829 si
770 1756 898 1828 nolunt
931 1758 1117 1829 ecclesiam
1144 1758 1309 1853 intelligi,

258 1874 347 1946 nihil
379 1877 553 1960 interest3
591 1876 732 1968 quando
760 1873 849 1945 nihil
879 1875 1030 1945 tacitum
1064 1874 1182 1960 fuerit,
1210 1878 1308 1967 quod

259 1992 326 2063 sub
358 1991 481 2063 multis
513 1991 665 2062 testibus
698 1991 952 2084 proferebatur.
1015 1990 1088 2063 Sed
1123 2016 1189 2063 nec
1223 1994 1309 2086 quia

126 2120 159 2169 ··
259 2108 361 2179 illum
378 2118 501 2181 monet
525 2107 599 2181 ime
612 2108 777 2205 fidelibus
800 2107 995 2181 dominibus
1012 2108 1228 2193 mandare,
1247 2112 1310 2206 qui
1324 2136 1335 2175 ι
1342 2134 1362 2195 5

259 2224 375 2297 idomi
390 2226 461 2298 sint
477 2236 509 2298 et
525 2225 613 2299 alios
629 2226 749 2299 docere
758 2252 771 2307 ;
787 2226 824 2297 id
837 2250 978 2320 quoque
995 2230 1039 2299 ad
1057 2237 1310 2322 argumentum

258 2342 389 2414 occulti
406 2344 554 2437 alicujus
571 2343 745 2439 evangelii
763 2344 1069 2436 interpretandum
1090 2352 1155 2415 est.
1209 2344 1309 2417 Nam

257 2483 341 2531 cum
365 2460 462 2544 dicit,
479 2459 562 2546 icae,
580 2462 626 2533 de
655 2463 706 2533 eis
733 2461 830 2545 dicit,
853 2462 899 2531 de
925 2462 1052 2554 quibus
1077 2463 1115 2531 in
1139 2464 1309 2554 praesenti

257 2578 453 2650 scribebat:
480 2580 525 2651 de
550 2579 699 2651 occultis
722 2588 843 2651 autem
869 2589 911 2650 ut
928 2578 974 2650 de
991 2580 1196 2651 absentibus
1212 2582 1309 2674 apud

258 2697 520 2781 conscientiam,
537 2721 610 2768 non
626 2694 707 2782 lroeo,
726 2697 788 2768 sed
805 2693 867 2767 illa
885 2696 1043 2767 dixisset.
1322 2726 1365 2767 20

128 2827 212 2876 cae.
309 2811 419 2885 Porro
446 2836 664 2906 consequens
688 2821 775 2896 erat,
797 2821 840 2883 ut
863 2814 921 2883 cui
946 2812 1184 2884 demandabat
1202 2838 1311 2887 evan-

122 2892 222 2941 ml'
257 2929 342 3023 gelii
359 2930 710 3013 administrationem,
728 2953 800 3001 non
816 2932 946 3025 passim
964 2954 1031 3003 nec
1049 2932 1311 3005 inconsiderato

258 3046 571 3118 administrandam
620 3045 799 3138 adjiceret,
842 3047 1037 3119 secundum
1080 3047 1309 3121 Dominicam

96 3179 222 3230 armna
258 3186 392 3245 vocem,
419 3186 462 3233 ne
491 3163 718 3259 margaritam
747 3164 876 3259 poecis,
911 3174 943 3236 et
975 3174 1131 3237 sunctum
1166 3164 1310 3239 enaiim

248 3278 408 3372 jactaret.
460 3279 635 3351 Dominus
662 3280 780 3373 palam
810 3281 933 3365 edixit,
964 3282 1040 3353 sine
1073 3281 1148 3353 ulla
1175 3285 1361 3379 signifi-25

95 3416 207 3465 una»
258 3397 398 3467 catione
415 3396 563 3489 alicujus
579 3398 680 3468 taciti
697 3400 918 3471 sacramenti.
971 3398 1053 3492 Ipse
1078 3412 1309 3495 praeceperat,

258 3514 287 3584 si
304 3515 390 3606 quid
406 3515 444 3585 in
460 3515 616 3586 tenebris
632 3515 724 3587 etin
741 3516 948 3587 abscondito
964 3516 1155 3601 audissent,
1172 3518 1210 3588 in
1228 3518 1311 3590 luce

96 3640 218 3691 lamia
258 3633 360 3703 etin
392 3632 498 3705 tectis
531 3631 775 3726 praedicarent'.
827 3632 910 3726 Ipse
942 3656 1007 3727 per
1039 3635 1310 3709 similitudinem

258 3748 555 3844 praefiguraverat,
597 3772 644 3820 ne
685 3772 794 3821 unam
836 3772 967 3832 mnam,
1007 3750 1043 3821 id
1091 3761 1156 3835 est,
1196 3776 1311 3825 unum

259 3866 407 3937 verbum
424 3868 510 3959 ejus,
527 3867 603 3938 sine
620 3865 739 3937 fructu
756 3868 794 3938 in
810 3865 933 3937 abdito
951 3877 1180 3940 reservarent.
1226 3870 1312 3965 Ipse
1320 3906 1363 3963 30

258 3981 420 4065 docebat,
436 3981 618 4053 lucernam
643 4005 716 4053 non
738 3982 804 4053 sub
829 3985 990 4055 modium
1007 3984 1166 4057 abstrudi
1184 3986 1310 4071 solere,

259 4097 376 4169 sedin
396 4098 647 4170 candelabrum
668 4101 848 4182 constitui,
866 4109 904 4172 ut
928 4098 1038 4173 lucent
1063 4100 1229 4186 omniun,
1248 4104 1312 4199 qui

260 4214 299 4284 in
327 4211 428 4286 mmo
454 4223 543 4287 sunt.
595 4213 688 4288 Haee
715 4215 865 4310 apostoli
892 4227 954 4289 aut
975 4218 1222 4313 neglexerunt,
1246 4231 1311 4292 aut
