2867 4817
519 305 751 372 EPITOME.
1105 301 1170 373 369

499 477 610 550 CAP,
638 475 785 549 LXIII.

166 595 337 688 Superest
363 596 409 665 de
433 595 643 687 spectaculis
674 595 801 676 dicere,
820 616 897 685 quae
921 596 1087 686 quoniam
1108 616 1171 687 po·
1239 669 1240 672 ,

117 712 271 782 tentiora
295 719 379 781 sunt
403 712 448 780 ad
470 710 745 802 corrumpendos
771 711 917 792 animos,
937 711 1090 780 ¹vitanda
1115 733 1168 779 sa·

117 827 297 922 pientibus
335 836 374 896 et
412 826 570 896 cavenda
607 834 713 909 srmt3
758 833 835 895 tum
869 826 962 917 quod
997 826 1042 895 ad
1077 823 1169 894 cele-

118 943 271 1015 brandos
288 943 435 1012 deorum
451 942 602 1012 honores
618 943 765 1012 inventa
781 949 1032 1013 memorantur.
1071 941 1169 1011 Nam

119 1081 309 1130 munerum
334 1058 508 1128 editiones
539 1057 684 1127 Saturni
710 1058 803 1129 festa
831 1067 933 1128 sunt:
964 1056 1079 1128 Scena
1111 1056 1171 1126 Li-

119 1175 195 1246 beri
213 1173 331 1244 Patris
348 1183 422 1244 est:
451 1172 544 1243 Ludi
561 1196 646 1243 vero
663 1173 847 1243 Circenses
871 1172 1045 1265 Neptuno
1062 1172 1170 1241 dicati

121 1297 311 1382 putantur:
352 1298 393 1357 ut
416 1290 493 1381 Jam
521 1289 582 1380 qui
612 1288 822 1380 spectaculis
855 1289 1012 1369 interest,
1047 1285 1171 1356 relicto

123 1404 192 1476 Dei
210 1402 321 1486 cultu,
339 1404 384 1472 ad
400 1403 565 1496 profanos
582 1403 671 1472 ritus
688 1404 865 1473 transiisse
883 1403 1055 1474 videatur.
1099 1401 1171 1472 Sed

121 1543 190 1614 ego
206 1519 254 1589 de
270 1541 309 1588 re
325 1519 420 1588 malo
442 1519 570 1600 dicere,
588 1541 694 1609 quam
712 1519 757 1588 de
781 1519 925 1612 origine.
977 1518 1073 1601 Quid
1097 1525 1170 1586 tam

121 1633 300 1716 horribile,
335 1642 409 1703 tarn
444 1642 588 1715 tetrum,
624 1655 730 1726 quam
765 1633 918 1703 hominis
956 1632 1171 1703 trucidatio?

123 1750 212 1822 Ideo
237 1751 466 1820 severissimis
491 1747 629 1843 legibus
652 1751 726 1820 rita
751 1756 871 1819 nostra
896 1749 1063 1829 munitur,
1091 1748 1171 1816 ideo

123 1865 219 1937 bella
244 1862 457 1935 execrabilia
481 1872 577 1933 sunt.
629 1862 773 1934 Invenit
797 1873 917 1933 tamen
944 1863 1171 1945 consuetudo,

123 1990 300 2074 quatenus
325 1979 557 2050 homicidium
582 1981 658 2049 siue
683 1979 778 2050 bello
802 2003 845 2050 ac
869 1980 943 2048 sine
968 1977 1106 2071 legibus
1123 1978 1174 2048 fa·

125 2098 208 2179 ciat,
239 2104 276 2165 et
305 2094 374 2166 boc
406 2094 472 2164 sibi
502 2093 664 2187 voluptas
698 2095 793 2186 quod
827 2093 942 2164 scelus
971 2094 1172 2164 vindicavit.

126 2211 233 2296 Quod
251 2212 280 2281 si
300 2212 471 2280 interesse
491 2209 692 2291 homicidio,
710 2209 851 2280 sceleris
873 2211 1087 2280 conscientia
1109 2220 1172 2294 est,

126 2337 165 2399 et
181 2328 298 2398 eidem
317 2327 462 2397 facinori
485 2334 663 2418 spectator
684 2326 873 2395 obstrictus
890 2336 954 2407 est,
972 2327 1029 2395 cui
1053 2334 1091 2394 et
1113 2327 1174 2396 ad-

127 2444 272 2523 missor;
306 2463 391 2533 ergo
421 2447 459 2508 et
494 2441 531 2510 in
566 2439 621 2509 his
650 2439 886 2533 gladiatorum
916 2440 1069 2510 caedibus
1102 2462 1173 2509 non

126 2559 245 2627 minus
279 2578 402 2626 cruore
431 2555 665 2647 perfunditur,
700 2556 761 2646 qui
796 2563 943 2648 spectat,
977 2537 1084 2649 quam
1114 2555 1174 2625 ille

127 2674 189 2766 qui
215 2672 321 2742 facit:
346 2693 414 2740 nec
438 2678 556 2764 potest
573 2693 650 2740 esse
674 2673 843 2740 immunis
867 2695 889 2742 a
911 2675 1090 2766 sanguiue,
1114 2673 1172 2764 qui

129 2787 242 2859 voluit
259 2787 413 2869 effimdi3
438 2795 502 2856 aut
518 2785 630 2856 videri
646 2809 717 2855 non
741 2787 967 2870 interfecisse,
985 2790 1045 2880 qui
1068 2791 1176 2858 inter·

128 2905 253 2976 fectori
270 2911 309 2973 et
326 2903 414 2972 favit
430 2911 468 2972 et
484 2901 665 2994 proemium
683 2902 886 2994 postulavit.
934 2903 1030 2986 Quid
1047 2904 1175 2974 scena?

128 3043 216 3091 num
239 3017 415 3089 sanctior?
441 3018 478 3086 in
502 3039 572 3109 qua
596 3019 769 3088 comoedia
794 3019 839 3087 de
864 3021 993 3111 stupris
1018 3028 1056 3089 et
1080 3043 1177 3090 amo-

129 3137 237 3218 rIbus,
264 3134 436 3228 tragoedia
461 3135 506 3203 de
533 3133 676 3203 incestis
704 3142 744 3202 et
770 3135 962 3226 parricidiis
987 3135 1174 3205 fabulatur.

131 3251 358 3322 Histrionum
378 3252 488 3320 etiam
509 3251 678 3342 impudici
702 3259 845 3343 gestus3
875 3253 1002 3344 quibus
1028 3252 1177 3324 infamas

131 3367 294 3437 foeminas
326 3367 522 3445 imitantur,
551 3363 726 3449 libidines,
756 3389 842 3459 quas
872 3367 1033 3439 saltando
1063 3372 1177 3462 expri-

131 3491 248 3562 munt,
282 3481 423 3551 docent.
459 3479 557 3558 Nec
590 3482 707 3552 minus
740 3484 870 3552 mimus
900 3485 1176 3577 corruptelarum

133 3596 318 3689 disciplina
340 3605 404 3679 est,
428 3599 466 3667 in
491 3619 562 3687 quo
586 3596 678 3667 fiunt
699 3621 763 3691 per
787 3600 989 3693 imaginem,
1017 3624 1093 3693 quae
1115 3625 1179 3694 pu-

134 3712 251 3782 denda
275 3720 368 3793 sunt,
397 3720 439 3780 ut
469 3711 557 3781 fiant
589 3712 665 3781 sine
695 3714 842 3804 pudore,
866 3736 944 3806 quae
974 3738 1056 3785 vera
1085 3728 1178 3786 snrrt.

134 3827 307 3920 Spectant
324 3826 399 3897 haec
412 3825 664 3911 adolescentes,
678 3850 828 3918 quorum
846 3827 980 3898 lubrIca
993 3838 1088 3914 aetas,
1102 3819 1179 3923 qua·

134 3943 270 4013 franari
295 3966 337 4013 ac
362 3943 436 4036 regi
463 3941 580 4024 debet,
598 3943 645 4012 ad
672 3944 758 4012 vitia
781 3953 818 4014 et
844 3953 990 4035 peccata
1013 3945 1068 4016 his
1094 3948 1181 4018 ima·

133 4056 274 4150 ginibus
309 4057 478 4127 eruditur.
530 4055 653 4127 Circus
687 4080 769 4127 raro
800 4061 1020 4130 innocentior
1055 4063 1180 4133 existi-

134 4181 274 4254 matur3
304 4173 366 4243 sed
396 4174 508 4264 major
537 4171 594 4243 hic
620 4175 717 4243 furor
746 4185 812 4257 est,
837 4176 1009 4267 siquidem
1041 4186 1180 4272 mentes
