2867 4817
207 311 262 378 ΙΝ
287 313 324 377 S.
347 308 618 378 HlPPOLYTI
643 309 838 377 CONTRA
861 311 1079 379 NOETUM.
1127 315 1171 386 9³

163 485 203 549 P.
221 501 275 571 73.
291 485 314 549 l.
328 504 377 550 12.
394 487 442 550 καὶ
462 487 536 572 ἥκω]
555 485 678 551 Extare
697 485 758 550 hoe
776 484 1032 552 suffimentum
1045 487 1079 552 ln
1092 486 1171 554 duo·

122 573 180 636 bus
204 573 301 637 eodd.
327 572 463 658 seriptis,
490 572 573 637 sieut
597 572 757 637 invenitur
783 595 806 637 e
848 573 870 636 d
899 573 1169 659 Chrysostomnm,

122 659 297 724 ostendunt
313 658 391 723 Ver.
405 657 509 724 Ieett.
522 659 610 724 Test.
627 657 709 724 Novi
720 659 814 725 Griee
896 660 996 736 ienoe3
1013 661 1170 748 inquibus

121 745 292 810 munerari
318 745 473 810 debuerat
493 743 701 831 Hippolytus.
747 745 851 809 Porro
873 746 1027 831 seriptum
1047 769 1116 814 esse
1136 750 1170 815 in

121 832 230 896 multis
245 831 416 910 eodieibus,
433 831 592 916 quomodo
605 831 691 917 spud
703 830 924 918 Hippolytum,
940 835 973 897 ἐκ
986 840 1039 898 τοῦ
1050 836 1171 918 Ποερὸς

120 940 177 1003 pro
191 919 332 983 lectione
344 925 475 1003 reeepte
488 921 569 1000 παρὸ
584 924 636 982 τοῦ
648 917 766 1000 Ποτρὸς
776 916 896 984 eeedem
906 915 1011 985 lectt.
1022 921 1167 1005 probent.

164 1003 247 1069 Ibid.
265 1005 285 1070 Ι.
307 1023 356 1085 14.
371 1005 442 1069 ἀλλ’
455 1003 475 1084 ἣ
490 1005 627 1090 Πνεῦμα]
646 1004 763 1070 Divine
776 1004 896 1070 Christi
909 1013 1035 1086 nature,
1046 1007 1095 1072 uti
1108 1016 1168 1088 est,

119 1092 164 1156 ite
182 1091 305 1176 passim
320 1091 418 1156 etiem
433 1090 550 1156 dieitur
565 1091 703 1177 Spiritus
717 1090 858 1177 antiquis
879 1091 1018 1158 eoelesiae
1032 1093 1169 1160 doetori·

119 1178 179 1242 hus
201 1181 252 1242 διὰ
277 1177 313 1240 τὸ
338 1178 563 1261 ἀσχημάτιστον
588 1185 625 1242 ut
648 1175 791 1262 loquitur
814 1178 946 1244 Proelus
964 1177 1169 1246 GPolitnnus.

121 1263 206 1328 Vide
222 1263 397 1350 Hugonem
411 1263 559 1329 Grotinm
573 1265 616 1328 nd
632 1263 736 1328 Merei
748 1286 817 1349 esp.
833 1264 866 1330 i'n
880 1287 962 1330 vere.
978 1265 1008 1330 8.
1031 1266 1132 1334 Fssn.

164 1351 249 1415 Ibid.
266 1355 298 1415 τί
310 1348 344 1414 δέ
361 1351 503 1429 ἐστιντὸ,
524 1343 666 1435 ἐξῆλθον]
684 1348 713 1414 F
714 1372 761 1414 or.
781 1352 813 1414 τί
834 1349 868 1416 dd
892 1353 983 1432 ἐστιν,
999 1352 1017 1418 ὸ
1032 1356 1166 1434 ἐξῆλθεν.

117 1437 214 1519 Quod
230 1435 388 1502 hirenisse
402 1435 559 1522 interpres
573 1436 706 1501 videtur.

162 1523 201 1588 P.
218 1541 271 1604 74.
287 1523 309 1587 l.
329 1543 381 1587 11.
397 1522 478 1603 πλὴν
493 1525 557 1608 δύο]
577 1521 699 1588 Matth-
714 1529 748 1588 et
760 1522 837 1588 Lue.
849 1523 883 1587 in
894 1523 1046 1612 Evengel.
1069 1525 1169 1592 nise

111 1695 153 1760 d
164 1609 246 1674 Ibid.
263 1609 286 1672 l.
302 1627 352 1695 13.
368 1611 592 1674 ἀποκολύοπειν
611 1606 736 1690 μέλλον
753 1610 836 1695 τότε]
865 1610 920 1674 An
944 1610 1068 1698 legend.
1096 1639 1169 1678 ποτε

192 1833 201 1847 .
214 1803 273 1868 75.
289 1783 310 1846 l.
330 1801 374 1866 ¹9·
391 1782 427 1846 οὗ
440 1781 567 1864 πάρεστι
580 1785 692 1868 Λόγος]
712 1782 828 1848 Melius
841 1781 968 1848 videtin
980 1781 1004 1872 ᾧ
1018 1811 1050 1850 π.
1065 1791 1102 1850 Λ.

162 1869 199 1933 Ρ.
218 1873 270 1952 76.
286 1869 310 1933 l.
330 1886 358 1932 2.
375 1871 471 1937 κοθὸνς
485 1871 609 1950 εἴπομεν
623 1867 773 1954 ἀνωτέρω]
792 1870 892 2020 Onlpp.
906 1889 955 1934 ιο.
972 1877 1006 1936 et
1020 1891 1066 1935 12.

162 1956 247 2019 Ibid.
261 1956 283 2019 l.
298 1975 349 2019 10.
364 1953 445 2021 Θεὸς
456 1958 490 2020 ἐν
497 1957 611 2036 σόμοτι
623 1958 812 2042 ἕφονερόθη]
858 1965 945 2021 trum
955 1956 1006 2022 hle
1016 1957 1169 2024 efferetur

110 2043 257 2128 apostoli
283 2042 362 2106 illud
388 2041 420 2104 in
439 2043 547 2128 priori
565 2043 705 2128 Epietodr
727 2043 774 2107 (ul
794 2045 827 2107 u.
847 2042 1039 2123 ulmorum,
1054 2044 1097 2109 iii.
1116 2049 1167 2110 16.

111 2131 199 2196 Θεὸς
214 2130 395 2212 &pompose
410 2131 444 2194 ἓν
457 2129 554 2210 σαρκὶ,
566 2129 670 2193 adhue
683 2129 723 2193 lis
737 2135 798 2194 est.
822 2129 872 2193 De
886 2131 998 2194 endem
1010 2151 1047 2194 re
1060 2152 1167 2217 egens,

110 2216 185 2281 haee
207 2223 262 2281 eet
281 2215 461 2280 ineemetio
480 2215 607 2294 Christi,
624 2213 820 2301 Hippolytus
840 2217 874 2279 in
896 2215 960 2281 elio
981 2237 1020 2281 ee
1044 2217 1168 2283 diverso

108 2325 214 2388 opere
237 2302 377 2388 scripsit,
394 2303 498 2380 onos,
522 2305 538 2366 ὁ
561 2303 717 2384 προελθὸν
738 2305 783 2370 εἰς
804 2302 858 2367 τὸν
880 2304 994 2383 κόσμον
1016 2304 1098 2371 Θεὸς
1120 2307 1169 2369 καὶ

108 2389 490 2490 ἄνθρωποςθὲφανερῶθη.
514 2385 639 2490 ,Ιιοοιις
660 2395 752 2454 extet
770 2390 856 2474 epud
879 2389 1116 2454 Theodoretum
1135 2391 1169 2454 in

108 2475 261 2627 us
879 2559 1169 2650 ,ε

109 2649 187 2713 loeo
203 2647 305 2713 verbo
324 2653 418 2712 tenus
440 2647 542 2713 disere
564 2655 682 2726 entem,
704 2649 739 2712 in
763 2671 827 2733 quo
849 2671 870 2713 e
964 2648 1030 2713 lum
1052 2647 1169 2713 edduei

108 2735 212 2800 multi
223 2741 377 2809 eeneent3
395 2735 429 2799 id
440 2735 524 2821 quod
535 2671 655 2799 ὸὸοιιιοι
665 2735 699 2798 in
707 2733 812 2800 serbis
821 2758 843 2800 e
901 2735 1053 2800 eodoreto
1063 2735 1170 2800 elletis

110 2844 213 2886 nemo
244 2820 383 2886 dixerat.
427 2822 475 2885 At
498 2843 572 2886 vero
597 2819 675 2884 nihil
698 2822 817 2901 obstet,
841 2821 917 2906 quin
941 2828 1075 2907 utroque
1099 2823 1170 2887 loeo

113 2908 333 2994 Hippolytus,
359 2907 483 2972 etiamsi
513 2908 600 2995 opud
628 2907 809 2994 apostolum
835 2907 1004 2973 lectionem
1032 2907 1075 2986 ὸς,
1105 2930 1169 2972 non

113 2995 211 3070 Θεὸς,
229 2993 395 3071 invenerit,
411 2993 458 3059 ite
480 3001 588 3059 temen
609 3001 782 3081 propterea
802 2995 965 3073 scriberet,
988 2995 1074 3080 quod
1089 2995 1169 3060 rele-

113 3081 222 3145 tivum
237 3080 274 3146 ὃς
289 3101 361 3144 eum
379 3079 639 3145 antecedentibus
661 3085 745 3145 Θεοῦ
765 3087 880 3160 ζῶντος,
896 3080 1074 3146 interclusis
1088 3081 1169 3147 voei·

112 3167 177 3231 bus
199 3167 326 3244 mediis,
341 3167 586 3232 construendum
601 3166 775 3232 statuebat.
822 3168 875 3232 Sie
889 3174 922 3232 et
932 3166 1063 3232 inferius
1070 3168 1169 3234 hebet

114 3255 288 3338 apostolus
314 3274 406 3316 voees
430 3253 557 3317 eusdem
579 3253 663 3318 inter
687 3275 722 3318 se
747 3275 916 3319 eonnexes.
960 3253 1045 3319 Vide
1068 3254 1109 3319 de
1133 3255 1168 3320 S.

118 3339 214 3405 Peuli
241 3339 313 3403 loeo
335 3360 415 3424 opus
434 3340 604 3426 egregium,
623 3341 709 3404 Nori
725 3339 866 3405 noent
885 3341 1169 3425 Inlepretetiouem

117 3427 297 3512 duplicem,
309 3448 405 3510 quem
416 3447 517 3512 nuper
531 3426 657 3513 seripsit
672 3426 863 3491 Gmnvillius
878 3427 968 3492 Penn
983 3427 1031 3491 vir
1044 3428 1170 3507 nobilis,

118 3513 269 3598 idemque
283 3513 317 3576 in
332 3513 443 3600 primis
458 3519 589 3578 emetus
603 3519 637 3578 et
651 3512 824 3578 litteratus.

165 3601 248 3664 lbid.
264 3600 284 3663 l.
306 3620 355 3664 11.
374 3601 450 3664 sard
471 3601 643 3680 φοντοοίον
660 3597 679 3678 ἢ
699 3599 826 3685 τροπὴν]
848 3600 1012 3664 Adversus
1034 3597 1169 3662 hoeresin

121 3687 326 3764 Doceterurn,
343 3707 417 3771 quse
438 3684 590 3749 letissime
611 3691 772 3770 serpseret
792 3692 993 3772 propugnate
1005 3706 1027 3750 e
1041 3682 1172 3748 Simone

122 3773 226 3861 lllego,
253 3773 450 3849 Menandro,
478 3771 647 3848 Saturnilo,
674 3771 844 3847 Gnostieis,
870 3771 1050 3848 Corinthiis,
1080 3770 1170 3835 Besi-

120 3860 185 3939 lide,
205 3860 393 3938 Valentino,
411 3857 566 3936 Secundo,
583 3857 759 3943 Epiphane,
775 3857 908 3937 Isidoro,
925 3856 1170 3934 Hereeleonitis,

118 3947 300 4028 Ptolemaeo,
319 3943 548 4018 Mereosieuis
569 3943 704 4029 Ophitis,
726 3944 895 4021 Sethienis,
911 3944 1063 4022 Cerdone,
1081 3943 1170 4008 Mur-

112 4039 203 4118 ulone,
221 4035 356 4124 Apelle,
374 4029 573 4108 Berdesane,
589 4029 774 4110 Hermenio,
789 4031 838 4096 uti
860 4030 1008 4115 deineeps
1028 4053 1050 4094 n
1065 4029 1171 4099 Mani-

108 4127 205 4206 ehaeis,
223 4135 261 4193 et
278 4115 555 4189 priscillianistis.
578 4115 677 4180 Fssn.

141 4217 179 4282 P,
196 4234 254 4300 77,
273 4213 296 4277 l.
315 4227 351 4296 5.
372 4208 391 4270 ὸ
413 4203 561 4285 πρότερον
581 4203 628 4267 ὑπ’
652 4203 742 4267 αὐτοῦ
768 4203 990 4284 Ιεροτενόμενος
1013 4203 1052 4271 ὣς
1073 4199 1169 4287 Θεὸς]

100 4307 175 4392 Quia
191 4299 391 4370 Tunianus
406 4291 472 4355 hoe
487 4289 580 4353 modo
594 4288 697 4355 loeum
711 4289 817 4367 vertit,
829 4289 884 4374 qul
897 4297 964 4353 eret
977 4287 1015 4353 ed
1029 4310 1061 4354 eo
1074 4308 1172 4353 seeo-r-
