2867 4817
329 290 331 295 ·
462 252 609 319 LIBER
631 255 826 321 PRIMUS:
1100 258 1166 325 257

117 448 201 518 quoe
227 428 327 512 fiunt
355 437 392 501 et
421 428 587 501 accidunt
612 428 706 501 mole
733 430 890 502 subhac
912 431 1046 515 mundi,
1068 454 1164 503 oom-

116 544 273 616 modulis
297 569 368 616 non
396 547 533 629 nostris,
559 548 620 619 sed
649 548 759 641 ipsius
788 547 973 642 pendenda
1000 556 1084 619 sunt
1109 570 1164 619 ra·

117 662 277 733 tionibus
293 663 542 756 ordinibusque
558 671 701 735 naturae.

172 777 221 849 X.
240 778 320 851 Neo
345 780 374 850 si
399 780 530 873 aliquid
553 781 689 864 accidit
715 782 809 873 quod
835 780 1076 874 nosmetipsos,
1098 790 1162 853 aut

119 917 178 967 res
202 904 336 967 nostrus
359 919 484 989 parum
508 896 602 969 laetis
626 898 843 969 successibus
871 899 969 981 fovit,
994 899 1161 969 continuo

119 1010 257 1083 malum
279 1021 398 1095 estet
420 1014 457 1084 in
480 1014 669 1086 exitiabilis
694 1016 744 1085 rei
767 1015 931 1108 opinione
949 1014 1159 1108 ponendum.

121 1126 222 1199 Pluit
244 1130 487 1214 mundasset
508 1154 579 1203 non
601 1129 702 1225 pluit,
720 1131 862 1203 sibimet
883 1131 986 1225 pluit,
1005 1138 1067 1202 aut
1089 1150 1162 1201 non

120 1244 232 1337 pluit:
258 1252 297 1315 et
313 1246 407 1337 quod
423 1246 568 1317 forsitan
587 1248 731 1330 nescias,
751 1256 815 1318 aut
830 1247 999 1342 uliginem
1015 1248 1160 1319 nimiam

119 1362 290 1433 siccitatis
317 1362 440 1433 ardore
473 1363 647 1455 decoquit,
677 1372 740 1433 aut
772 1362 965 1457 longissimi
994 1365 1162 1457 temporis

119 1477 322 1550 ariditatem
343 1478 540 1572 pluviarum
564 1479 790 1551 effirsionibus
812 1486 998 1573 temperat.
1050 1480 1164 1551 Pesti-

120 1593 258 1678 lentiae,
275 1596 424 1679 morbos,
441 1596 561 1679 fames,
578 1604 684 1689 atque
705 1595 791 1669 alias
813 1598 969 1691 suggerit
988 1597 1162 1668 malorum

120 1712 320 1784 exitiabiles
353 1714 500 1784 formas:
543 1714 637 1784 unde
670 1714 737 1787 tibi
770 1723 825 1785 est
858 1714 955 1797 scire,
988 1737 1034 1785 ne
1067 1714 1161 1807 quod

121 1830 304 1913 exuberat,
333 1830 383 1901 sio
411 1828 524 1913 tollat,
553 1838 596 1900 ut
623 1853 687 1923 per
718 1853 782 1902 sua
808 1829 988 1924 dispendia
1016 1832 1162 1902 modum

121 1946 227 2017 rebus
243 1946 502 2017 luxuriantibus
519 1946 630 2041 figat?

172 2062 241 2135 XI.
259 2063 314 2133 Tu
338 2063 467 2133 audeas
490 2064 615 2145 dicere,
632 2061 700 2133 hoc
722 2071 761 2133 et
782 2061 870 2135 illud
893 2072 948 2134 est
969 2064 1007 2133 ln
1028 2061 1162 2133 mundo

122 2178 267 2263 malum,
292 2182 392 2273 cujus
417 2179 602 2273 explicare,
629 2177 825 2264 dissolvere,
851 2202 967 2273 neque
991 2179 1163 2274 originem

121 2294 249 2379 valeas,
275 2316 391 2388 neque
420 2294 583 2367 causam?
617 2303 656 2365 et
679 2295 761 2386 quia
781 2303 862 2366 tuas
883 2294 1052 2388 impediat
1076 2292 1164 2365 deli-

119 2413 267 2496 ciarum,
304 2413 449 2485 forsitan
485 2421 524 2483 et
563 2411 760 2494 libidinum,
800 2408 1009 2503 voluptates,
1047 2412 1163 2503 perni-

121 2529 258 2601 ciofflm
276 2552 351 2601 esse
374 2540 480 2625 atque
503 2552 664 2622 asperum
688 2527 808 2599 dicas?
836 2527 932 2612 Quid
948 2528 1055 2622 ergol
1080 2529 1163 2620 quia

121 2647 232 2741 frigus
248 2646 414 2717 membris
437 2646 508 2719 tuis
531 2648 716 2717 adversum
737 2654 801 2728 est,
818 2652 856 2715 ct
878 2645 1062 2739 congelare
1084 2667 1162 2717 san·

120 2764 237 2859 guinis
263 2764 316 2834 tui
341 2764 513 2834 fervorem
539 2762 638 2846 solet,
665 2762 790 2832 iccirco
814 2761 853 2831 iu
878 2762 1011 2833 mundo
1039 2761 1161 2854 hyems

120 2902 199 2952 esse
232 2903 303 2950 non
336 2879 465 2951 debet?
501 2880 549 2951 Et
578 2878 660 2972 quia
691 2879 845 2971 perferre
878 2878 1161 2972 flagrantissimos

121 2998 213 3069 soles
237 3020 309 3067 non
332 3006 443 3089 potes,
461 3020 507 3068 ex
532 3020 623 3069 anno
646 3003 747 3067 aestas
767 2994 925 3066 tollenda
949 2995 1026 3066 esti
1054 3003 1160 3087 atque

120 3113 199 3184 aliis
232 3112 369 3209 legibus
402 3114 470 3185 alis
502 3135 619 3183 rursus
648 3112 840 3183 ordinanda
866 3111 1014 3182 natura?
1048 3109 1162 3188 Vera.

121 3240 218 3301 trum
257 3253 432 3301 venenum
464 3237 519 3303 est
557 3229 766 3311 homiuibus,
799 3229 958 3320 nunquid
990 3227 1036 3298 ob
1069 3226 1160 3297 hanc

121 3370 263 3421 eaumm
280 3370 352 3417 non
369 3347 491 3418 debuit
508 3346 626 3417 nasoil
663 3344 825 3417 Ovilibus
847 3344 1031 3415 insidiatur
1045 3342 1158 3436 lupus,

120 3466 279 3557 nunquid
306 3466 343 3535 in
372 3463 477 3557 culpa
504 3473 630 3534 natura
658 3471 722 3545 est,
749 3463 843 3554 quod
871 3461 1001 3533 lanitiis
1030 3461 1161 3531 extulit

120 3584 454 3676 importunissimam
482 3580 646 3652 beluam?
683 3580 809 3651 Morsu
837 3579 990 3651 animam
1020 3600 1161 3671 serpens

121 3698 237 3784 tollit3
254 3698 462 3771 maledicam
479 3699 613 3769 scilicet
627 3698 824 3791 primordiis
841 3717 967 3779 rerum,
979 3696 1073 3788 quod
1086 3702 1160 3765 tam

122 3840 214 3889 saeva
229 3818 388 3911 prodigia
403 3817 574 3909 genituris
590 3814 801 3908 spirantibus
816 3813 1049 3883 addiderunt?

172 3932 262 4005 XII.
292 3931 525 4027 Superciliosa
553 3933 701 4002 nimium
730 3952 786 4001 res
810 3936 874 4013 est,
904 3952 985 4000 cum
1013 3930 1089 4022 ipse
1114 3930 1161 4000 sis

122 4074 195 4123 non
219 4059 312 4134 tuus,
338 4050 453 4122 aliena
477 4052 584 4121 etiam
608 4050 646 4118 in
670 4047 886 4141 possessione
915 4048 1072 4129 verseris,
1100 4068 1162 4139 po-

122 4168 335 4239 tentioribus
358 4167 440 4239 dare
464 4167 710 4249 conditionem,
736 4163 828 4235 velle
847 4174 889 4235 ut
911 4164 949 4236 id
974 4164 1046 4249 flat,
1069 4162 1162 4257 quod

171 4302 240 4345 von.
254 4304 287 4346 n.
622 4300 639 4340 n
657 4278 667 4340 l
