2867 4817
212 309 344 377 APUD
368 310 554 377 CONCIL.
578 310 840 379 GENERALE
867 310 1081 375 SEXTUM.
1104 312 1167 378 285

107 480 185 565 τδν
210 486 248 568 ἐν
273 485 398 586 ἁγίοις·
427 481 469 564 δν
492 487 551 567 καὶ
576 480 719 585 στήλην
745 483 953 591 ὀρθοδοξίας
977 484 1165 587 ἡτοιαύτη

107 611 273 696 σύνοδος
303 608 537 696 ἀπεκάλεσεν.
581 611 632 692 ἔτι
662 610 735 713 μὴν
767 614 824 693 καὶ
856 620 933 697 ταῖς
963 617 1165 697 συνοδικαῖς

109 741 331 823 ἐπιοτολνῦς
352 746 430 824 ταῖς
449 740 664 845 γραφείσαις
680 738 780 844 παρὰ
803 748 866 821 τοῦ
890 742 1063 845 μακαρίου
1084 746 1161 823 Κυ-

111 868 252 970 ρίλλου
283 863 374 948 κατά
407 865 609 969 Νεστορίου
640 876 704 949 τοῦ
740 873 953 967 δυσσεβοῦς,
985 872 1044 950 καὶ
1075 868 1166 973 πρὸς

115 991 203 1078 τοῦς
229 999 293 1094 τῆς
320 996 496 1093 ἀνατολῆς
524 992 750 1081 ἐπισκόπους.
779 997 931 1097 ἑπομέιη
958 1031 997 1076 τε
1024 1003 1100 1081 ταῖς
1126 1031 1165 1077 τε

117 1124 239 1225 ἁγίαις
274 1124 333 1202 καὶ
369 1127 618 1222 οίκουμενικαῖς
651 1121 755 1203 πέντε
792 1122 966 1221 συνόδοις,
998 1126 1057 1207 καί
1092 1131 1166 1213 τοῖς

119 1251 235 1354 ἁγίας
253 1253 312 1332 καὶ
329 1251 499 1354 ἐκκρίτοις
515 1249 685 1355 πατράσι,
703 1256 762 1331 καὶ
779 1252 985 1359 συμφώνως
998 1252 1167 1357 ὁρίᾷνυσα

120 1382 296 1481 ὁμολογεῖ
309 1378 373 1458 τὸν
391 1378 511 1482 κύριον
528 1380 628 1480 ῆμιῦν
645 1382 790 1477 Ἰησοῦν
808 1378 971 1485 Χριστὸν
989 1380 1052 1461 τὸν
1070 1383 1164 1480 ἀλη-

120 1506 221 1588 θινῦν
246 1504 341 1588 Θεῦν
367 1507 468 1606 ῆμῶν
494 1505 557 1585 τὸν
585 1508 647 1587 ἕνα
672 1511 736 1607 τῆς
761 1509 864 1609 ἁγίας
892 1508 1084 1607 ῦμοουσῦνυ
1108 1511 1167 1589 καὶ

119 1633 316 1740 ζωαρχικῆς
333 1634 486 1739 Τριάδος
505 1632 640 1715 τέλειον
657 1638 695 1714 ἐν
712 1633 860 1736 θεόπητι,
879 1639 937 1715 καὶ
954 1634 1090 1716 τέλειον
1103 1634 1168 1718 τῦν

120 1761 230 1845 αύτδν
248 1766 286 1843 ἒν
311 1759 569 1867 ἀνθρονπὰιητι·
600 1760 696 1843 Θεὸν
718 1766 872 1863 ἀληθοῦς,
890 1767 950 1846 καὶ
979 1763 1168 1867 ἀνθρωπον

120 1896 277 1993 ἀληθῶς,
295 1890 358 1971 τὸν
384 1889 491 1971 αῦτῦν
518 1893 558 1970 ἐκ
575 1895 698 1997 φυχῆς
722 1896 869 1993 λογικῆς
893 1894 952 1973 καὶ
981 1890 1163 1991 σώματος·

121 2019 314 2121 ἁμοούσιον
331 2026 383 2126 τῷ
399 2022 509 2121 πατρὶ
525 2016 617 2098 καπά
633 2015 699 2117 τὴν
721 2015 881 2119 θεότητα,
900 2022 958 2100 καὶ
976 2018 1167 2121 ὁμοούσων

121 2149 206 2251 ἡμῖν
223 2146 287 2233 τῦν
309 2146 417 2228 αὐτὸν
440 2144 531 2227 κατὰ
552 2144 618 2247 τῆν
641 2143 910 2251 ἀνθρωπότητα·
935 2145 1026 2229 κατὰ
1049 2147 1167 2229 πάντα

121 2275 245 2376 ὅμοιὀν
261 2278 346 2377 ἡμῖν
363 2280 471 2382 χωρὶς
495 2273 681 2378 ἁμαρτίας·
710 2272 774 2354 τδν
790 2273 861 2377 πρὸ
885 2274 1021 2356 αίοίνων
1045 2274 1111 2374 μὲν
1127 2278 1167 2357 ἐκ

121 2413 187 2485 τοῦ
202 2401 338 2508 πατρὸς
355 2403 567 2507 γενιηθεῦσα
580 2401 671 2482 κατὰ
681 2400 747 2501 τῆν
765 2400 924 2502 θεότητα,
934 2404 988 2486 ἐπ’
1003 2400 1167 2507 ἐσχάτων

123 2530 163 2611 δὲ
184 2538 257 2611 τῶν
281 2533 421 2634 ἡμερῶν
445 2528 509 2610 τὸν
532 2528 640 2609 αῦτδν
658 2530 700 2607 δι’
721 2530 813 2630 ἡμᾶς
831 2532 889 2609 καὶ
914 2527 972 2607 διά
993 2527 1059 2629 τῆν
1077 2529 1164 2629 ἡμε-

115 2658 229 2764 σὲραν
246 2660 428 2763 σωτηρίαν
448 2660 487 2739 ἐκ
508 2655 708 2757 πνεύματος
732 2659 835 2759 ἁγίου
858 2660 917 2740 καὶ
943 2659 1088 2761 Μαρίας
1104 2662 1168 2758 τῆς

123 2786 301 2893 παρθένου
332 2791 396 2889 τῆς
418 2787 545 2889 κυρίως
569 2788 629 2866 καὶ
657 2782 749 2869 καπά
775 2784 947 2885 ἀλήθειαν
979 2783 1167 2883 Θεοτὰκου,

123 2913 216 2995 κατά
232 2912 299 3014 τῆν
323 2911 592 3018 ἀνθρωπότητα·
621 2911 683 2992 ἕνα
707 2911 846 2993 καὶτὸν
871 2908 978 2992 αῦτδν
1004 2910 1168 3016 Χριστὸν

124 3039 199 3123 υίδν
230 3042 350 3146 κύριον
382 3045 557 3144 μονογενῆ
590 3042 627 3119 ἐν
659 3037 724 3119 δύο
755 3036 913 3147 φύσεσιν
945 3037 1166 3143 ἀσυγχύτως,

123 3171 315 3275 ἀτρέπτως,
342 3169 562 3274 ἀχαρίστως,
587 3166 789 3271 ἀδιαιρέτως
812 3164 1077 3269 γνωριζόμευον.
1109 3170 1168 3248 οῦ-

124 3303 239 3399 δαμοῦ
257 3303 320 3398 τῆς
336 3302 409 3379 τῶν
427 3296 573 3404 φύσεων
592 3300 765 3402 διαφορᾶς
786 3293 1004 3400 ἀνηρημεῦης
1022 3291 1081 3373 διὰ
1098 3294 1165 3395 τὴν

124 3428 264 3525 ἕνωσιν,
282 3423 485 3531 σωζομένης
503 3424 542 3504 δὲ
563 3430 709 3527 μᾶλλον
733 3428 797 3524 τῆς
816 3419 987 3523 ἰδιότητος
1004 3422 1167 3529 ἑκατέρας

124 3554 280 3661 φύσεως,
309 3557 368 3637 καὶ
393 3559 442 3639 είς
470 3549 509 3633 ἓν
534 3548 732 3655 πρόσωπον
760 3554 817 3633 καί
848 3550 933 3649 μίαν
963 3550 1167 3637 ὑπόστασιν

124 3679 402 3787 συντρεχούσης,
430 3681 494 3760 οῦκ
521 3686 570 3764 είς
597 3680 660 3761 δύο
686 3679 868 3783 πρόσωπα
891 3678 1114 3783 μεριζόμενον
1142 3682 1166 3781 ἢ

124 3806 375 3915 διαιρούμενον,
393 3808 478 3887 ἀλλ’
498 3806 560 3887 ἕνα
586 3806 732 3887 καὶτὸν
759 3804 866 3887 αῦτῦν
894 3805 968 3885 υίῦν
992 3812 1166 3910 μονογενῆ

125 3941 220 4017 θεοῦ
239 3933 352 4037 λόγον
369 3934 490 4038 κύριον
506 3937 649 4036 Ἰησοῦν
667 3933 841 4038 Χριστὸν,
855 3930 1014 4038 καθάπερ
1032 3933 1167 4020 ἀνωθεν

124 4069 158 4143 οί
184 4067 367 4171 προφῆται
392 4065 474 4165 περὶ
501 4062 623 4158 αῦτοῦ,
645 4065 704 4143 καὶ
732 4059 836 4145 αὐτὸς
860 4061 953 4160 ῆμῦις
981 4062 1121 4163 Ἰησοῦς
1145 4066 1166 4144 δ

124 4171 286 4279 Χριστὸς
302 4172 539 4283 ἐξεπαιδευσε,
555 4175 614 4253 καὶ
631 4172 673 4252 πδ
690 4178 762 4253 τῶν
781 4172 891 4273 ἁγίων
903 4171 1066 4278 πατέρων
1084 4174 1167 4277 ἡμῖν

601 4322 623 4361 11
637 4298 659 4362 h
676 4318 695 4365 2
