<?xml version="1.0" encoding="UTF-8"?>
<!DOCTYPE html PUBLIC "-//W3C//DTD XHTML 1.0 Transitional//EN"
    "http://www.w3.org/TR/xhtml1/DTD/xhtml1-transitional.dtd">
<html xmlns="http://www.w3.org/1999/xhtml" xml:lang="en" lang="en">
 <head>
  <title>
</title>
<meta http-equiv="Content-Type" content="text/html;charset=utf-8" />
  <meta name='ocr-system' content='tesseract 3.04.00' />
  <meta name='ocr-capabilities' content='ocr_page ocr_carea ocr_par ocr_line ocrx_word'/>
</head>
<body>
  <div class='ocr_page' id='page_1' title='image "./scriptorumeccle03routgoog_0407.png"; bbox 0 0 2867 4817; ppageno 0'>
   <div class='ocr_carea' id='block_1_1' title="bbox 195 349 1148 421">
    <p class='ocr_par' dir='ltr' id='par_1_1' title="bbox 195 349 1148 421">
     <span class='ocr_line' id='line_1_1' title="bbox 195 349 1148 421; baseline -0.001 -5"><span class='ocrx_word' id='word_1_1' title='bbox 195 350 414 416; x_wconf 90' lang='lat' dir='ltr'>CONCILII</span> <span class='ocrx_word' id='word_1_2' title='bbox 439 349 883 416; x_wconf 82' lang='lat' dir='ltr'><strong>CONSTANTINOPOL.</strong></span> <span class='ocrx_word' id='word_1_3' title='bbox 909 352 1041 416; x_wconf 90' lang='lat' dir='ltr'><strong>UNIV.</strong></span> <span class='ocrx_word' id='word_1_4' title='bbox 1085 353 1148 421; x_wconf 76' lang='lat'>391</span> 
     </span>
    </p>
   </div>
   <div class='ocr_carea' id='block_1_2' title="bbox 56 523 1157 2156">
    <p class='ocr_par' dir='ltr' id='par_1_2' title="bbox 98 523 1153 1013">
     <span class='ocr_line' id='line_1_2' title="bbox 99 523 1152 632; baseline 0.001 -28"><span class='ocrx_word' id='word_1_5' title='bbox 99 524 258 604; x_wconf 83' lang='grc' dir='ltr'>Νικαίαν</span> <span class='ocrx_word' id='word_1_6' title='bbox 295 523 499 626; x_wconf 87' lang='grc' dir='ltr'>πρεσβείων</span> <span class='ocrx_word' id='word_1_7' title='bbox 534 527 580 628; x_wconf 78' lang='grc' dir='ltr'>τῇ</span> <span class='ocrx_word' id='word_1_8' title='bbox 615 523 830 628; x_wconf 80' lang='grc' dir='ltr'>Ἀντιοχέων</span> <span class='ocrx_word' id='word_1_9' title='bbox 869 524 1057 632; x_wconf 74' lang='grc' dir='ltr'>ἐκκλησίᾳ·</span> <span class='ocrx_word' id='word_1_10' title='bbox 1093 528 1152 605; x_wconf 82' lang='grc' dir='ltr'>καὶ</span> 
     </span>
     <span class='ocr_line' id='line_1_3' title="bbox 98 647 1152 750; baseline 0.002 -20"><span class='ocrx_word' id='word_1_11' title='bbox 98 647 186 734; x_wconf 76' lang='grc' dir='ltr'>τοὺς</span> <span class='ocrx_word' id='word_1_12' title='bbox 211 654 276 750; x_wconf 83' lang='grc' dir='ltr'>τῆς</span> <span class='ocrx_word' id='word_1_13' title='bbox 302 651 477 749; x_wconf 75' lang='grc' dir='ltr'>Ἀσιανῆς</span> <span class='ocrx_word' id='word_1_14' title='bbox 503 647 709 748; x_wconf 72' lang='grc' dir='ltr'>διοικήσεως</span> <span class='ocrx_word' id='word_1_15' title='bbox 736 649 955 735; x_wconf 71' lang='grc' dir='ltr'>ἐπισκόπους</span> <span class='ocrx_word' id='word_1_16' title='bbox 983 650 1031 731; x_wconf 78' lang='grc' dir='ltr'>τὰ</span> <span class='ocrx_word' id='word_1_17' title='bbox 1061 651 1152 732; x_wconf 78' lang='grc' dir='ltr'>κατὰ</span> 
     </span>
     <span class='ocr_line' id='line_1_4' title="bbox 99 773 1149 879; baseline 0.003 -22"><span class='ocrx_word' id='word_1_18' title='bbox 99 777 171 879; x_wconf 80' lang='grc' dir='ltr'>τὴν</span> <span class='ocrx_word' id='word_1_19' title='bbox 188 774 364 877; x_wconf 82' lang='grc' dir='ltr'>Ἀσιανὴν</span> <span class='ocrx_word' id='word_1_20' title='bbox 386 773 496 876; x_wconf 90' lang='grc' dir='ltr'>μόνον</span> <span class='ocrx_word' id='word_1_21' title='bbox 522 781 727 876; x_wconf 88' lang='grc' dir='ltr'>οἰκονομεῖν·</span> <span class='ocrx_word' id='word_1_22' title='bbox 754 780 813 857; x_wconf 72' lang='grc' dir='ltr'>καὶ</span> <span class='ocrx_word' id='word_1_23' title='bbox 829 776 911 862; x_wconf 73' lang='grc' dir='ltr'>τοὺς</span> <span class='ocrx_word' id='word_1_24' title='bbox 933 782 997 877; x_wconf 73' lang='grc' dir='ltr'>τῆς</span> <span class='ocrx_word' id='word_1_25' title='bbox 1016 783 1149 860; x_wconf 85' lang='grc' dir='ltr'>Ποντι·</span> 
     </span>
     <span class='ocr_line' id='line_1_5' title="bbox 100 902 1153 1013; baseline 0.002 -23"><span class='ocrx_word' id='word_1_26' title='bbox 100 909 178 1005; x_wconf 82' lang='grc' dir='ltr'>κῆς,</span> <span class='ocrx_word' id='word_1_27' title='bbox 194 903 243 985; x_wconf 84' lang='grc' dir='ltr'>τιί</span> <span class='ocrx_word' id='word_1_28' title='bbox 265 909 330 1005; x_wconf 83' lang='grc' dir='ltr'>τῆς</span> <span class='ocrx_word' id='word_1_29' title='bbox 348 907 527 1003; x_wconf 84' lang='grc' dir='ltr'>Ποντικῆς</span> <span class='ocrx_word' id='word_1_30' title='bbox 552 902 656 1002; x_wconf 85' lang='grc' dir='ltr'>μόνα·</span> <span class='ocrx_word' id='word_1_31' title='bbox 689 907 749 984; x_wconf 84' lang='grc' dir='ltr'>καὶ</span> <span class='ocrx_word' id='word_1_32' title='bbox 765 904 848 990; x_wconf 78' lang='grc' dir='ltr'>τοὺς</span> <span class='ocrx_word' id='word_1_33' title='bbox 871 910 936 1005; x_wconf 73' lang='grc' dir='ltr'>τῆς</span> <span class='ocrx_word' id='word_1_34' title='bbox 960 911 1153 1013; x_wconf 79' lang='grc' dir='ltr'>Θρᾳκικῆς,</span> 
     </span>
    </p>

    <p class='ocr_par' dir='ltr' id='par_1_3' title="bbox 72 1027 1156 1650">
     <span class='ocr_line' id='line_1_6' title="bbox 72 1027 1150 1139; baseline 0.002 -27"><span class='ocrx_word' id='word_1_35' title='bbox 72 1031 149 1112; x_wconf 68' lang='lat' dir='ltr'>sni</span> <span class='ocrx_word' id='word_1_36' title='bbox 165 1035 230 1132; x_wconf 82' lang='grc' dir='ltr'>τῆς</span> <span class='ocrx_word' id='word_1_37' title='bbox 249 1035 431 1139; x_wconf 77' lang='grc' dir='ltr'>Θρᾳκικῆς</span> <span class='ocrx_word' id='word_1_38' title='bbox 455 1027 565 1131; x_wconf 87' lang='grc' dir='ltr'>μόνον</span> <span class='ocrx_word' id='word_1_39' title='bbox 583 1037 788 1132; x_wconf 84' lang='grc' dir='ltr'>οἰκονομεῖν.</span> <span class='ocrx_word' id='word_1_40' title='bbox 816 1031 993 1133; x_wconf 80' lang='grc' dir='ltr'>ἀκλήτους</span> <span class='ocrx_word' id='word_1_41' title='bbox 1017 1033 1056 1114; x_wconf 81' lang='grc' dir='ltr'>δέ</span> <span class='ocrx_word' id='word_1_42' title='bbox 1073 1037 1150 1116; x_wconf 85' lang='grc' dir='ltr'>ἐπι·</span> 
     </span>
     <span class='ocr_line' id='line_1_7' title="bbox 100 1155 1154 1270; baseline 0.002 -30"><span class='ocrx_word' id='word_1_43' title='bbox 100 1157 263 1243; x_wconf 88' lang='grc' dir='ltr'>σκόπους</span> <span class='ocrx_word' id='word_1_44' title='bbox 282 1155 370 1261; x_wconf 80' lang='grc' dir='ltr'>όπέρ</span> <span class='ocrx_word' id='word_1_45' title='bbox 397 1159 572 1258; x_wconf 87' lang='grc' dir='ltr'>διοίκησιν</span> <span class='ocrx_word' id='word_1_46' title='bbox 589 1156 640 1258; x_wconf 85' lang='grc' dir='ltr'>μή</span> <span class='ocrx_word' id='word_1_47' title='bbox 667 1160 859 1253; x_wconf 75' lang='grc' dir='ltr'>ἐπιβαίνειν</span> <span class='ocrx_word' id='word_1_48' title='bbox 876 1162 934 1240; x_wconf 84' lang='grc' dir='ltr'>ἐπὶ</span> <span class='ocrx_word' id='word_1_49' title='bbox 957 1165 1154 1270; x_wconf 83' lang='grc' dir='ltr'>χειροτονίᾳ</span> 
     </span>
     <span class='ocr_line' id='line_1_8' title="bbox 101 1287 1152 1398; baseline 0.002 -30"><span class='ocrx_word' id='word_1_50' title='bbox 101 1289 243 1390; x_wconf 82' lang='grc' dir='ltr'>ἥτισιν</span> <span class='ocrx_word' id='word_1_51' title='bbox 260 1287 393 1371; x_wconf 75' lang='grc' dir='ltr'>ἄλλαις</span> <span class='ocrx_word' id='word_1_52' title='bbox 417 1287 628 1386; x_wconf 83' lang='grc' dir='ltr'>οἰκονομίαις</span> <span class='ocrx_word' id='word_1_53' title='bbox 653 1289 981 1388; x_wconf 81' lang='grc' dir='ltr'>ἐκκλησιαστικαῖς·</span> <span class='ocrx_word' id='word_1_54' title='bbox 1008 1296 1152 1398; x_wconf 78' lang='grc' dir='ltr'>φυλατ-</span> 
     </span>
     <span class='ocr_line' id='line_1_9' title="bbox 103 1414 1152 1520; baseline 0 -24"><span class='ocrx_word' id='word_1_55' title='bbox 103 1417 255 1516; x_wconf 89' lang='grc' dir='ltr'>τομένου</span> <span class='ocrx_word' id='word_1_56' title='bbox 293 1414 331 1494; x_wconf 79' lang='grc' dir='ltr'>δὲ</span> <span class='ocrx_word' id='word_1_57' title='bbox 362 1421 427 1494; x_wconf 83' lang='grc' dir='ltr'>τοῦ</span> <span class='ocrx_word' id='word_1_58' title='bbox 458 1415 777 1518; x_wconf 71' lang='grc' dir='ltr'>προγεγραμμείιου</span> <span class='ocrx_word' id='word_1_59' title='bbox 807 1418 889 1518; x_wconf 79' lang='grc' dir='ltr'>περὶ</span> <span class='ocrx_word' id='word_1_60' title='bbox 920 1422 993 1495; x_wconf 83' lang='grc' dir='ltr'>τῶν</span> <span class='ocrx_word' id='word_1_61' title='bbox 1019 1419 1152 1520; x_wconf 82' lang='grc' dir='ltr'>διοική-</span> 
     </span>
     <span class='ocr_line' id='line_1_10' title="bbox 103 1539 1156 1650; baseline 0.004 -27"><span class='ocrx_word' id='word_1_62' title='bbox 103 1577 201 1623; x_wconf 84' lang='grc' dir='ltr'>σεων</span> <span class='ocrx_word' id='word_1_63' title='bbox 218 1539 374 1639; x_wconf 86' lang='grc' dir='ltr'>κανόνος,</span> <span class='ocrx_word' id='word_1_64' title='bbox 394 1543 545 1643; x_wconf 77' lang='grc' dir='ltr'>εὔδηλον</span> <span class='ocrx_word' id='word_1_65' title='bbox 563 1544 612 1626; x_wconf 86' lang='grc' dir='ltr'>ὡς</span> <span class='ocrx_word' id='word_1_66' title='bbox 635 1539 682 1621; x_wconf 83' lang='grc' dir='ltr'>τὰ</span> <span class='ocrx_word' id='word_1_67' title='bbox 705 1545 784 1622; x_wconf 83' lang='grc' dir='ltr'>καθ’</span> <span class='ocrx_word' id='word_1_68' title='bbox 804 1541 961 1642; x_wconf 80' lang='grc' dir='ltr'>ἑκάστην</span> <span class='ocrx_word' id='word_1_69' title='bbox 982 1547 1156 1650; x_wconf 85' lang='grc' dir='ltr'>ἐπαρχίιιιν</span> 
     </span>
    </p>

    <p class='ocr_par' dir='ltr' id='par_1_4' title="bbox 56 1665 1157 2156">
     <span class='ocr_line' id='line_1_11' title="bbox 56 1665 1157 1782; baseline 0.003 -32"><span class='ocrx_word' id='word_1_70' title='bbox 56 1672 128 1772; x_wconf 71' lang='grc' dir='ltr'>1οή</span> <span class='ocrx_word' id='word_1_71' title='bbox 146 1675 211 1770; x_wconf 79' lang='grc' dir='ltr'>τῆς</span> <span class='ocrx_word' id='word_1_72' title='bbox 229 1670 398 1775; x_wconf 82' lang='grc' dir='ltr'>ἐπαρχίας</span> <span class='ocrx_word' id='word_1_73' title='bbox 416 1669 571 1753; x_wconf 68' lang='grc' dir='ltr'>σίνοδος</span> <span class='ocrx_word' id='word_1_74' title='bbox 589 1665 761 1768; x_wconf 80' lang='grc' dir='ltr'>διοικήσει</span> <span class='ocrx_word' id='word_1_75' title='bbox 778 1669 871 1749; x_wconf 84' lang='grc' dir='ltr'>κατὰ</span> <span class='ocrx_word' id='word_1_76' title='bbox 893 1669 939 1750; x_wconf 81' lang='grc' dir='ltr'>τὰ</span> <span class='ocrx_word' id='word_1_77' title='bbox 963 1674 1002 1751; x_wconf 86' lang='grc' dir='ltr'>ἐν</span> <span class='ocrx_word' id='word_1_78' title='bbox 1024 1675 1157 1782; x_wconf 87' lang='grc' dir='ltr'>Νικαίᾳ</span> 
     </span>
     <span class='ocr_line' id='line_1_12' title="bbox 105 1794 1157 1903; baseline 0.004 -25"><span class='ocrx_word' id='word_1_79' title='bbox 105 1796 299 1903; x_wconf 79' lang='grc' dir='ltr'>ὡρισμένα.</span> <span class='ocrx_word' id='word_1_80' title='bbox 332 1796 396 1882; x_wconf 86' lang='grc' dir='ltr'>τοίς</span> <span class='ocrx_word' id='word_1_81' title='bbox 428 1794 467 1875; x_wconf 85' lang='grc' dir='ltr'>δέ</span> <span class='ocrx_word' id='word_1_82' title='bbox 500 1798 538 1878; x_wconf 89' lang='grc' dir='ltr'>ἐν</span> <span class='ocrx_word' id='word_1_83' title='bbox 570 1804 645 1880; x_wconf 88' lang='grc' dir='ltr'>τοῖς</span> <span class='ocrx_word' id='word_1_84' title='bbox 672 1803 908 1902; x_wconf 79' lang='grc' dir='ltr'>βαρβαρικοῖς</span> <span class='ocrx_word' id='word_1_85' title='bbox 942 1797 1062 1878; x_wconf 86' lang='grc' dir='ltr'>ἐθνεσι</span> <span class='ocrx_word' id='word_1_86' title='bbox 1092 1811 1157 1882; x_wconf 83' lang='grc' dir='ltr'>τοῦ</span> 
     </span>
     <span class='ocr_line' id='line_1_13' title="bbox 106 1924 1152 2032; baseline -0.001 -24"><span class='ocrx_word' id='word_1_87' title='bbox 106 1933 204 2008; x_wconf 82' lang='grc' dir='ltr'>Θεοῦ</span> <span class='ocrx_word' id='word_1_88' title='bbox 220 1927 424 2025; x_wconf 89' lang='grc' dir='ltr'>ἐκκλησίας,</span> <span class='ocrx_word' id='word_1_89' title='bbox 443 1931 706 2025; x_wconf 87' lang='grc' dir='ltr'>οἰκονομεῖσθαι</span> <span class='ocrx_word' id='word_1_90' title='bbox 730 1924 801 2030; x_wconf 82' lang='grc' dir='ltr'>χρὴ</span> <span class='ocrx_word' id='word_1_91' title='bbox 827 1924 919 2005; x_wconf 78' lang='grc' dir='ltr'>κατὰ</span> <span class='ocrx_word' id='word_1_92' title='bbox 936 1925 1003 2026; x_wconf 80' lang='grc' dir='ltr'>τήν</span> <span class='ocrx_word' id='word_1_93' title='bbox 1019 1927 1152 2032; x_wconf 87' lang='grc' dir='ltr'>κρατή-</span> 
     </span>
     <span class='ocr_line' id='line_1_14' title="bbox 106 2050 724 2156; baseline -0.003 -21"><span class='ocrx_word' id='word_1_94' title='bbox 106 2089 233 2135; x_wconf 88' lang='grc' dir='ltr'>σασαν</span> <span class='ocrx_word' id='word_1_95' title='bbox 250 2050 442 2152; x_wconf 85' lang='grc' dir='ltr'>συνήθειαν</span> <span class='ocrx_word' id='word_1_96' title='bbox 460 2057 534 2132; x_wconf 80' lang='grc' dir='ltr'>τῶν</span> <span class='ocrx_word' id='word_1_97' title='bbox 550 2051 724 2156; x_wconf 80' lang='grc' dir='ltr'>πατέρων.</span> 
     </span>
    </p>
   </div>
   <div class='ocr_carea' id='block_1_3' title="bbox 495 2305 767 2382">
    <p class='ocr_par' dir='ltr' id='par_1_5' title="bbox 495 2305 767 2382">
     <span class='ocr_line' id='line_1_15' title="bbox 495 2305 767 2382; baseline -0.004 0"><span class='ocrx_word' id='word_1_98' title='bbox 495 2305 696 2382; x_wconf 85' lang='grc' dir='ltr'>ΚΑΝΩΝ</span> <span class='ocrx_word' id='word_1_99' title='bbox 727 2307 767 2382; x_wconf 93' lang='grc' dir='ltr'>Γ.</span> 
     </span>
    </p>
   </div>
   <div class='ocr_carea' id='block_1_4' title="bbox 59 2446 1157 2805">
    <p class='ocr_par' dir='ltr' id='par_1_6' title="bbox 59 2446 1157 2805">
     <span class='ocr_line' id='line_1_16' title="bbox 59 2446 1157 2563; baseline -0.001 -32"><span class='ocrx_word' id='word_1_100' title='bbox 59 2507 71 2545; x_wconf 80' lang='grc'>,</span> <span class='ocrx_word' id='word_1_101' title='bbox 79 2502 96 2563; x_wconf 80' lang='lat'><em>5</em></span> <span class='ocrx_word' id='word_1_102' title='bbox 165 2450 243 2531; x_wconf 83' lang='grc' dir='ltr'>Τὸν</span> <span class='ocrx_word' id='word_1_103' title='bbox 259 2450 324 2551; x_wconf 87' lang='grc' dir='ltr'>μέν</span> <span class='ocrx_word' id='word_1_104' title='bbox 341 2484 397 2530; x_wconf 93' lang='grc' dir='ltr'>τοι</span> <span class='ocrx_word' id='word_1_105' title='bbox 417 2446 834 2532; x_wconf 82' lang='grc' dir='ltr'>Κωνσταυτινοιπτόλεως</span> <span class='ocrx_word' id='word_1_106' title='bbox 852 2451 1051 2529; x_wconf 85' lang='grc' dir='ltr'>ἐπίσκοπον</span> <span class='ocrx_word' id='word_1_107' title='bbox 1063 2449 1157 2555; x_wconf 85' lang='grc' dir='ltr'>ἐχειν</span> 
     </span>
     <span class='ocr_line' id='line_1_17' title="bbox 106 2573 1153 2681; baseline -0.002 -23"><span class='ocrx_word' id='word_1_108' title='bbox 106 2575 155 2658; x_wconf 78' lang='grc' dir='ltr'>τὰ</span> <span class='ocrx_word' id='word_1_109' title='bbox 170 2583 349 2681; x_wconf 84' lang='grc' dir='ltr'>πρεσβεῖα</span> <span class='ocrx_word' id='word_1_110' title='bbox 366 2581 430 2676; x_wconf 82' lang='grc' dir='ltr'>τῆς</span> <span class='ocrx_word' id='word_1_111' title='bbox 447 2581 551 2676; x_wconf 84' lang='grc' dir='ltr'>τιμῆς</span> <span class='ocrx_word' id='word_1_112' title='bbox 568 2574 659 2676; x_wconf 76' lang='grc' dir='ltr'>μετὰ</span> <span class='ocrx_word' id='word_1_113' title='bbox 677 2573 741 2655; x_wconf 85' lang='grc' dir='ltr'>τὸν</span> <span class='ocrx_word' id='word_1_114' title='bbox 765 2579 829 2676; x_wconf 79' lang='grc' dir='ltr'>τῆς</span> <span class='ocrx_word' id='word_1_115' title='bbox 846 2575 987 2675; x_wconf 85' lang='grc' dir='ltr'>Ῥόμης</span> <span class='ocrx_word' id='word_1_116' title='bbox 1005 2577 1153 2656; x_wconf 88' lang='grc' dir='ltr'>ἐπίσκο-</span> 
     </span>
     <span class='ocr_line' id='line_1_18' title="bbox 105 2699 831 2805; baseline -0.006 -18"><span class='ocrx_word' id='word_1_117' title='bbox 105 2740 190 2803; x_wconf 86' lang='grc' dir='ltr'>πον,</span> <span class='ocrx_word' id='word_1_118' title='bbox 208 2704 326 2787; x_wconf 78' lang='grc' dir='ltr'>διὰτὸ</span> <span class='ocrx_word' id='word_1_119' title='bbox 344 2701 431 2786; x_wconf 83' lang='grc' dir='ltr'>εἰναι</span> <span class='ocrx_word' id='word_1_120' title='bbox 449 2699 560 2805; x_wconf 77' lang='grc' dir='ltr'>αὐτήν</span> <span class='ocrx_word' id='word_1_121' title='bbox 578 2703 660 2784; x_wconf 86' lang='grc' dir='ltr'>υέαυ</span> <span class='ocrx_word' id='word_1_122' title='bbox 677 2703 831 2804; x_wconf 76' lang='grc' dir='ltr'>Ῥώμην.</span> 
     </span>
    </p>
   </div>
   <div class='ocr_carea' id='block_1_5' title="bbox 108 3009 1163 4379">
    <p class='ocr_par' dir='ltr' id='par_1_7' title="bbox 108 3009 1161 3815">
     <span class='ocr_line' id='line_1_19' title="bbox 108 3009 1159 3093; baseline 0.001 -20"><span class='ocrx_word' id='word_1_123' title='bbox 108 3027 174 3074; x_wconf 83' lang='lat' dir='ltr'>tum</span> <span class='ocrx_word' id='word_1_124' title='bbox 193 3013 366 3092; x_wconf 81' lang='lat' dir='ltr'>gubernent,</span> <span class='ocrx_word' id='word_1_125' title='bbox 385 3011 506 3070; x_wconf 74' lang='lat' dir='ltr'><strong>servatio</strong></span> <span class='ocrx_word' id='word_1_126' title='bbox 523 3009 610 3090; x_wconf 83' lang='lat' dir='ltr'><strong>privi·</strong></span> <span class='ocrx_word' id='word_1_127' title='bbox 656 3022 718 3069; x_wconf 89' lang='lat' dir='ltr'>tum</span> <span class='ocrx_word' id='word_1_128' title='bbox 741 3024 796 3080; x_wconf 80' lang='lat' dir='ltr'><strong>eat,</strong></span> <span class='ocrx_word' id='word_1_129' title='bbox 818 3012 896 3092; x_wconf 88' lang='lat' dir='ltr'><strong>quod</strong></span> <span class='ocrx_word' id='word_1_130' title='bbox 918 3013 977 3082; x_wconf 83' lang='lat' dir='ltr'><strong>illa,</strong></span> <span class='ocrx_word' id='word_1_131' title='bbox 1002 3034 1067 3093; x_wconf 76' lang='lat' dir='ltr'><strong>quae</strong></span> <span class='ocrx_word' id='word_1_132' title='bbox 1090 3029 1159 3074; x_wconf 87' lang='lat' dir='ltr'><strong>aunt</strong></span> 
     </span>
     <span class='ocr_line' id='line_1_20' title="bbox 109 3089 1159 3185; baseline 0.003 -33"><span class='ocrx_word' id='word_1_133' title='bbox 109 3094 204 3172; x_wconf 75' lang='lat' dir='ltr'><strong>legiis.</strong></span> <span class='ocrx_word' id='word_1_134' title='bbox 220 3113 285 3170; x_wconf 85' lang='lat' dir='ltr'><strong>quae</strong></span> <span class='ocrx_word' id='word_1_135' title='bbox 306 3091 436 3152; x_wconf 79' lang='lat' dir='ltr'><strong>Niooenis</strong></span> <span class='ocrx_word' id='word_1_136' title='bbox 456 3089 615 3150; x_wconf 79' lang='lat' dir='ltr'><strong>canonibus</strong></span> <span class='ocrx_word' id='word_1_137' title='bbox 656 3111 709 3185; x_wconf 78' lang='grc' dir='ltr'>ρετ</span> <span class='ocrx_word' id='word_1_138' title='bbox 722 3111 954 3172; x_wconf 75' lang='lat' dir='ltr'><strong>unamquamque</strong></span> <span class='ocrx_word' id='word_1_139' title='bbox 973 3095 1159 3174; x_wconf 78' lang='lat' dir='ltr'><strong>provinciam,</strong></span> 
     </span>
     <span class='ocr_line' id='line_1_21' title="bbox 108 3171 1160 3256; baseline 0.002 -22"><span class='ocrx_word' id='word_1_140' title='bbox 108 3173 240 3234; x_wconf 69' lang='lat' dir='ltr'><strong>eeclesiae</strong></span> <span class='ocrx_word' id='word_1_141' title='bbox 277 3172 470 3232; x_wconf 68' lang='lat' dir='ltr'><strong>Antiocheno</strong></span> <span class='ocrx_word' id='word_1_142' title='bbox 505 3171 616 3230; x_wconf 83' lang='lat' dir='ltr'><strong>tributa</strong></span> <span class='ocrx_word' id='word_1_143' title='bbox 656 3171 749 3250; x_wconf 75' lang='lat' dir='ltr'><strong>ipsine</strong></span> <span class='ocrx_word' id='word_1_144' title='bbox 772 3173 925 3252; x_wconf 78' lang='lat' dir='ltr'><strong>provinciae</strong></span> <span class='ocrx_word' id='word_1_145' title='bbox 949 3175 1077 3256; x_wconf 83' lang='lat' dir='ltr'><strong>aynodua</strong></span> <span class='ocrx_word' id='word_1_146' title='bbox 1100 3175 1160 3236; x_wconf 84' lang='lat' dir='ltr'><strong>dia·</strong></span> 
     </span>
     <span class='ocr_line' id='line_1_22' title="bbox 109 3251 1160 3351; baseline 0.002 -37"><span class='ocrx_word' id='word_1_147' title='bbox 109 3267 191 3314; x_wconf 80' lang='lat' dir='ltr'><strong>aunt.</strong></span> <span class='ocrx_word' id='word_1_148' title='bbox 233 3253 351 3349; x_wconf 49' lang='lat' dir='ltr'>{Seianae</span> <span class='ocrx_word' id='word_1_149' title='bbox 370 3272 487 3330; x_wconf 88' lang='lat' dir='ltr'><strong>quoque</strong></span> <span class='ocrx_word' id='word_1_150' title='bbox 508 3251 616 3312; x_wconf 78' lang='lat' dir='ltr'><strong>dioeee·</strong></span> <span class='ocrx_word' id='word_1_151' title='bbox 657 3265 770 3332; x_wconf 74' lang='lat' dir='ltr'><strong>penset,</strong></span> <span class='ocrx_word' id='word_1_152' title='bbox 794 3253 871 3313; x_wconf 78' lang='lat' dir='ltr'><strong>sicut</strong></span> <span class='ocrx_word' id='word_1_153' title='bbox 898 3255 1022 3351; x_wconf 62' lang='lat' dir='ltr'><strong>Niomno</strong></span> <span class='ocrx_word' id='word_1_154' title='bbox 1046 3268 1160 3318; x_wconf 85' lang='lat' dir='ltr'><strong>oonatat</strong></span> 
     </span>
     <span class='ocr_line' id='line_1_23' title="bbox 109 3332 1161 3491; baseline 0.003 -17"><span class='ocrx_word' id='word_1_155' title='bbox 109 3332 616 3491; x_wconf 53' lang='lat' dir='ltr'>tuapttt‘ttoeztt‘ttt?</span> <span class='ocrx_word' id='word_1_156' title='bbox 657 3333 1161 3477; x_wconf 50' lang='lat' dir='ltr'>ttffttffitthtffit</span> 
     </span>
     <span class='ocr_line' id='line_1_24' title="bbox 110 3493 1159 3578; baseline 0.001 -22"><span class='ocrx_word' id='word_1_157' title='bbox 110 3509 190 3557; x_wconf 82' lang='lat' dir='ltr'><strong>sent.</strong></span> <span class='ocrx_word' id='word_1_158' title='bbox 232 3495 366 3563; x_wconf 84' lang='lat' dir='ltr'><strong>Necnon.</strong></span> <span class='ocrx_word' id='word_1_159' title='bbox 387 3505 418 3554; x_wconf 85' lang='lat' dir='ltr'>et</span> <span class='ocrx_word' id='word_1_160' title='bbox 444 3493 533 3552; x_wconf 90' lang='lat' dir='ltr'><strong>Ponti</strong></span> <span class='ocrx_word' id='word_1_161' title='bbox 553 3493 615 3572; x_wconf 83' lang='lat' dir='ltr'><strong>epi·</strong></span> <span class='ocrx_word' id='word_1_162' title='bbox 657 3495 794 3574; x_wconf 76' lang='lat' dir='ltr'><strong>gentibus</strong></span> <span class='ocrx_word' id='word_1_163' title='bbox 813 3498 987 3557; x_wconf 74' lang='lat' dir='ltr'><strong>constitutas</strong></span> <span class='ocrx_word' id='word_1_164' title='bbox 1006 3499 1159 3578; x_wconf 79' lang='lat' dir='ltr'><strong>gubernari</strong></span> 
     </span>
     <span class='ocr_line' id='line_1_25' title="bbox 111 3573 1159 3673; baseline 0.002 -37"><span class='ocrx_word' id='word_1_165' title='bbox 111 3577 194 3657; x_wconf 80' lang='lat' dir='ltr'><strong>soopi</strong></span> <span class='ocrx_word' id='word_1_166' title='bbox 215 3595 249 3635; x_wconf 89' lang='lat' dir='ltr'>ea</span> <span class='ocrx_word' id='word_1_167' title='bbox 269 3587 394 3672; x_wconf 76' lang='lat' dir='ltr'><strong>tantum,</strong></span> <span class='ocrx_word' id='word_1_168' title='bbox 411 3593 476 3652; x_wconf 82' lang='lat' dir='ltr'><strong>quoe</strong></span> <span class='ocrx_word' id='word_1_169' title='bbox 496 3584 566 3634; x_wconf 68' lang='lat' dir='ltr'><strong>aiunt</strong></span> <span class='ocrx_word' id='word_1_170' title='bbox 585 3573 616 3668; x_wconf 78' lang='lat' dir='ltr'>in</span> <span class='ocrx_word' id='word_1_171' title='bbox 658 3577 795 3635; x_wconf 86' lang='lat' dir='ltr'><strong>oouvenit</strong></span> <span class='ocrx_word' id='word_1_172' title='bbox 809 3577 900 3673; x_wconf 40' lang='lat' dir='ltr'><strong>juxta·</strong></span> <span class='ocrx_word' id='word_1_173' title='bbox 908 3579 1159 3648; x_wconf 78' lang='lat' dir='ltr'><strong>consuetudinem,</strong></span> 
     </span>
     <span class='ocr_line' id='line_1_26' title="bbox 112 3655 1128 3815; baseline 0.004 -101"><span class='ocrx_word' id='word_1_174' title='bbox 112 3655 568 3815; x_wconf 46' lang='grc' dir='ltr'>ξᾳιχιιέἱᾳὶᾆηᾳπςαιυηὲᾳᾳέῃᾳμω</span> <span class='ocrx_word' id='word_1_175' title='bbox 586 3675 617 3713; x_wconf 86' lang='lat' dir='ltr'><strong>m</strong></span> <span class='ocrx_word' id='word_1_176' title='bbox 657 3677 723 3734; x_wconf 77' lang='lat' dir='ltr'>quoe</span> <span class='ocrx_word' id='word_1_177' title='bbox 736 3669 781 3717; x_wconf 82' lang='lat' dir='ltr'>eat</span> <span class='ocrx_word' id='word_1_178' title='bbox 794 3677 812 3716; x_wconf 90' lang='lat' dir='ltr'><strong>a</strong></span> <span class='ocrx_word' id='word_1_179' title='bbox 825 3659 957 3737; x_wconf 73' lang='lat' dir='ltr'><strong>patribus</strong></span> <span class='ocrx_word' id='word_1_180' title='bbox 970 3661 1128 3718; x_wconf 71' lang='lat' dir='ltr'><strong>observata</strong></span> 
     </span>
    </p>

    <p class='ocr_par' dir='ltr' id='par_1_8' title="bbox 111 3787 1163 4379">
     <span class='ocr_line' id='line_1_27' title="bbox 157 3787 1068 3906; baseline -0.003 -30"><span class='ocrx_word' id='word_1_181' title='bbox 157 3817 227 3876; x_wconf 87' lang='lat' dir='ltr'>Non</span> <span class='ocrx_word' id='word_1_182' title='bbox 252 3819 346 3876; x_wconf 85' lang='lat' dir='ltr'><strong>vocati</strong></span> <span class='ocrx_word' id='word_1_183' title='bbox 368 3829 465 3876; x_wconf 86' lang='lat' dir='ltr'><strong>autem</strong></span> <span class='ocrx_word' id='word_1_184' title='bbox 490 3816 617 3895; x_wconf 73' lang='lat' dir='ltr'>episcopi</span> <span class='ocrx_word' id='word_1_185' title='bbox 794 3787 947 3846; x_wconf 67' lang='lat' dir='ltr'>GANON</span> <span class='ocrx_word' id='word_1_186' title='bbox 967 3787 1026 3846; x_wconf 77' lang='lat' dir='ltr'>m·</span> <span class='ocrx_word' id='word_1_187' title='bbox 1063 3894 1068 3906; x_wconf 87' lang='lat'>.</span> 
     </span>
     <span class='ocr_line' id='line_1_28' title="bbox 111 3892 1162 3972; baseline -0.009 -12"><span class='ocrx_word' id='word_1_188' title='bbox 111 3901 193 3960; x_wconf 87' lang='lat' dir='ltr'><strong>ultra</strong></span> <span class='ocrx_word' id='word_1_189' title='bbox 206 3917 286 3958; x_wconf 84' lang='lat' dir='ltr'><strong>auam</strong></span> <span class='ocrx_word' id='word_1_190' title='bbox 307 3897 443 3957; x_wconf 78' lang='lat' dir='ltr'><strong>dioeoeain</strong></span> <span class='ocrx_word' id='word_1_191' title='bbox 463 3917 521 3954; x_wconf 89' lang='lat' dir='ltr'>non</span> <span class='ocrx_word' id='word_1_192' title='bbox 540 3915 616 3956; x_wconf 80' lang='lat' dir='ltr'><strong>noce-</strong></span> <span class='ocrx_word' id='word_1_193' title='bbox 701 3893 902 3952; x_wconf 80' lang='lat' dir='ltr'><strong>Veruntamen</strong></span> <span class='ocrx_word' id='word_1_194' title='bbox 916 3892 1162 3972; x_wconf 82' lang='lat' dir='ltr'><strong>Conatnntmopo-</strong></span> 
     </span>
     <span class='ocr_line' id='line_1_29' title="bbox 112 3972 1162 4059; baseline -0.008 -18"><span class='ocrx_word' id='word_1_195' title='bbox 112 3982 186 4041; x_wconf 83' lang='lat' dir='ltr'><strong>dant</strong></span> <span class='ocrx_word' id='word_1_196' title='bbox 200 3991 319 4059; x_wconf 84' lang='lat' dir='ltr'><strong>propter</strong></span> <span class='ocrx_word' id='word_1_197' title='bbox 333 3977 529 4036; x_wconf 80' lang='lat' dir='ltr'><strong>ordinationes</strong></span> <span class='ocrx_word' id='word_1_198' title='bbox 548 3977 618 4036; x_wconf 82' lang='lat' dir='ltr'><strong>feei.</strong></span> <span class='ocrx_word' id='word_1_199' title='bbox 659 3974 769 4032; x_wconf 79' lang='lat' dir='ltr'><strong>litanua</strong></span> <span class='ocrx_word' id='word_1_200' title='bbox 784 3973 938 4052; x_wconf 74' lang='lat' dir='ltr'><strong>episcopua</strong></span> <span class='ocrx_word' id='word_1_201' title='bbox 956 3972 1060 4031; x_wconf 81' lang='lat' dir='ltr'><strong>habeat</strong></span> <span class='ocrx_word' id='word_1_202' title='bbox 1074 3973 1162 4033; x_wconf 89' lang='lat' dir='ltr'><strong>hono-</strong></span> 
     </span>
     <span class='ocr_line' id='line_1_30' title="bbox 112 4053 1162 4154; baseline -0.009 -32"><span class='ocrx_word' id='word_1_203' title='bbox 112 4061 214 4128; x_wconf 72' lang='lat' dir='ltr'><strong>endas.</strong></span> <span class='ocrx_word' id='word_1_204' title='bbox 231 4059 276 4118; x_wconf 82' lang='lat' dir='ltr'>vel</span> <span class='ocrx_word' id='word_1_205' title='bbox 291 4057 618 4154; x_wconf 71' lang='lat' dir='ltr'><strong>propteraliaadispen.</strong></span> <span class='ocrx_word' id='word_1_206' title='bbox 658 4055 698 4114; x_wconf 79' lang='lat' dir='ltr'>ris</span> <span class='ocrx_word' id='word_1_207' title='bbox 722 4055 876 4132; x_wconf 84' lang='lat' dir='ltr'><strong>primatum</strong></span> <span class='ocrx_word' id='word_1_208' title='bbox 905 4065 973 4132; x_wconf 83' lang='lat' dir='ltr'><strong>poet</strong></span> <span class='ocrx_word' id='word_1_209' title='bbox 999 4053 1162 4113; x_wconf 85' lang='lat' dir='ltr'><strong>Romanum</strong></span> 
     </span>
     <span class='ocr_line' id='line_1_31' title="bbox 113 4135 1163 4214; baseline -0.009 -12"><span class='ocrx_word' id='word_1_210' title='bbox 113 4143 242 4202; x_wconf 77' lang='lat' dir='ltr'><strong>sationes</strong></span> <span class='ocrx_word' id='word_1_211' title='bbox 252 4139 465 4200; x_wconf 69' lang='lat' dir='ltr'><strong>aeclesiasticas.</strong></span> <span class='ocrx_word' id='word_1_212' title='bbox 498 4139 619 4198; x_wconf 83' lang='lat' dir='ltr'><strong>Servata</strong></span> <span class='ocrx_word' id='word_1_213' title='bbox 659 4135 848 4214; x_wconf 81' lang='lat' dir='ltr'><strong>episeopum:</strong></span> <span class='ocrx_word' id='word_1_214' title='bbox 892 4147 1046 4213; x_wconf 78' lang='lat' dir='ltr'><strong>propterea</strong></span> <span class='ocrx_word' id='word_1_215' title='bbox 1085 4135 1163 4213; x_wconf 89' lang='lat' dir='ltr'><strong>quod</strong></span> 
     </span>
     <span class='ocr_line' id='line_1_32' title="bbox 113 4214 1085 4300; baseline -0.009 -20"><span class='ocrx_word' id='word_1_216' title='bbox 113 4241 185 4282; x_wconf 78' lang='lat' dir='ltr'><strong>vero</strong></span> <span class='ocrx_word' id='word_1_217' title='bbox 209 4241 273 4300; x_wconf 74' lang='lat' dir='ltr'><strong>quae</strong></span> <span class='ocrx_word' id='word_1_218' title='bbox 298 4221 405 4300; x_wconf 74' lang='lat' dir='ltr'><strong>scripta</strong></span> <span class='ocrx_word' id='word_1_219' title='bbox 433 4229 478 4278; x_wconf 78' lang='lat' dir='ltr'>eat</span> <span class='ocrx_word' id='word_1_220' title='bbox 505 4219 542 4278; x_wconf 89' lang='lat' dir='ltr'>do</span> <span class='ocrx_word' id='word_1_221' title='bbox 565 4239 619 4298; x_wconf 79' lang='lat' dir='ltr'>gu.</span> <span class='ocrx_word' id='word_1_222' title='bbox 660 4218 729 4276; x_wconf 81' lang='lat' dir='ltr'><strong>urbe</strong></span> <span class='ocrx_word' id='word_1_223' title='bbox 742 4217 805 4294; x_wconf 77' lang='lat' dir='ltr'><strong>ipsa</strong></span> <span class='ocrx_word' id='word_1_224' title='bbox 818 4216 857 4274; x_wconf 80' lang='lat' dir='ltr'>ait</span> <span class='ocrx_word' id='word_1_225' title='bbox 868 4214 968 4292; x_wconf 88' lang='lat' dir='ltr'><strong>junior</strong></span> <span class='ocrx_word' id='word_1_226' title='bbox 984 4215 1085 4274; x_wconf 83' lang='lat' dir='ltr'><strong>Romo.</strong></span> 
     </span>
     <span class='ocr_line' id='line_1_33' title="bbox 112 4301 619 4379; baseline -0.008 -16"><span class='ocrx_word' id='word_1_227' title='bbox 112 4301 333 4364; x_wconf 83' lang='lat' dir='ltr'><strong>bemationibus</strong></span> <span class='ocrx_word' id='word_1_228' title='bbox 352 4301 463 4379; x_wconf 82' lang='lat' dir='ltr'><strong>regula,</strong></span> <span class='ocrx_word' id='word_1_229' title='bbox 483 4301 619 4359; x_wconf 76' lang='lat' dir='ltr'><strong>monifes-</strong></span> 
     </span>
    </p>
   </div>
   <div class='ocr_carea' id='block_1_6' title="bbox 0 0 1455 4817">
    <p class='ocr_par' dir='ltr' id='par_1_9' title="bbox 0 0 1455 4817">
     <span class='ocr_line' id='line_1_34' title="bbox 0 0 1455 4817; baseline 0 0"><span class='ocrx_word' id='word_1_230' title='bbox 0 0 1455 4817; x_wconf 95' lang='lat' dir='ltr'> </span> 
     </span>
    </p>
   </div>
  </div>
 </body>
</html>
