2867 4817
232 310 286 374 IN
312 310 658 377 TERTULLIANI
683 310 748 375 DE
770 310 1034 376 ORATIONE.
1104 310 1166 376 181

112 490 132 519 ‘⁴
145 504 245 569 goren
259 483 349 569 leges
363 482 448 546 illius
467 482 560 568 regis,
577 482 700 566 profert
714 483 796 547 hano
817 504 953 568 quoque,
973 484 1017 548 Ut
1028 483 1170 547 umor

111 578 132 605 ⁴⁴
140 580 307 657 postquam
327 569 493 633 desem
592 568 632 641 't,·
657 590 753 653 quam
766 569 871 634 tribus
892 568 995 633 modis
1009 569 1166 655 explieat:

110 666 131 692 ‘⁴
146 656 234 741 quod
250 656 353 719 firmae
375 676 445 719 esse
466 653 507 719 de
590 662 738 740 tpreees,
752 655 1064 741 permanendumque
1078 657 1121 721 sit
1135 658 1169 721 in

110 752 130 777 “
146 742 259 817 bonis3
279 741 367 826 quod
381 741 590 805 interstitium
603 762 722 827 ponere
735 749 884 826 oporteat
893 742 1070 807 orationem
1084 742 1169 807 iuter

111 837 131 865 “
146 836 180 893 et
194 829 362 893 astionem
383 835 585 899 secuturam
609 829 694 912 quod
718 850 757 892 ue
779 829 812 891 in
833 827 910 903 otio,
927 850 990 891 non
1005 837 1112 893 autem
1134 830 1167 893 in

111 923 130 951 ‘⁵
144 914 362 999 oeoupatione
387 935 426 977 ao
450 922 669 998 properanter,
693 850 819 977 llumen
843 914 933 977 edire
961 915 1082 979 deoeat.
1129 916 1168 979 ln

112 1008 131 1037 “
145 1000 391 1081 Quaestionibus
405 1020 480 1063 vero
503 998 664 1075 Romanis,
680 1007 792 1064 narrat
813 1021 872 1063 suo
894 1000 999 1063 adhue
1025 1008 1168 1087 tempore

110 1094 130 1122 ‘⁴
144 1087 309 1151 usitatum
331 1085 437 1162 fuisse,
453 1085 563 1169 utqui
584 1087 706 1170 preoati
729 1093 835 1150 essent
849 1093 947 1170 atque
968 1087 1165 1166 adorassent,

110 1182 131 1209 “
144 1174 179 1236 in
193 1172 328 1257 templis
343 1178 581 1256 perseverarent
595 1179 629 1236 et
643 1172 819 1237 sederent.”
862 1171 944 1236 Haeo
957 1172 1017 1236 ille.
1065 1174 1167 1238 Porro

108 1266 229 1323 notatu
244 1258 278 1321 di
324 1279 380 1320 um
394 1264 453 1333 eet,
469 1257 502 1319 in
523 1258 669 1321 menibus
684 1258 749 1323 suis
762 1258 911 1322 habuisse
926 1258 1165 1337 Tertullianum,

107 1344 166 1429 qui
180 1352 273 1408 oerte
339 1344 406 1407 tine
420 1343 556 1428 scripsit,
572 1364 652 1429 opus
667 1345 753 1430 quod
766 1366 851 1407 nune
865 1352 1018 1429 superest,
1036 1345 1166 1411 Hermae

109 1431 289 1495 Pastorem
311 1430 442 1506 dietum,
466 1431 520 1513 qui
539 1430 627 1507 liber,
650 1438 782 1495 auctore
803 1430 1002 1514 Hieronymo
1023 1432 1061 1495 de
1083 1433 1168 1497 Vinia

107 1517 235 1581 mear.
245 1538 324 1581 vooe
334 1516 476 1592 Her-rime,
488 1517 575 1601 apud
587 1514 720 1581 Latinos
730 1516 831 1603 penei
875 1524 950 1581 otus
957 1517 1028 1581 fuit.
1044 1516 1168 1603 Quippe

108 1604 269 1689 suspieati
296 1609 372 1667 sunt
395 1602 493 1687 aliqui
515 1602 574 1666 viri
603 1603 699 1681 (loeti,
727 1604 792 1666 duo
821 1602 896 1666 oim
925 1602 1071 1667 extitisse
1099 1605 1168 1687 ejus

107 1689 252 1841 Ἠ
266 1689 717 1839 ttttltlslluttll
729 1696 881 1860 m?
894 1690 1018 1839 tull
1031 1710 1167 1842 {stlta

108 1863 280 1947 sriptum
293 1861 362 1945 jam
376 1860 515 1959 perierit.
559 1861 644 1925 Vide
658 1861 820 1946 Reliquiae
834 1863 922 1924 eaor.
934 1861 993 1925 vol.
1009 1861 1070 1925 IV.
1079 1885 1111 1947 p.
1123 1882 1163 1946 31

108 1969 209 2033 -34
256 1946 318 2013 Oui
340 1947 467 2030 qmdem
488 1947 626 2032 opinioni
642 1948 752 2011 obstet
765 1946 887 2033 agnitio
901 1946 1007 2032 operis
1020 1972 1038 2011 e
1054 1950 1167 2013 Graeoo

108 2034 215 2185 itu
231 2032 446 2203 tw
467 2032 1166 2185 'ltltlff‘lllleullm

110 2206 348 2271 ostholiearum
371 2204 456 2269 inter
479 2206 662 2291 apocrypha
690 2212 724 2270 et
748 2205 830 2269 salsa
852 2226 933 2291 opus
958 2207 1053 2283 istud,
1081 2210 1166 2293 quod

110 2300 216 2371 extet,
237 2290 467 2377 judicabatur;
502 2294 613 2356 eodem
632 2292 790 2357 referente
812 2291 1009 2356 Tertulliano
1030 2294 1064 2357 in
1084 2294 1166 2359 libro

109 2379 146 2443 do
161 2378 337 2442 Pudicitia
351 2399 420 2462 eap.
435 2397 482 2440 10.

153 2465 195 2529 P.
212 2484 289 2527 ιιι.
304 2463 326 2526 l.
343 2482 394 2529 22.
415 2464 529 2549 angelo
549 2462 654 2527 adhue
678 2464 833 2528 orationis
858 2467 999 2549 astante]
1023 2466 1166 2552 Angelus

109 2551 161 2615 ille
176 2549 312 2615 Domini
326 2549 475 2635 apparuit
486 2550 650 2614 Zaohuriae
664 2560 748 2614 etam
756 2572 780 2615 a
789 2550 906 2614 uersu
918 2551 1030 2615 ultuma
1041 2553 1166 2617 irrorari.

111 2637 191 2703 Lne.
206 2637 230 2699 i.
246 2656 298 2701 11.
336 2635 460 2699 Attulit
473 2643 581 2700 eutem
596 2636 638 2699 de
657 2635 893 2701 ministratione
914 2638 1058 2724 angelica
1077 2648 1115 2703 ut
1130 2640 1164 2703 S.

109 2722 319 2809 Augustinus
341 2743 386 2785 no
406 2721 564 2808 Rigaltius
586 2722 689 2787 loeum
707 2720 802 2800 Toto,
818 2744 890 2808 esp.
905 2724 959 2787 xii.
972 2746 1053 2789 eom.
1070 2744 1115 2791 ια.
1132 2726 1164 2788 in

197 2808 334 2893 angelus
355 2806 442 2885 dioit
464 2809 508 2872 Et
526 2828 606 2871 arete
629 2808 751 2894 quondo
771 2808 881 2873 orotm
901 2819 935 2873 tu
954 2820 983 2874 et
1004 2814 1098 2887 Sere,
1114 2832 1165 2895 epo

196 2896 205 2909 “
227 2895 397 2958 motusue
417 2896 602 2959 eudromius
623 2904 776 2980 ooaspeau
789 2894 943 2960 mutatis
955 2898 1027 2962 Dei.
1074 2897 1164 2963 (loni.

108 2986 255 3067 espec.
271 2980 336 3043 viii.
351 3000 384 3064 3.
399 3000 431 3060 4.

154 3068 242 3131 Ibid.
257 3066 282 3129 l.
300 3084 352 3147 27.
369 3066 530 3130 sublimius
551 3064 660 3167 elatis]
684 3067 772 3131 Dum
792 3067 927 3132 alteram
945 3090 1054 3133 voeem
1076 3069 1164 3135 oletis

152 3288 443 3391 P.112.1.1’6.de
464 3260 622 3411 suaegpaoe
641 3324 736 3390 fratri
757 3325 951 3414 transigere]
976 3291 1163 3413 llepetenda

109 3420 187 3477 srmt
218 3432 259 3475 es
289 3410 330 3475 de
354 3410 586 3497 superioribus:
620 3412 810 3477 Christianos
835 3414 982 3480 oaritetis
1009 3415 1163 3481 benefieio

108 3498 189 3576 fieri,
209 3506 249 3561 nt
272 3496 313 3561 de
334 3498 508 3597 Jejunantis
530 3498 716 3583 operatione
740 3498 857 3563 iratres
879 3500 978 3565 etiam
999 3522 1062 3565 non
1081 3502 1163 3587 jeju·

109 3593 228 3649 nantes
256 3584 461 3669 participent,
483 3606 582 3668 eoque
605 3584 758 3649 benefloio
781 3586 907 3663 adfecti,
928 3586 998 3671 jam
1022 3588 1163 3655 audeant

109 3670 293 3757 transigere
315 3692 387 3735 eum
409 3670 584 3755 jejunante,
599 3671 647 3735 ite
666 3678 704 3736 ut
723 3692 782 3756 pro
799 3674 1032 3739 eommunieato
1050 3674 1162 3759 jejrmii

109 3758 228 3822 merito
251 3756 341 3841 pasis
363 3778 430 3821 suae
455 3755 645 3822 Christianae
669 3758 810 3842 gratiam
835 3766 948 3825 mutua
976 3761 1163 3847 pensatione

108 3842 360 3909 eommunioent.
383 3842 512 3906 Brennr.

154 3930 195 3994 P.
223 3948 294 4013 113.
321 3929 344 3991 l.
362 3946 396 4013 5.
427 3935 462 3992 et
490 3930 664 4013 reservato]
700 3929 809 3995 Variis
836 3932 877 3996 de
906 3932 1010 3996 oausis
1039 3940 1162 4000 veteres

108 4014 287 4082 (llrristiani
301 4036 419 4101 penem
433 4014 677 4079 euoharistioum
691 4016 778 4101 apud
787 4038 822 4081 se
832 4038 995 4083 reservare
1005 4018 1161 4085 solebant.

108 4104 217 4169 (lausa
237 4101 422 4167 resonandi
448 4100 500 4165 hio
525 4100 611 4167 diota
635 4108 743 4166 utrum
771 4102 848 4167 alibi
878 4112 1081 4183 memoretur,
1110 4128 1162 4172 me

106 4190 237 4340 ¹²¹liviri.
254 4274 276 4340 l.
291 4293 343 4339 ιι.
360 4273 412 4338 De
426 4270 540 4339 habitu
555 4296 629 4338 vero
648 4275 808 4341 duntexet
822 4276 1157 4364 feminarum—quasi]
