2867 4817
290 328 335 396 68
652 330 684 393 S.
708 328 976 394 HIPPOLYTI

291 510 390 585 οῦται
407 502 479 608 γὰρ
497 504 518 583 ό
535 503 705 607 μακάριος
723 500 891 602 Ἰωάννης
908 500 956 581 τὰ
972 500 1032 581 διὰ
1049 507 1123 581 τῶν
1139 506 1344 609 προφητῶν

291 632 466 739 εἰρημένα,
490 630 624 715 δεικνὺς
647 640 776 711 τοῦτον
800 627 889 711 εἶναι
911 628 976 710 τόν
1001 626 1135 731 Λόγον,
1160 630 1202 707 δι’
1222 629 1266 709 οῦ
1291 628 1343 709 τὰ

290 759 410 843 πάντα
436 759 585 861 ἐγένετο.
646 762 767 859 <heir
792 757 866 861 γὰρ
892 758 999 837 οῦτω·
1037 758 1105 836 Ἐν
1131 759 1226 862 ἀρχῇ
1249 756 1344 857 ἦνὸ

290 888 422 991 Λόγος,
441 891 500 968 καὶ
518 889 538 966 5
564 885 685 990 Λόγος
707 886 753 988 ἦν
773 884 865 991 πρός
886 883 952 966 τόν
975 883 1080 982 θεὸν,
1099 888 1159 965 καὶ
1182 884 1276 970 Θεὸς
1294 885 1345 986 ἦν

291 1020 312 1099 ό
332 1015 464 1117 Λόγος.
513 1014 642 1095 Πάντα
660 1016 702 1094 δι’
723 1016 832 1094 αῦτοῦ
857 1012 1006 1114 ἐγένετο,
1024 1012 1084 1092 καὶ
1105 1016 1215 1117 χωρὶς
1232 1015 1374 1107 αὐτοῦς

291 1145 429 1249 ἐγένετο
461 1142 541 1224 οὐδὲ
572 1141 620 1222 ἕν.
661 1141 832 1247 ῦπο(βός)
862 1141 902 1221 δὲ
927 1141 1010 1247 ἔφη·
1048 1142 1097 1220 Ὁ
1126 1140 1265 1242 κόσμος
1296 1144 1343 1221 δι’

290 1275 399 1354 αὐτοῦ
418 1270 568 1375 ἐγένετο,
586 1274 646 1351 καὶ
664 1271 685 1349 ό
702 1267 841 1369 κόσμος
858 1268 966 1349 αὐτόν
984 1269 1048 1348 οῦκ
1073 1268 1175 1371 ἔγνω.
1217 1275 1282 1354 Εἰς
1294 1269 1346 1349 τὰ

291 1402 363 1483 ἴδια
380 1398 502 1501 ἦλθεν,
522 1401 581 1479 καὶ
599 1404 632 1478 οἱ
650 1397 732 1479 ἴδιοι
750 1394 858 1478 αῦτόν
876 1398 918 1477 οῦ
934 1392 1157 1499 παρέλαβον.
1204 1403 1251 1478 Ei
1268 1400 1346 1495 οῦν,

291 1529 373 1636 ἔφη,
402 1529 422 1606 5
449 1525 588 1627 κόσμος
615 1527 658 1605 δι’
688 1526 797 1606 αὐτοῦ
825 1523 1021 1629 γεγένηται,
1051 1522 1169 1610 καθὼς
1196 1527 1295 1629 λέγει
1323 1527 1348 1604 5

291 1652 492 1764 προφήτης·
533 1660 599 1763 Τῷ
618 1652 730 1761 Λόγιρ
750 1652 886 1756 Κυρίου
903 1658 937 1732 οἱ
958 1654 1101 1756 οῦρανοὶ
1118 1652 1343 1757 ἐστερεώθη·
1363 1704 1401 1743 10

293 1811 377 1863 σαν·
406 1780 478 1887 ἆρα
496 1778 598 1865 οὗτός
616 1783 716 1861 ἐστιν
735 1782 756 1859 ό
775 1778 897 1883 Λόγος
914 1782 935 1860 5
954 1784 1013 1860 καὶ
1029 1780 1191 1888 ἐμφανὴς
1204 1781 1345 1862 δεικνῦ-

292 1944 407 2011 μενος.
459 1908 603 1989 Οῦκοῦν
620 1907 796 2012 ἕνσαρκον
822 1906 945 2009 Λόγον
966 1916 1177 2012 θεωροῦμεν,
1196 1911 1349 2014 Πατέρα

294 2041 337 2120 δι’
358 2040 467 2119 αῦτοῦ
485 2044 642 2137 νοοῦμεν,
662 2040 741 2144 Viti>
758 2034 797 2117 δὲ
814 2034 1040 2137 πιστεύομεν,
1055 2038 1239 2139 Πνεῦματι
1252 2040 1349 2148 όγόιρ

294 2175 578 2272 προσκυνοῦμεν.

350 2292 410 2398 ιγ’.
437 2291 592 2394 Ἴδωμεν
609 2294 672 2374 οῦν
690 2292 737 2373 τό
761 2292 1001 2395 γεγραμμένα,
1021 2293 1076 2373 ὅτι
1099 2293 1165 2395 μὲν
1183 2292 1347 2403 ἐμφανὴς
1364 2350 1374 2388 ,
1381 2350 1399 2407 5

293 2425 313 2503 5
331 2422 452 2526 Λόγος
470 2420 640 2522 ἐσόμενος
665 2418 898 2525 ε’κηρόσσετο.
951 2425 1025 2501 Καὶ
1041 2422 1212 2526 Ἱερεμίας
1229 2422 1345 2527 λέγει·

290 2552 358 2635 Τίς
376 2550 465 2649 ἔστη
483 2552 521 2629 ἐν
539 2546 767 2649 ῦπαστὴματι
787 2548 938 2652 Κυρίου,
954 2553 1013 2628 καὶ
1031 2550 1121 2630 εἶδεν
1138 2548 1204 2630 τόν
1220 2549 1348 2655 Λόγον

292 2680 427 2775 αὐτοῦς
460 2674 580 2779 Λόγος
607 2675 646 2757 δὲ
674 2680 770 2756 θεοῦ
797 2670 906 2773 μόνος
929 2674 1068 2780 ὁρατός,
1087 2679 1278 2784 ἀνθρώπου
1308 2679 1350 2759 δὲ

294 2928 397 2987 beatus
410 2927 550 2987 Ioannes.
584 2924 706 3004 Repetit
721 2923 798 2983 enim
840 2922 1350 3004 0VerboDomim'coelifirmutirun1:

294 3008 471 3077 summatim,
501 3027 566 3085 quae
592 3028 611 3065 ιι
649 3004 801 3085 prophetin
841 3003 932 3081 igitur
955 3004 1011 3065 boe
1033 3016 1079 3066 est
1100 3007 1246 3078 Verbum,
1267 3010 1351 3085 quod

294 3089 373 3149 dictu
400 3099 479 3157 sunt,
510 3088 711 3147 demonstrans
745 3085 801 3143 hoc
840 3085 950 3143 factum
965 3098 1010 3145 est
1028 3088 1227 3147 manifestum.
1264 3088 1353 3168 Ergo

294 3190 357 3229 erse
371 3169 514 3236 Verbum,
534 3188 586 3245 per
604 3166 683 3246 quod
702 3166 801 3226 omniu
840 3164 973 3225 Verbum
987 3168 1170 3229 ineamutum
1189 3170 1352 3239 cernimus,

294 3250 464 3309 factasunt.
504 3249 554 3309 Sic
567 3248 645 3307 enim
659 3248 717 3307 uit:
737 3247 800 3305 aIn
842 3246 961 3306 Putrem
981 3268 1121 3327 pereum
1142 3250 1351 3329 intelligimus,

337 3330 438 3409 ’ποὶρίο
456 3339 518 3389 erut
538 3330 668 3399 Verbum,
684 3338 710 3389 ei
732 3329 758 3387 V
756 3349 800 3387 er·
842 3326 920 3385 Filio
932 3328 1086 3399 credimur,
1099 3331 1244 3410 Spiritum
1255 3332 1353 3392 Sume-

291 3350 360 3471 bbin
374 3419 436 3469 erat
453 3411 534 3489 apud
552 3410 657 3481 Deum,
672 3417 698 3468 el
720 3410 801 3469 Deus
841 3419 905 3468 tum
919 3408 1082 3469 adoremur.

295 3501 357 3551 erat
371 3491 501 3550 Verbum.
530 3491 633 3551 Omnia
642 3512 697 3571 per
708 3492 802 3570 iprum
883 3488 976 3549 XIII.
991 3490 1152 3553 Videamus
1171 3493 1353 3572 igiturque

267 3618 274 3632 .
284 3572 376 3653 sacta
390 3581 468 3642 runt,
484 3580 510 3631 el
529 3572 591 3631 sine
608 3572 671 3651 ipro
681 3571 801 3651 sactum
841 3570 949 3649 scriptu
969 3582 1048 3639 eunt,
1069 3574 1149 3650 quod
1173 3574 1351 3654 proedieube-

294 3653 426 3715 estnihil.
439 3664 469 3713 et
480 3654 557 3713 infra
568 3654 627 3712 uit:
643 3650 802 3715 ι’Μιιιιιῦιις
841 3662 892 3711 tur
912 3651 1031 3730 quidem
1055 3652 1187 3715 Verbum
1213 3656 1353 3716 futurum

290 3756 347 3816 ριτ
360 3732 665 3815 immurmuraret
680 3734 803 3793 mumiue
842 3733 1042 3793 manifestum.
1080 3735 1353 3797 Hieremimetium

294 3838 357 3877 eum
372 3838 426 3875 ιιοιι
444 3816 581 3895 cognovit.
625 3816 664 3875 In
681 3814 803 3895 propria
844 3812 930 3873 dicit:
945 3810 1046 3881 dunis
1059 3816 1135 3875 metit
1150 3818 1181 3876 ιἰι
1199 3819 1355 3899 hypostasi

294 3897 544 3966 venit,etruieum
557 3919 612 3956 αοιι
624 3904 801 3975 receperunt.
844 3894 972 3964 Domini,
986 3904 1013 3955 et
1027 3895 1097 3956 vidie
1119 3899 1241 3959 Verbum
1259 3903 1355 3979 ejus?

295 3978 329 4038 Si
347 3977 475 4037 muudus
496 3978 619 4056 (inquit)
636 3998 689 4117 Ber
706 3978 802 4056 ipsum
844 3975 977 4035 Verbum
992 3988 1091 4038 autem
1110 3979 1169 4039 Dei
1187 3980 1284 4041 solum
1306 3994 1355 4042 est

295 4060 390 4119 faetus
408 4069 462 4125 eet,
477 4059 554 4117 sicut
574 4059 616 4119 uit
662 4060 801 4138 rophetu:
845 4056 967 4126 visibile,
988 4060 1109 4121 verbum
1133 4080 1202 4121 vero
1223 4062 1356 4123 bominis

329 4280 475 4331 aJoh.i.1.
570 4280 660 4329 ΠΜ.
677 4295 714 4329 ιο.
805 4280 1006 4332 eremium.
1104 4283 1319 4335 ascanium.
