<?xml version="1.0" encoding="UTF-8"?>
<!DOCTYPE html PUBLIC "-//W3C//DTD XHTML 1.0 Transitional//EN"
    "http://www.w3.org/TR/xhtml1/DTD/xhtml1-transitional.dtd">
<html xmlns="http://www.w3.org/1999/xhtml" xml:lang="en" lang="en">
 <head>
  <title>
</title>
<meta http-equiv="Content-Type" content="text/html;charset=utf-8" />
  <meta name='ocr-system' content='tesseract 3.04.00' />
  <meta name='ocr-capabilities' content='ocr_page ocr_carea ocr_par ocr_line ocrx_word'/>
</head>
<body>
  <div class='ocr_page' id='page_1' title='image "./scriptorumeccle03routgoog_0287.png"; bbox 0 0 2867 4817; ppageno 0'>
   <div class='ocr_carea' id='block_1_1' title="bbox 307 324 1152 404">
    <p class='ocr_par' dir='ltr' id='par_1_1' title="bbox 307 324 1152 404">
     <span class='ocr_line' id='line_1_1' title="bbox 307 324 1152 404; baseline -0.017 0"><span class='ocrx_word' id='word_1_1' title='bbox 307 338 374 404; x_wconf 85' lang='lat' dir='ltr'>DE</span> <span class='ocrx_word' id='word_1_2' title='bbox 398 333 656 403; x_wconf 86' lang='lat' dir='ltr'>IDOLORUM</span> <span class='ocrx_word' id='word_1_3' title='bbox 679 330 944 397; x_wconf 81' lang='lat' dir='ltr'><strong>VANITATE.</strong></span> <span class='ocrx_word' id='word_1_4' title='bbox 1091 324 1152 391; x_wconf 74' lang='lat'>271</span> 
     </span>
    </p>
   </div>
   <div class='ocr_carea' id='block_1_2' title="bbox 72 506 1176 3525">
    <p class='ocr_par' dir='ltr' id='par_1_2' title="bbox 104 506 1160 961">
     <span class='ocr_line' id='line_1_2' title="bbox 104 506 1156 608; baseline -0.015 -18"><span class='ocrx_word' id='word_1_5' title='bbox 104 526 218 589; x_wconf 86' lang='lat' dir='ltr'>mater</span> <span class='ocrx_word' id='word_1_6' title='bbox 235 516 344 598; x_wconf 81' lang='lat' dir='ltr'>Idaea,</span> <span class='ocrx_word' id='word_1_7' title='bbox 362 524 401 585; x_wconf 89' lang='lat' dir='ltr'>et</span> <span class='ocrx_word' id='word_1_8' title='bbox 416 512 586 608; x_wconf 79' lang='lat' dir='ltr'>AEgyptia</span> <span class='ocrx_word' id='word_1_9' title='bbox 600 516 777 604; x_wconf 89' lang='lat' dir='ltr'>portenta,</span> <span class='ocrx_word' id='word_1_10' title='bbox 794 530 867 579; x_wconf 91' lang='lat' dir='ltr'>non</span> <span class='ocrx_word' id='word_1_11' title='bbox 882 506 1048 577; x_wconf 89' lang='lat' dir='ltr'>numina:</span> <span class='ocrx_word' id='word_1_12' title='bbox 1075 526 1156 597; x_wconf 83' lang='lat' dir='ltr'>quae</span> 
     </span>
     <span class='ocr_line' id='line_1_3' title="bbox 105 625 1157 727; baseline -0.012 -24"><span class='ocrx_word' id='word_1_13' title='bbox 105 635 229 727; x_wconf 89' lang='lat' dir='ltr'>utique</span> <span class='ocrx_word' id='word_1_14' title='bbox 250 633 280 703; x_wconf 87' lang='lat' dir='ltr'>si</span> <span class='ocrx_word' id='word_1_15' title='bbox 303 630 389 725; x_wconf 90' lang='lat' dir='ltr'>qnid</span> <span class='ocrx_word' id='word_1_16' title='bbox 411 628 599 723; x_wconf 82' lang='lat' dir='ltr'>potestatis</span> <span class='ocrx_word' id='word_1_17' title='bbox 622 625 839 707; x_wconf 74' lang='lat' dir='ltr'>habuissent,</span> <span class='ocrx_word' id='word_1_18' title='bbox 861 646 926 694; x_wconf 87' lang='lat' dir='ltr'>sua</span> <span class='ocrx_word' id='word_1_19' title='bbox 949 645 992 693; x_wconf 89' lang='lat' dir='ltr'>ac</span> <span class='ocrx_word' id='word_1_20' title='bbox 1012 642 1157 692; x_wconf 86' lang='lat' dir='ltr'>auorum</span> 
     </span>
     <span class='ocr_line' id='line_1_4' title="bbox 105 740 1157 845; baseline -0.013 -24"><span class='ocrx_word' id='word_1_21' title='bbox 105 772 214 845; x_wconf 83' lang='lat' dir='ltr'>regna</span> <span class='ocrx_word' id='word_1_22' title='bbox 243 755 452 819; x_wconf 84' lang='lat' dir='ltr'>servassent.</span> <span class='ocrx_word' id='word_1_23' title='bbox 504 744 615 815; x_wconf 87' lang='lat' dir='ltr'>Plane</span> <span class='ocrx_word' id='word_1_24' title='bbox 655 751 739 815; x_wconf 84' lang='lat' dir='ltr'>aunt</span> <span class='ocrx_word' id='word_1_25' title='bbox 776 742 871 835; x_wconf 88' lang='lat' dir='ltr'>apud</span> <span class='ocrx_word' id='word_1_26' title='bbox 905 740 1086 811; x_wconf 87' lang='lat' dir='ltr'>Romanos</span> <span class='ocrx_word' id='word_1_27' title='bbox 1119 745 1157 807; x_wconf 90' lang='lat' dir='ltr'>et</span> 
     </span>
     <span class='ocr_line' id='line_1_5' title="bbox 106 854 1160 961; baseline -0.011 -24"><span class='ocrx_word' id='word_1_28' title='bbox 106 868 189 939; x_wconf 82' lang='lat' dir='ltr'>victi</span> <span class='ocrx_word' id='word_1_29' title='bbox 206 872 365 961; x_wconf 81' lang='lat' dir='ltr'>penates,</span> <span class='ocrx_word' id='word_1_30' title='bbox 382 886 471 957; x_wconf 90' lang='lat' dir='ltr'>qnos</span> <span class='ocrx_word' id='word_1_31' title='bbox 492 862 622 934; x_wconf 79' lang='lat' dir='ltr'>AEneas</span> <span class='ocrx_word' id='word_1_32' title='bbox 643 861 813 955; x_wconf 86' lang='lat' dir='ltr'>profugus</span> <span class='ocrx_word' id='word_1_33' title='bbox 835 856 990 929; x_wconf 77' lang='lat' dir='ltr'>advexit.</span> <span class='ocrx_word' id='word_1_34' title='bbox 1034 854 1101 925; x_wconf 85' lang='lat' dir='ltr'>Est</span> <span class='ocrx_word' id='word_1_35' title='bbox 1120 863 1160 925; x_wconf 87' lang='lat' dir='ltr'>et</span> 
     </span>
    </p>

    <p class='ocr_par' dir='ltr' id='par_1_3' title="bbox 82 971 1159 1172">
     <span class='ocr_line' id='line_1_6' title="bbox 82 971 1159 1071; baseline -0.014 -14"><span class='ocrx_word' id='word_1_36' title='bbox 82 984 235 1057; x_wconf 70' lang='lat' dir='ltr'>evenus</span> <span class='ocrx_word' id='word_1_37' title='bbox 263 980 366 1055; x_wconf 80' lang='lat' dir='ltr'>calva</span> <span class='ocrx_word' id='word_1_38' title='bbox 393 978 509 1051; x_wconf 88' lang='lat' dir='ltr'>multo</span> <span class='ocrx_word' id='word_1_39' title='bbox 538 978 598 1049; x_wconf 88' lang='lat' dir='ltr'>hic</span> <span class='ocrx_word' id='word_1_40' title='bbox 627 978 766 1071; x_wconf 75' lang='lat' dir='ltr'>turpius</span> <span class='ocrx_word' id='word_1_41' title='bbox 795 974 897 1047; x_wconf 86' lang='lat' dir='ltr'>calva</span> <span class='ocrx_word' id='word_1_42' title='bbox 923 994 1031 1066; x_wconf 84' lang='lat' dir='ltr'>qnam</span> <span class='ocrx_word' id='word_1_43' title='bbox 1064 971 1159 1065; x_wconf 85' lang='lat' dir='ltr'>apud</span> 
     </span>
     <span class='ocr_line' id='line_1_7' title="bbox 108 1098 523 1172; baseline -0.012 0"><span class='ocrx_word' id='word_1_44' title='bbox 108 1100 310 1172; x_wconf 84' lang='lat' dir='ltr'><strong>Homerum</strong></span> <span class='ocrx_word' id='word_1_45' title='bbox 326 1098 523 1169; x_wconf 83' lang='lat' dir='ltr'>vulnerata.</span> 
     </span>
    </p>

    <p class='ocr_par' dir='ltr' id='par_1_4' title="bbox 111 1208 1163 1545">
     <span class='ocr_line' id='line_1_8' title="bbox 156 1208 1161 1311; baseline -0.011 -24"><span class='ocrx_word' id='word_1_46' title='bbox 156 1216 231 1287; x_wconf 93' lang='grc' dir='ltr'>ΠΙ.</span> <span class='ocrx_word' id='word_1_47' title='bbox 258 1216 386 1311; x_wconf 82' lang='lat' dir='ltr'>Regna</span> <span class='ocrx_word' id='word_1_48' title='bbox 401 1224 522 1287; x_wconf 79' lang='lat' dir='ltr'>autem</span> <span class='ocrx_word' id='word_1_49' title='bbox 546 1237 618 1285; x_wconf 92' lang='lat' dir='ltr'>non</span> <span class='ocrx_word' id='word_1_50' title='bbox 635 1214 765 1284; x_wconf 89' lang='lat' dir='ltr'>merito</span> <span class='ocrx_word' id='word_1_51' title='bbox 789 1211 966 1291; x_wconf 87' lang='lat' dir='ltr'>accidunt,</span> <span class='ocrx_word' id='word_1_52' title='bbox 982 1208 1045 1300; x_wconf 82' lang='lat' dir='ltr'>sed</span> <span class='ocrx_word' id='word_1_53' title='bbox 1065 1215 1161 1277; x_wconf 87' lang='lat' dir='ltr'>sorte</span> 
     </span>
     <span class='ocr_line' id='line_1_9' title="bbox 111 1331 1163 1424; baseline -0.01 -19"><span class='ocrx_word' id='word_1_54' title='bbox 111 1335 303 1407; x_wconf 82' lang='lat' dir='ltr'>variantur.</span> <span class='ocrx_word' id='word_1_55' title='bbox 359 1331 537 1403; x_wconf 76' lang='lat' dir='ltr'>Ceterum</span> <span class='ocrx_word' id='word_1_56' title='bbox 571 1331 761 1424; x_wconf 89' lang='lat' dir='ltr'>imperium</span> <span class='ocrx_word' id='word_1_57' title='bbox 787 1336 872 1399; x_wconf 84' lang='lat' dir='ltr'>ante</span> <span class='ocrx_word' id='word_1_58' title='bbox 901 1333 1095 1397; x_wconf 85' lang='lat' dir='ltr'>tenuenmt</span> <span class='ocrx_word' id='word_1_59' title='bbox 1123 1333 1163 1395; x_wconf 86' lang='lat' dir='ltr'>et</span> 
     </span>
     <span class='ocr_line' id='line_1_10' title="bbox 112 1444 1163 1545; baseline -0.009 -24"><span class='ocrx_word' id='word_1_60' title='bbox 112 1450 251 1545; x_wconf 79' lang='lat' dir='ltr'>Assyrii</span> <span class='ocrx_word' id='word_1_61' title='bbox 278 1458 317 1521; x_wconf 89' lang='lat' dir='ltr'>et</span> <span class='ocrx_word' id='word_1_62' title='bbox 335 1447 461 1531; x_wconf 81' lang='lat' dir='ltr'>Persae,</span> <span class='ocrx_word' id='word_1_63' title='bbox 487 1457 525 1519; x_wconf 93' lang='lat' dir='ltr'>et</span> <span class='ocrx_word' id='word_1_64' title='bbox 552 1446 698 1519; x_wconf 79' lang='lat' dir='ltr'>Graecos</span> <span class='ocrx_word' id='word_1_65' title='bbox 725 1453 764 1516; x_wconf 91' lang='lat' dir='ltr'>et</span> <span class='ocrx_word' id='word_1_66' title='bbox 789 1444 975 1539; x_wconf 80' lang='lat' dir='ltr'>AEgyptios</span> <span class='ocrx_word' id='word_1_67' title='bbox 999 1462 1163 1537; x_wconf 75' lang='lat' dir='ltr'>regnasse</span> 
     </span>
    </p>

    <p class='ocr_par' dir='ltr' id='par_1_5' title="bbox 72 1558 1176 3525">
     <span class='ocr_line' id='line_1_11' title="bbox 72 1558 1164 1663; baseline -0.003 -31"><span class='ocrx_word' id='word_1_68' title='bbox 72 1568 354 1663; x_wconf 68' lang='lat' dir='ltr'>recognovimus.</span> <span class='ocrx_word' id='word_1_69' title='bbox 417 1563 476 1635; x_wconf 89' lang='lat' dir='ltr'>Ita</span> <span class='ocrx_word' id='word_1_70' title='bbox 514 1563 649 1635; x_wconf 88' lang='lat' dir='ltr'>vicibus</span> <span class='ocrx_word' id='word_1_71' title='bbox 682 1569 902 1655; x_wconf 86' lang='lat' dir='ltr'>potestatum</span> <span class='ocrx_word' id='word_1_72' title='bbox 938 1558 1164 1641; x_wconf 68' lang='lat' dir='ltr'>variantibus,</span> 
     </span>
     <span class='ocr_line' id='line_1_12' title="bbox 114 1678 1165 1775; baseline -0.01 -17"><span class='ocrx_word' id='word_1_73' title='bbox 114 1684 286 1757; x_wconf 85' lang='lat' dir='ltr'>Romanis</span> <span class='ocrx_word' id='word_1_74' title='bbox 315 1704 458 1775; x_wconf 86' lang='lat' dir='ltr'>quoque</span> <span class='ocrx_word' id='word_1_75' title='bbox 485 1689 527 1752; x_wconf 90' lang='lat' dir='ltr'>ut</span> <span class='ocrx_word' id='word_1_76' title='bbox 557 1689 595 1751; x_wconf 94' lang='lat' dir='ltr'>et</span> <span class='ocrx_word' id='word_1_77' title='bbox 625 1680 761 1751; x_wconf 75' lang='lat' dir='ltr'>ceteris</span> <span class='ocrx_word' id='word_1_78' title='bbox 793 1678 989 1771; x_wconf 86' lang='lat' dir='ltr'>imperandi</span> <span class='ocrx_word' id='word_1_79' title='bbox 1023 1687 1165 1770; x_wconf 85' lang='lat' dir='ltr'>tempus</span> 
     </span>
     <span class='ocr_line' id='line_1_13' title="bbox 113 1794 1165 1890; baseline -0.008 -19"><span class='ocrx_word' id='word_1_80' title='bbox 113 1802 271 1873; x_wconf 80' lang='lat' dir='ltr'>obvenit.</span> <span class='ocrx_word' id='word_1_81' title='bbox 314 1798 495 1871; x_wconf 83' lang='lat' dir='ltr'>caetorum</span> <span class='ocrx_word' id='word_1_82' title='bbox 519 1800 548 1869; x_wconf 87' lang='lat' dir='ltr'>si</span> <span class='ocrx_word' id='word_1_83' title='bbox 565 1797 609 1869; x_wconf 85' lang='lat' dir='ltr'>ad</span> <span class='ocrx_word' id='word_1_84' title='bbox 627 1797 800 1890; x_wconf 79' lang='lat' dir='ltr'>originem</span> <span class='ocrx_word' id='word_1_85' title='bbox 820 1794 952 1878; x_wconf 85' lang='lat' dir='ltr'>redeas,</span> <span class='ocrx_word' id='word_1_86' title='bbox 969 1794 1165 1865; x_wconf 85' lang='lat' dir='ltr'>erubescas.</span> 
     </span>
     <span class='ocr_line' id='line_1_14' title="bbox 113 1912 1166 2011; baseline -0.009 -23"><span class='ocrx_word' id='word_1_87' title='bbox 113 1915 275 2011; x_wconf 90' lang='lat' dir='ltr'>Populus</span> <span class='ocrx_word' id='word_1_88' title='bbox 299 1914 343 1985; x_wconf 92' lang='lat' dir='ltr'>de</span> <span class='ocrx_word' id='word_1_89' title='bbox 368 1912 548 1985; x_wconf 79' lang='lat' dir='ltr'>sceleratis</span> <span class='ocrx_word' id='word_1_90' title='bbox 570 1922 608 1985; x_wconf 90' lang='lat' dir='ltr'>et</span> <span class='ocrx_word' id='word_1_91' title='bbox 631 1912 842 1985; x_wconf 89' lang='lat' dir='ltr'>nocentibus</span> <span class='ocrx_word' id='word_1_92' title='bbox 866 1919 1111 2006; x_wconf 85' lang='lat' dir='ltr'>congregatur,</span> <span class='ocrx_word' id='word_1_93' title='bbox 1128 1917 1166 1979; x_wconf 91' lang='lat' dir='ltr'>et</span> 
     </span>
     <span class='ocr_line' id='line_1_15' title="bbox 113 2027 1166 2126; baseline -0.007 -23"><span class='ocrx_word' id='word_1_94' title='bbox 113 2032 210 2126; x_wconf 82' lang='lat' dir='ltr'>asylo</span> <span class='ocrx_word' id='word_1_95' title='bbox 228 2030 426 2102; x_wconf 85' lang='lat' dir='ltr'>constituto</span> <span class='ocrx_word' id='word_1_96' title='bbox 443 2030 528 2101; x_wconf 88' lang='lat' dir='ltr'>facit</span> <span class='ocrx_word' id='word_1_97' title='bbox 548 2052 737 2102; x_wconf 90' lang='lat' dir='ltr'>numerum</span> <span class='ocrx_word' id='word_1_98' title='bbox 758 2030 952 2122; x_wconf 86' lang='lat' dir='ltr'>impunitas</span> <span class='ocrx_word' id='word_1_99' title='bbox 967 2027 1166 2099; x_wconf 86' lang='lat' dir='ltr'>criminum.</span> 
     </span>
     <span class='ocr_line' id='line_1_16' title="bbox 75 2146 1167 2241; baseline -0.004 -21"><span class='ocrx_word' id='word_1_100' title='bbox 75 2148 227 2240; x_wconf 77' lang='lat' dir='ltr'>15Nunc</span> <span class='ocrx_word' id='word_1_101' title='bbox 254 2156 296 2217; x_wconf 92' lang='lat' dir='ltr'>ut</span> <span class='ocrx_word' id='word_1_102' title='bbox 321 2169 385 2217; x_wconf 87' lang='lat' dir='ltr'>rex</span> <span class='ocrx_word' id='word_1_103' title='bbox 414 2148 490 2240; x_wconf 88' lang='lat' dir='ltr'>ipse</span> <span class='ocrx_word' id='word_1_104' title='bbox 518 2148 756 2241; x_wconf 80' lang='lat' dir='ltr'>principatum</span> <span class='ocrx_word' id='word_1_105' title='bbox 785 2146 915 2217; x_wconf 87' lang='lat' dir='ltr'>habeat</span> <span class='ocrx_word' id='word_1_106' title='bbox 939 2146 986 2218; x_wconf 90' lang='lat' dir='ltr'>ad</span> <span class='ocrx_word' id='word_1_107' title='bbox 1010 2146 1167 2227; x_wconf 84' lang='lat' dir='ltr'>crimina,</span> 
     </span>
     <span class='ocr_line' id='line_1_17' title="bbox 114 2262 1169 2357; baseline -0.005 -20"><span class='ocrx_word' id='word_1_108' title='bbox 114 2266 155 2337; x_wconf 87' lang='lat' dir='ltr'>iit</span> <span class='ocrx_word' id='word_1_109' title='bbox 183 2262 363 2335; x_wconf 75' lang='lat' dir='ltr'>Romtdus</span> <span class='ocrx_word' id='word_1_110' title='bbox 390 2264 581 2357; x_wconf 85' lang='lat' dir='ltr'>parricida:</span> <span class='ocrx_word' id='word_1_111' title='bbox 618 2272 727 2357; x_wconf 87' lang='lat' dir='ltr'>atque</span> <span class='ocrx_word' id='word_1_112' title='bbox 752 2271 795 2334; x_wconf 92' lang='lat' dir='ltr'>ut</span> <span class='ocrx_word' id='word_1_113' title='bbox 821 2264 1088 2335; x_wconf 87' lang='lat' dir='ltr'>matrimonium</span> <span class='ocrx_word' id='word_1_114' title='bbox 1116 2262 1169 2333; x_wconf 82' lang='lat' dir='ltr'>fa·</span> 
     </span>
     <span class='ocr_line' id='line_1_18' title="bbox 116 2380 1168 2475; baseline -0.003 -22"><span class='ocrx_word' id='word_1_115' title='bbox 116 2384 223 2463; x_wconf 71' lang='lat' dir='ltr'>ciant,</span> <span class='ocrx_word' id='word_1_116' title='bbox 259 2402 335 2451; x_wconf 91' lang='lat' dir='ltr'>rem</span> <span class='ocrx_word' id='word_1_117' title='bbox 369 2380 567 2453; x_wconf 76' lang='lat' dir='ltr'>concordiae</span> <span class='ocrx_word' id='word_1_118' title='bbox 607 2404 670 2475; x_wconf 91' lang='lat' dir='ltr'>per</span> <span class='ocrx_word' id='word_1_119' title='bbox 703 2380 894 2453; x_wconf 87' lang='lat' dir='ltr'>discordias</span> <span class='ocrx_word' id='word_1_120' title='bbox 932 2381 1168 2474; x_wconf 83' lang='lat' dir='ltr'>auspicantur.</span> 
     </span>
     <span class='ocr_line' id='line_1_19' title="bbox 119 2496 1172 2592; baseline -0.002 -23"><span class='ocrx_word' id='word_1_121' title='bbox 119 2496 290 2592; x_wconf 83' lang='lat' dir='ltr'>Rapiunt,</span> <span class='ocrx_word' id='word_1_122' title='bbox 318 2496 503 2581; x_wconf 81' lang='lat' dir='ltr'>ferociunt,</span> <span class='ocrx_word' id='word_1_123' title='bbox 528 2497 657 2569; x_wconf 87' lang='lat' dir='ltr'>fallunt</span> <span class='ocrx_word' id='word_1_124' title='bbox 683 2498 730 2569; x_wconf 87' lang='lat' dir='ltr'>ad</span> <span class='ocrx_word' id='word_1_125' title='bbox 759 2499 897 2591; x_wconf 89' lang='lat' dir='ltr'>copiam</span> <span class='ocrx_word' id='word_1_126' title='bbox 927 2497 1081 2569; x_wconf 87' lang='lat' dir='ltr'>civitatis</span> <span class='ocrx_word' id='word_1_127' title='bbox 1109 2519 1172 2567; x_wconf 92' lang='lat' dir='ltr'>au·</span> 
     </span>
     <span class='ocr_line' id='line_1_20' title="bbox 117 2613 1172 2710; baseline 0 -25"><span class='ocrx_word' id='word_1_128' title='bbox 117 2616 288 2709; x_wconf 84' lang='lat' dir='ltr'>gendum.</span> <span class='ocrx_word' id='word_1_129' title='bbox 333 2613 481 2707; x_wconf 72' lang='lat' dir='ltr'>Nuptiae</span> <span class='ocrx_word' id='word_1_130' title='bbox 497 2625 581 2687; x_wconf 89' lang='lat' dir='ltr'>sunt</span> <span class='ocrx_word' id='word_1_131' title='bbox 603 2615 674 2687; x_wconf 86' lang='lat' dir='ltr'>illis</span> <span class='ocrx_word' id='word_1_132' title='bbox 696 2624 803 2710; x_wconf 79' lang='lat' dir='ltr'>rupta</span> <span class='ocrx_word' id='word_1_133' title='bbox 823 2615 968 2709; x_wconf 85' lang='lat' dir='ltr'>hospitii</span> <span class='ocrx_word' id='word_1_134' title='bbox 985 2614 1118 2685; x_wconf 76' lang='lat' dir='ltr'>foedera</span> <span class='ocrx_word' id='word_1_135' title='bbox 1133 2622 1172 2685; x_wconf 89' lang='lat' dir='ltr'>et</span> 
     </span>
     <span class='ocr_line' id='line_1_21' title="bbox 79 2729 1173 2825; baseline 0 -24"><span class='ocrx_word' id='word_1_136' title='bbox 79 2752 202 2801; x_wconf 64' lang='lat' dir='ltr'>iocum</span> <span class='ocrx_word' id='word_1_137' title='bbox 226 2732 359 2801; x_wconf 87' lang='lat' dir='ltr'>soceris</span> <span class='ocrx_word' id='word_1_138' title='bbox 381 2729 477 2801; x_wconf 84' lang='lat' dir='ltr'>bella</span> <span class='ocrx_word' id='word_1_139' title='bbox 498 2731 665 2803; x_wconf 81' lang='lat' dir='ltr'>crudelia.</span> <span class='ocrx_word' id='word_1_140' title='bbox 717 2730 785 2802; x_wconf 84' lang='lat' dir='ltr'>Est</span> <span class='ocrx_word' id='word_1_141' title='bbox 800 2740 838 2802; x_wconf 92' lang='lat' dir='ltr'>et</span> <span class='ocrx_word' id='word_1_142' title='bbox 860 2731 991 2825; x_wconf 84' lang='lat' dir='ltr'>gradus</span> <span class='ocrx_word' id='word_1_143' title='bbox 1012 2750 1173 2801; x_wconf 88' lang='lat' dir='ltr'>summus</span> 
     </span>
     <span class='ocr_line' id='line_1_22' title="bbox 120 2845 1173 2919; baseline 0 -2"><span class='ocrx_word' id='word_1_144' title='bbox 120 2848 156 2917; x_wconf 93' lang='lat' dir='ltr'>in</span> <span class='ocrx_word' id='word_1_145' title='bbox 187 2847 362 2919; x_wconf 85' lang='lat' dir='ltr'>Romanis</span> <span class='ocrx_word' id='word_1_146' title='bbox 391 2846 582 2919; x_wconf 88' lang='lat' dir='ltr'>bonoribus</span> <span class='ocrx_word' id='word_1_147' title='bbox 611 2846 834 2919; x_wconf 75' lang='lat' dir='ltr'>consolaus:</span> <span class='ocrx_word' id='word_1_148' title='bbox 872 2848 923 2918; x_wconf 89' lang='lat' dir='ltr'>sic</span> <span class='ocrx_word' id='word_1_149' title='bbox 950 2845 1173 2918; x_wconf 81' lang='lat' dir='ltr'>consulatum</span> 
     </span>
     <span class='ocr_line' id='line_1_23' title="bbox 121 2963 1174 3059; baseline -0.001 -24"><span class='ocrx_word' id='word_1_150' title='bbox 121 2965 272 3059; x_wconf 74' lang='lat' dir='ltr'>coepisse</span> <span class='ocrx_word' id='word_1_151' title='bbox 288 2964 449 3036; x_wconf 83' lang='lat' dir='ltr'>videmus</span> <span class='ocrx_word' id='word_1_152' title='bbox 465 2973 508 3035; x_wconf 92' lang='lat' dir='ltr'>ut</span> <span class='ocrx_word' id='word_1_153' title='bbox 523 2986 683 3059; x_wconf 90' lang='lat' dir='ltr'>regnum.</span> <span class='ocrx_word' id='word_1_154' title='bbox 726 2963 836 3036; x_wconf 87' lang='lat' dir='ltr'>Filios</span> <span class='ocrx_word' id='word_1_155' title='bbox 852 2964 1021 3035; x_wconf 84' lang='lat' dir='ltr'>interficit</span> <span class='ocrx_word' id='word_1_156' title='bbox 1040 2964 1174 3035; x_wconf 87' lang='lat' dir='ltr'>Brutus</span> 
     </span>
     <span class='ocr_line' id='line_1_24' title="bbox 121 3079 1175 3176; baseline 0.002 -26"><span class='ocrx_word' id='word_1_157' title='bbox 121 3089 163 3151; x_wconf 93' lang='lat' dir='ltr'>ut</span> <span class='ocrx_word' id='word_1_158' title='bbox 187 3089 327 3153; x_wconf 66' lang='lat' dir='ltr'>cresum</span> <span class='ocrx_word' id='word_1_159' title='bbox 351 3080 397 3153; x_wconf 91' lang='lat' dir='ltr'>de</span> <span class='ocrx_word' id='word_1_160' title='bbox 422 3079 588 3175; x_wconf 83' lang='lat' dir='ltr'>suffragio</span> <span class='ocrx_word' id='word_1_161' title='bbox 612 3082 754 3153; x_wconf 87' lang='lat' dir='ltr'>sceleris</span> <span class='ocrx_word' id='word_1_162' title='bbox 776 3082 1039 3153; x_wconf 85' lang='lat' dir='ltr'>commendatio</span> <span class='ocrx_word' id='word_1_163' title='bbox 1060 3082 1175 3176; x_wconf 90' lang='lat' dir='ltr'>digni·</span> 
     </span>
     <span class='ocr_line' id='line_1_25' title="bbox 121 3196 1175 3293; baseline 0 -24"><span class='ocrx_word' id='word_1_164' title='bbox 121 3198 218 3269; x_wconf 87' lang='lat' dir='ltr'>tatis.</span> <span class='ocrx_word' id='word_1_165' title='bbox 273 3196 359 3269; x_wconf 94' lang='lat' dir='ltr'>Non</span> <span class='ocrx_word' id='word_1_166' title='bbox 393 3220 477 3291; x_wconf 87' lang='lat' dir='ltr'>ergo</span> <span class='ocrx_word' id='word_1_167' title='bbox 510 3197 556 3269; x_wconf 92' lang='lat' dir='ltr'>de</span> <span class='ocrx_word' id='word_1_168' title='bbox 589 3196 819 3293; x_wconf 82' lang='lat' dir='ltr'>religionibus</span> <span class='ocrx_word' id='word_1_169' title='bbox 853 3198 994 3281; x_wconf 78' lang='lat' dir='ltr'>sanctia</span> <span class='ocrx_word' id='word_1_170' title='bbox 1028 3220 1096 3269; x_wconf 91' lang='lat' dir='ltr'>nec</span> <span class='ocrx_word' id='word_1_171' title='bbox 1128 3198 1175 3269; x_wconf 83' lang='lat' dir='ltr'>dc</span> 
     </span>
     <span class='ocr_line' id='line_1_26' title="bbox 83 3314 1175 3410; baseline 0.001 -25"><span class='ocrx_word' id='word_1_172' title='bbox 83 3346 114 3405; x_wconf 83' lang='lat'>²5</span> <span class='ocrx_word' id='word_1_173' title='bbox 123 3314 290 3407; x_wconf 85' lang='lat' dir='ltr'>auspiciis</span> <span class='ocrx_word' id='word_1_174' title='bbox 306 3323 369 3385; x_wconf 87' lang='lat' dir='ltr'>aut</span> <span class='ocrx_word' id='word_1_175' title='bbox 389 3316 545 3409; x_wconf 87' lang='lat' dir='ltr'>auguriis</span> <span class='ocrx_word' id='word_1_176' title='bbox 567 3314 731 3387; x_wconf 89' lang='lat' dir='ltr'>Romana</span> <span class='ocrx_word' id='word_1_177' title='bbox 750 3337 860 3410; x_wconf 83' lang='lat' dir='ltr'>regna</span> <span class='ocrx_word' id='word_1_178' title='bbox 880 3323 1088 3399; x_wconf 81' lang='lat' dir='ltr'>crevenrnt3</span> <span class='ocrx_word' id='word_1_179' title='bbox 1113 3314 1175 3386; x_wconf 84' lang='lat' dir='ltr'>sed</span> 
     </span>
     <span class='ocr_line' id='line_1_27' title="bbox 125 3430 1176 3525; baseline 0.002 -24"><span class='ocrx_word' id='word_1_180' title='bbox 125 3438 315 3523; x_wconf 83' lang='lat' dir='ltr'>acceptum</span> <span class='ocrx_word' id='word_1_181' title='bbox 343 3439 486 3525; x_wconf 86' lang='lat' dir='ltr'>tempus</span> <span class='ocrx_word' id='word_1_182' title='bbox 510 3440 608 3503; x_wconf 84' lang='lat' dir='ltr'>certo</span> <span class='ocrx_word' id='word_1_183' title='bbox 634 3430 706 3503; x_wconf 89' lang='lat' dir='ltr'>fine</span> <span class='ocrx_word' id='word_1_184' title='bbox 735 3432 951 3503; x_wconf 87' lang='lat' dir='ltr'>custodiunt.</span> <span class='ocrx_word' id='word_1_185' title='bbox 993 3431 1176 3503; x_wconf 80' lang='lat' dir='ltr'>Caeterum</span> 
     </span>
    </p>
   </div>
   <div class='ocr_carea' id='block_1_3' title="bbox 125 3544 1179 3875">
    <p class='ocr_par' dir='ltr' id='par_1_6' title="bbox 125 3544 1179 3875">
     <span class='ocr_line' id='line_1_28' title="bbox 125 3544 1177 3643; baseline 0.004 -28"><span class='ocrx_word' id='word_1_186' title='bbox 125 3554 163 3615; x_wconf 90' lang='lat' dir='ltr'>et</span> <span class='ocrx_word' id='word_1_187' title='bbox 179 3544 343 3641; x_wconf 82' lang='lat' dir='ltr'>Regulus</span> <span class='ocrx_word' id='word_1_188' title='bbox 358 3549 514 3642; x_wconf 85' lang='lat' dir='ltr'>auspicia</span> <span class='ocrx_word' id='word_1_189' title='bbox 529 3549 691 3632; x_wconf 71' lang='lat' dir='ltr'>semus,</span> <span class='ocrx_word' id='word_1_190' title='bbox 708 3556 748 3621; x_wconf 90' lang='lat' dir='ltr'>et</span> <span class='ocrx_word' id='word_1_191' title='bbox 763 3556 888 3643; x_wconf 89' lang='lat' dir='ltr'>captus</span> <span class='ocrx_word' id='word_1_192' title='bbox 905 3558 983 3632; x_wconf 80' lang='lat' dir='ltr'>est3</span> <span class='ocrx_word' id='word_1_193' title='bbox 1008 3557 1046 3621; x_wconf 89' lang='lat' dir='ltr'>et</span> <span class='ocrx_word' id='word_1_194' title='bbox 1070 3548 1177 3620; x_wconf 89' lang='lat' dir='ltr'>Man·</span> 
     </span>
     <span class='ocr_line' id='line_1_29' title="bbox 126 3662 1176 3759; baseline 0 -26"><span class='ocrx_word' id='word_1_195' title='bbox 126 3664 227 3734; x_wconf 87' lang='lat' dir='ltr'>cinus</span> <span class='ocrx_word' id='word_1_196' title='bbox 258 3662 465 3759; x_wconf 86' lang='lat' dir='ltr'>religionem</span> <span class='ocrx_word' id='word_1_197' title='bbox 489 3666 616 3748; x_wconf 79' lang='lat' dir='ltr'>tenrrit,</span> <span class='ocrx_word' id='word_1_198' title='bbox 647 3674 685 3737; x_wconf 87' lang='lat' dir='ltr'>et</span> <span class='ocrx_word' id='word_1_199' title='bbox 710 3664 778 3735; x_wconf 81' lang='lat' dir='ltr'>sub</span> <span class='ocrx_word' id='word_1_200' title='bbox 800 3666 931 3759; x_wconf 88' lang='lat' dir='ltr'>jugum</span> <span class='ocrx_word' id='word_1_201' title='bbox 956 3665 1084 3736; x_wconf 85' lang='lat' dir='ltr'>missus</span> <span class='ocrx_word' id='word_1_202' title='bbox 1110 3674 1176 3737; x_wconf 81' lang='lat' dir='ltr'>eat.</span> 
     </span>
     <span class='ocr_line' id='line_1_30' title="bbox 127 3776 1179 3875; baseline 0.005 -26"><span class='ocrx_word' id='word_1_203' title='bbox 127 3776 252 3850; x_wconf 84' lang='lat' dir='ltr'>Pullos</span> <span class='ocrx_word' id='word_1_204' title='bbox 268 3779 395 3852; x_wconf 87' lang='lat' dir='ltr'>edaces</span> <span class='ocrx_word' id='word_1_205' title='bbox 416 3780 549 3853; x_wconf 87' lang='lat' dir='ltr'>Paulus</span> <span class='ocrx_word' id='word_1_206' title='bbox 570 3780 704 3865; x_wconf 88' lang='lat' dir='ltr'>babuit,</span> <span class='ocrx_word' id='word_1_207' title='bbox 722 3790 761 3853; x_wconf 88' lang='lat' dir='ltr'>et</span> <span class='ocrx_word' id='word_1_208' title='bbox 780 3783 875 3875; x_wconf 88' lang='lat' dir='ltr'>apud</span> <span class='ocrx_word' id='word_1_209' title='bbox 897 3781 1037 3855; x_wconf 79' lang='lat' dir='ltr'>Cannas</span> <span class='ocrx_word' id='word_1_210' title='bbox 1056 3791 1179 3855; x_wconf 63' lang='lat' dir='ltr'>umen</span> 
     </span>
    </p>
   </div>
   <div class='ocr_carea' id='block_1_4' title="bbox 15 3896 1181 4342">
    <p class='ocr_par' dir='ltr' id='par_1_7' title="bbox 85 3896 1179 3983">
     <span class='ocr_line' id='line_1_31' title="bbox 85 3896 1179 3983; baseline 0.004 -15"><span class='ocrx_word' id='word_1_211' title='bbox 85 3916 239 3983; x_wconf 63' lang='lat' dir='ltr'>socnam</span> <span class='ocrx_word' id='word_1_212' title='bbox 265 3906 330 3967; x_wconf 88' lang='lat' dir='ltr'>est.</span> <span class='ocrx_word' id='word_1_213' title='bbox 378 3896 550 3971; x_wconf 59' lang='lat' dir='ltr'>&amp;Cesar</span> <span class='ocrx_word' id='word_1_214' title='bbox 578 3922 624 3971; x_wconf 91' lang='lat' dir='ltr'>ne</span> <span class='ocrx_word' id='word_1_215' title='bbox 653 3905 739 3971; x_wconf 84' lang='lat' dir='ltr'>ante</span> <span class='ocrx_word' id='word_1_216' title='bbox 764 3898 928 3971; x_wconf 87' lang='lat' dir='ltr'>brumam</span> <span class='ocrx_word' id='word_1_217' title='bbox 954 3900 993 3971; x_wconf 94' lang='lat' dir='ltr'>in</span> <span class='ocrx_word' id='word_1_218' title='bbox 1016 3897 1179 3971; x_wconf 82' lang='lat' dir='ltr'>Africam</span> 
     </span>
    </p>

    <p class='ocr_par' dir='ltr' id='par_1_8' title="bbox 15 4008 1181 4342">
     <span class='ocr_line' id='line_1_32' title="bbox 15 4008 1179 4109; baseline 0.004 -26"><span class='ocrx_word' id='word_1_219' title='bbox 15 4008 17 4052; x_wconf 64' lang='lat' dir='ltr'>l</span> <span class='ocrx_word' id='word_1_220' title='bbox 128 4014 270 4107; x_wconf 82' lang='lat' dir='ltr'>navigia</span> <span class='ocrx_word' id='word_1_221' title='bbox 296 4017 554 4087; x_wconf 83' lang='lat' dir='ltr'>transmitteret</span> <span class='ocrx_word' id='word_1_222' title='bbox 582 4014 738 4109; x_wconf 88' lang='lat' dir='ltr'>auguriis</span> <span class='ocrx_word' id='word_1_223' title='bbox 764 4026 803 4085; x_wconf 90' lang='lat' dir='ltr'>et</span> <span class='ocrx_word' id='word_1_224' title='bbox 831 4016 996 4109; x_wconf 63' lang='lat' dir='ltr'>auspiciis</span> <span class='ocrx_word' id='word_1_225' title='bbox 1024 4017 1179 4088; x_wconf 86' lang='lat' dir='ltr'>reniten-</span> 
     </span>
     <span class='ocr_line' id='line_1_33' title="bbox 16 4114 1178 4227; baseline 0.006 -29"><span class='ocrx_word' id='word_1_226' title='bbox 16 4114 17 4125; x_wconf 60' lang='grc'>’</span> <span class='ocrx_word' id='word_1_227' title='bbox 129 4128 236 4213; x_wconf 88' lang='lat' dir='ltr'>tibus,</span> <span class='ocrx_word' id='word_1_228' title='bbox 264 4131 406 4224; x_wconf 78' lang='lat' dir='ltr'>sprevit,</span> <span class='ocrx_word' id='word_1_229' title='bbox 436 4139 474 4202; x_wconf 90' lang='lat' dir='ltr'>et</span> <span class='ocrx_word' id='word_1_230' title='bbox 503 4154 547 4203; x_wconf 94' lang='lat' dir='ltr'>eo</span> <span class='ocrx_word' id='word_1_231' title='bbox 576 4130 712 4203; x_wconf 80' lang='lat' dir='ltr'>facilius</span> <span class='ocrx_word' id='word_1_232' title='bbox 739 4140 778 4204; x_wconf 88' lang='lat' dir='ltr'>et</span> <span class='ocrx_word' id='word_1_233' title='bbox 807 4132 986 4227; x_wconf 83' lang='lat' dir='ltr'>navigavit</span> <span class='ocrx_word' id='word_1_234' title='bbox 1014 4141 1054 4205; x_wconf 92' lang='lat' dir='ltr'>et</span> <span class='ocrx_word' id='word_1_235' title='bbox 1083 4135 1178 4205; x_wconf 86' lang='lat' dir='ltr'>vicit.</span> 
     </span>
     <span class='ocr_line' id='line_1_34' title="bbox 133 4242 1181 4342; baseline 0.005 -26"><span class='ocrx_word' id='word_1_236' title='bbox 133 4242 272 4319; x_wconf 84' lang='lat' dir='ltr'>Horum</span> <span class='ocrx_word' id='word_1_237' title='bbox 300 4256 421 4321; x_wconf 87' lang='lat' dir='ltr'>autem</span> <span class='ocrx_word' id='word_1_238' title='bbox 449 4249 607 4320; x_wconf 89' lang='lat' dir='ltr'>omnium</span> <span class='ocrx_word' id='word_1_239' title='bbox 638 4250 728 4321; x_wconf 90' lang='lat' dir='ltr'>ratio</span> <span class='ocrx_word' id='word_1_240' title='bbox 755 4258 810 4321; x_wconf 89' lang='lat' dir='ltr'>est</span> <span class='ocrx_word' id='word_1_241' title='bbox 831 4249 895 4323; x_wconf 91' lang='lat' dir='ltr'>illa</span> <span class='ocrx_word' id='word_1_242' title='bbox 917 4273 1000 4342; x_wconf 79' lang='lat' dir='ltr'>quae</span> <span class='ocrx_word' id='word_1_243' title='bbox 1025 4250 1118 4323; x_wconf 86' lang='lat' dir='ltr'>fallit</span> <span class='ocrx_word' id='word_1_244' title='bbox 1141 4262 1181 4321; x_wconf 91' lang='lat' dir='ltr'>et</span> 
     </span>
    </p>
   </div>
   <div class='ocr_carea' id='block_1_5' title="bbox 0 0 1468 4817">
    <p class='ocr_par' dir='ltr' id='par_1_9' title="bbox 0 0 1468 4817">
     <span class='ocr_line' id='line_1_35' title="bbox 0 0 1468 4817; baseline 0 0"><span class='ocrx_word' id='word_1_245' title='bbox 0 0 1468 4817; x_wconf 95' lang='lat' dir='ltr'> </span> 
     </span>
    </p>
   </div>
  </div>
 </body>
</html>
