2867 4817
402 326 438 389 S.
455 324 781 390 HIPPOLYTUS.
1078 328 1121 394 47

107 495 121 542 ‘¹
135 497 287 559 Eusebius
300 496 361 557 vl.
379 513 428 557 22.
442 510 512 579 post
526 498 686 580 Hippolyti
701 502 740 559 sis
751 501 801 572 nir
817 499 971 574 iesimon,
983 518 1044 559 non
1057 500 1122 578 ejus

72 596 305 657 commentarium
318 596 352 655 in
366 595 518 668 Haedum,
532 596 585 657 aed
598 600 635 656 εἱς
650 600 683 655 τὰ
696 599 763 673 μετὰ
775 598 823 668 riv
840 596 981 672 εἐαὴμιρον
994 616 1120 657 comme·

70 706 170 755 mat:
192 694 299 753 Rnfin.
314 697 345 752 its
359 698 552 755 Hanemn
565 704 592 754 ct
606 716 639 755 ec
656 716 715 772 quae
733 704 797 773 port
810 697 1003 754 Hmulmeron
1014 697 1120 773 scripto

69 804 133 853 nt.
171 793 236 853 Sed
250 792 458 873 Hieronymus
470 792 656 873 peculiariter
670 793 759 854 etiam
775 792 881 853 deinde
889 793 1023 853 meminit
1036 813 1115 852 com-

68 891 194 951 nentsffi
207 890 243 949 in
262 890 407 961 Genesin,
421 900 453 949 et
471 890 609 970 quoniam
628 890 713 971 plura
727 890 929 971 Hieronymus
946 890 1055 970 scripte
1073 910 1119 951 re·

68 990 119 1049 lert
135 1007 204 1067 qu:
224 1006 258 1047 se
279 987 324 1045 sir
344 987 498 1067 repen'sae,
518 996 549 1047 et
569 986 731 1066 dequibus
750 987 899 1048 Eusebius
917 988 995 1056 silet,
1010 987 1119 1048 Hiero·

68 1086 139 1167 cymi
162 1084 255 1145 fidem
280 1085 339 1144 hnc
362 1085 393 1143 in
416 1096 500 1165 perte
520 1084 675 1145 sollicitare
694 1105 755 1145 non
778 1097 824 1145 est
843 1086 917 1146 adeo
937 1087 969 1145 in
990 1097 1117 1167 promtu„

69 1184 243 1263 Fragments
262 1202 305 1242 ex
323 1182 551 1242 Commentariis
571 1183 602 1241 in
624 1182 831 1243 Hexnemeron
847 1194 869 1244 t.
882 1182 925 1243 11.
944 1186 1024 1265 Opp.
1040 1183 1119 1263 Hip.

67 1282 151 1361 polyti
170 1303 201 1363 p
216 1300 266 1340 22.
287 1300 349 1359 aeq.
373 1291 405 1340 et
425 1300 475 1357 33.
490 1300 551 1359 seq.
575 1281 716 1356 (Erosium
735 1282 928 1342 substitutum
950 1283 1041 1342 inisse
1065 1302 1119 1363 pro

67 1382 149 1441 verim
162 1381 298 1461 repetito
312 1380 454 1456 ἱεῶιμερον
466 1390 565 1440 censet
579 1378 784 1440 avalloniae
796 1379 828 1439 in
838 1380 909 1440 edit
919 1401 973 1441 sua
986 1381 1118 1461 Operum

67 1476 94 1535 S.
106 1478 297 1557 Hieronymi.
334 1476 421 1535 Nihil
431 1476 479 1537 hic
491 1476 589 1545 habet,
600 1486 675 1536 teste
684 1475 798 1545 eodem,
809 1476 903 1537 codex
913 1477 1115 1552 Veronensis.)

101 1578 174 1634 ‘Eis
186 1580 221 1631 τὸ
234 1571 319 1648 pinpo.
342 1574 452 1634 Euscb.
467 1574 638 1654 Synoellus:
661 1577 699 1633 sis
711 1577 745 1631 ri
762 1574 877 1649 ᾅσματα.
912 1575 1116 1655 Nicephorus:

66 1674 97 1729 cis
109 1676 140 1727 τὸ
152 1668 228 1745 hyn
241 1678 299 1730 τί·
311 1673 445 1746 ᾀσμάτων.
476 1670 683 1749 Fragmentum
698 1671 826 1731 serravit
840 1668 872 1731 S.
880 1670 1057 1731 Anamnsius
1069 1670 1117 1730 Si·

67 1768 140 1826 rsits
151 1781 259 1848 quest.
271 1790 323 1844 41.

101 1862 114 1908 ¹
126 1866 256 1927 Hieron.
270 1869 353 1947 pref.
368 1869 400 1928 in
413 1868 596 1927 Zachariam.
636 1870 807 1945 Hippolytus
825 1886 933 1943 quoque
944 1868 1031 1927 edidit
1043 1886 1116 1925 corn·

68 1970 219 2024 saturies
253 1966 444 2046 Nicephorus
457 1965 516 2027 IV.
533 1985 581 2043 31.
595 1970 632 2025 sis
643 1969 782 2043 Ζαχαρία,

101 2063 248 2123 ¹Mentio
262 2063 547 2123 Commentariorum
562 2064 593 2122 in
609 2063 742 2124 Psalmos
755 2064 786 2122 in
801 2062 942 2123 laterculo
955 2084 1117 2123 marmoreo

67 2160 111 2237 qui
126 2161 243 2220 Cennni
260 2160 394 2221 Pactoli
410 2161 594 2243 Hippolyten
608 2162 767 2241 adjunctus
779 2161 897 2241 legitur.
941 2160 1117 2241 Fragmenta

68 2276 100 2315 ex
112 2258 218 2318 iisdem
233 2257 303 2318 dedi
318 2270 340 2318 t.
352 2258 378 2317 1.
394 2258 526 2339 Operum
543 2259 665 2340 Hippoi.
681 2280 710 2340 p.
725 2260 792 2338 269.
807 2279 867 2338 seq.
903 2259 1024 2335 (Itidem
1038 2259 1116 2336 apud

69 2354 265 2436 Hippolytum
280 2354 485 2415 Fabricianum
501 2368 604 2417 extant
615 2358 730 2417 notitise
747 2357 1029 2417 Commentariorum
1043 2357 1117 2436 ejus,

67 2454 111 2529 qui
123 2454 172 2512 hic
185 2454 225 2512 ab
240 2453 427 2534 Hieronymo
440 2465 649 2527 memorantur,
663 2456 695 2515 iu
709 2456 840 2523 Esaiam,
856 2453 1020 2524 Danielem,
1031 2454 1116 2533 Apo·

67 2549 200 2630 fllypnin,
216 2550 433 2621 Faciesiattm
449 2552 486 2611 de
501 2552 572 2613 Saul
586 2563 617 2614 et
632 2553 818 2633 Pythonitsu,
833 2552 905 2621 sive,
922 2555 960 2612 sis
977 2554 1025 2624 τὴν
1038 2554 1117 2629 iyyn.

68 2651 230 2721 osse.)

102 2742 119 2787 ¹
134 2746 196 2805 Hic
209 2745 285 2805 liber
299 2746 337 2805 de
350 2746 536 2807 Antichristo
549 2749 664 2827 integer
678 2760 774 2809 exstat
788 2750 820 2809 in
831 2749 927 2809 lucem
937 2747 1070 2829 prolatus
1080 2750 1117 2809 ab

69 2842 169 2922 insigni
183 2843 248 2902 viro
263 2844 443 2922 Marqunrdo
458 2845 575 2905 Gudio:
598 2866 684 2925 quem
699 2859 805 2927 preter
819 2847 960 2907 Photinm
971 2844 1035 2905 cod.
1049 2864 1116 2904 202.

69 2938 198 3019 legerunt
212 2952 317 3001 auctor
331 2940 450 3001 (luteum
467 2943 499 3001 in
513 2944 700 3013 Jeremnvii.
720 2965 766 3006 rr.
780 2944 916 3005 Andreas
930 2942 1116 3003 cesariensis

70 3036 103 3095 sd
116 3038 327 3120 Apocalypsin,
342 3038 460 3118 aliique,
475 3053 510 3101 m
523 3042 560 3102 nd
574 3042 657 3102 illum
673 3043 779 3104 librum
793 3044 904 3104 notavi.

108 3140 186 3209 ’περὶ
206 3138 376 3198 osorem
395 3142 436 3195 ml
454 3140 612 3216 ὀφθαρσίας.
641 3141 760 3200 Mentio
780 3142 813 3199 in
834 3140 977 3200 laterculo
998 3138 1114 3219 Hippo·

69 3232 122 3313 lysi
141 3254 304 3295 marmoreo
324 3246 355 3295 et
375 3236 453 3317 apud
474 3238 663 3299 Anastssium
685 3238 824 3298 Sinuitam
847 3238 898 3316 qui
918 3238 1113 3317 Fragmentum

70 3332 171 3393 exinde
184 3332 271 3393 affert
284 3333 317 3391 in
333 3331 458 3414 Hodegc
473 3356 503 3415 p.
516 3336 585 3411 356.

108 3427 248 3490 *Euseh
264 3428 323 3489 VI.
340 3448 387 3491 22.
401 3436 467 3507 spir
480 3434 626 3508 nopsiaco.
657 3434 845 3514 Nicephorns
859 3434 915 3495 IV.
931 3453 981 3511 ³¹·
995 3434 1114 3510 ἀντιῤῥη-

72 3530 139 3584 nsiv
149 3531 214 3601 πρὸς
225 3528 366 3603 Mopsion
377 3529 512 3611 appellat.
543 3530 641 3591 Etiam
653 3553 670 3592 n
680 3532 868 3593 'stcodoretc
877 3532 928 3594 lib.
939 3531 965 3592 1.
977 3532 1014 3593 de
1023 3532 1114 3592 herre-

72 3622 133 3682 ticis
145 3624 253 3685 fabulis
267 3624 453 3707 Hippolytus
466 3626 603 3688 laudatur
617 3628 694 3689 inter
707 3649 757 3689 eoa
767 3629 818 3708 qui
828 3628 1009 3689 Marcionem
1020 3630 1116 3704 ἄριστα

73 3724 112 3775 ni
130 3726 271 3796 copem
291 3723 493 3784 confutarunt.
525 3724 679 3805 Synoellus
693 3747 723 3806 p.
734 3745 751 3803 3
756 3726 804 3804 38.
822 3727 864 3785 nit
884 3726 1032 3806 scripsisse
1049 3730 1115 3801 spis

74 3821 202 3891 mpsim
215 3821 257 3876 sni
269 3822 317 3879 τὰς
329 3824 426 3880 λοιπὰς
438 3824 560 3895 aptore.

113 3912 281 3977 ¹Eusebins
301 3916 450 3978 diversum
471 3940 488 3977 n
509 3918 628 3979 Conone
654 3920 787 3981 Psschuli
811 3941 886 4001 opus
909 3933 1114 3982 commemorat

79 4012 224 4096 Hippolyti
237 4022 298 4091 supi
316 4023 366 4074 τοῦ
378 4019 487 4091 Πάσχα,
502 4018 581 4095 qnod
602 4018 730 4079 Rufinus
750 4020 782 4078 in
803 4038 856 4078 sus
876 4018 1018 4086 versione,
1033 4018 1114 4080 velut

78 4109 149 4169 idem
161 4133 218 4174 esse
236 4126 329 4182 ratus,
344 4114 453 4173 omisit.
497 4114 557 4175 Sed
571 4116 680 4176 rectius
701 4116 911 4197 Hieronymus,
928 4114 1114 4195 Nicephorus

78 4218 109 4267 et
122 4208 163 4269 elii
172 4212 302 4289 juniores
313 4211 440 4273 Eusebii
451 4212 537 4273 iidem
548 4212 649 4273 secuti.
679 4212 888 4293 Fragmentum
898 4234 935 4274 ex
949 4212 1025 4272 libro
1035 4211 1114 4293 Hip·

80 4305 162 4387 poltri
173 4310 208 4372 de
222 4312 370 4373 Paschnte
388 4320 534 4370 servatum
553 4309 585 4369 in
600 4310 746 4371 Chronico
761 4310 894 4371 Pssclrnli
907 4331 937 4390 p.
946 4310 975 4371 6.
990 4319 1021 4369 et
1034 4310 1115 4370 alind
