2867 4817
281 1346 355 1418 EX
383 1347 734 1421 PRAEFATIONE
761 1346 963 1420 THOMlll
991 1344 1171 1429 SMITH,
1188 1344 1234 1417 V.
1252 1344 1333 1417 CL.

544 1596 591 1654 IN
613 1594 1069 1661 s.1GNAT11EPIST01.AS.

509 1824 640 1875 OXONII
665 1824 799 1873 EDITAS
823 1823 926 1874 ANNO
952 1823 1100 1874 MDCCIX.

670 2070 940 2109 ...Φ-

280 2302 300 2438 ἶ
318 2294 641 2449 EPISTOLAM
668 2295 699 2358 S.
720 2292 888 2381 Polycarpi
910 2293 950 2357 ad
967 2291 1196 2379 Philippenses,
1210 2290 1262 2355 cui
1278 2290 1334 2356 ille

404 2398 610 2486 genuinsrum
625 2399 657 2463 S.
667 2396 785 2485 Ignatii
794 2394 1007 2483 Epistolarum
1021 2394 1161 2483 syllogen
1173 2396 1360 2481 subjunx-5

281 2507 301 2536 ‘⁶
315 2512 393 2579 erat,
417 2500 538 2588 primus
561 2501 673 2564 Graece
695 2501 812 2563 Petrus
834 2497 965 2562 Hellois
986 2500 1020 2563 S.
1036 2499 1070 2561 J.
1086 2520 1126 2562 ex
1146 2496 1334 2585 apographo

281 2610 300 2640 “
317 2603 468 2669 Turriani
493 2602 534 2667 ud
558 2602 647 2666 illum
669 2626 689 2666 a
710 2600 889 2665 doctissimo
909 2599 988 2678 viro,
1003 2600 1127 2665 Jacobo
1149 2599 1332 2680 Sirmondo,

281 2714 300 2743 “
314 2705 550 2794 diligentissimo
564 2727 600 2769 so
615 2703 791 2769 felicissimo
808 2703 1033 2790 antiquitatum
1055 2703 1332 2769 ecclesiasticarum

280 2816 300 2845 ‘⁶
315 2808 546 2896 investigatore,
574 2806 753 2872 transmisso
781 2805 880 2870 edidit
908 2805 940 2869 in
967 2805 1149 2869 Illustrium
1180 2806 1333 2871 Ecclesioe

280 2912 528 2975 “Orientalium
557 2909 758 2998 Scriptorum
789 2910 868 2973 Vitis
895 2918 925 2973 et
953 2909 1170 2975 Dooumsntis.
1215 2910 1331 2988 Domi,
1346 2944 1383 2983 10

280 3020 300 3050 “
317 3016 409 3098 1633.
426 3025 502 3077 tom.
519 3012 548 3077 1.
564 3034 593 3099 p.
607 3031 680 3095 525.
728 3012 876 3075 Genuina
896 3026 980 3076 certe
999 3012 1144 3098 Epistola
1165 3027 1223 3090 est,
1243 3028 1275 3077 et
1296 3013 1332 3077 in

278 3123 302 3155 “
319 3116 455 3180 maximo
476 3114 562 3201 apud
578 3112 773 3179 Christianos
793 3112 965 3199 primorum
986 3113 1161 3203 seculorum
1182 3116 1285 3203 pretio
1298 3132 1333 3183 et

280 3225 301 3257 ‘⁴
316 3218 435 3282 honore
449 3216 568 3295 habita,
584 3217 616 3278 in
632 3238 766 3302 quorum
783 3216 962 3282 solennibus
975 3217 1181 3283 conventibus
1199 3216 1260 3305 legi
1282 3242 1334 3283 so-

280 3327 302 3360 “
319 3318 414 3398 lebat,
429 3334 515 3383 etex
530 3340 594 3404 qua
613 3317 772 3381 Eusebius
787 3317 873 3397 dicit,
886 3319 968 3384 inter
989 3318 1060 3398 slis,
1075 3320 1221 3407 quaedam
1245 3321 1334 3385 testi-

280 3430 301 3462 “
317 3422 421 3487 monia
440 3444 479 3486 ex
503 3419 600 3509 priori
627 3421 659 3487 S.
678 3419 765 3485 Petri
788 3422 932 3509 Epistola
957 3424 1124 3512 desumpta
1145 3446 1222 3502 esse,
1242 3408 1381 3511 quod'15

281 3535 303 3566 ‘⁶
318 3524 433 3613 legenti
448 3524 575 3589 abunde
589 3522 760 3588 constabit:
785 3546 842 3588 nec
862 3524 965 3590 minus
985 3527 1196 3592 sanctissimus
1209 3540 1333 3616 martyr

280 3630 353 3694 “in
375 3628 520 3717 Epistola
543 3630 576 3694 S.
592 3627 763 3693 Clementis
784 3628 920 3692 Romani
938 3628 979 3693 ad
996 3628 1176 3695 Corinthios
1189 3645 1333 3697 versatus

280 3738 303 3772 “
317 3732 393 3797 mihi
424 3731 559 3813 videtur,
582 3732 674 3819 cujus
699 3731 795 3797 verbs
817 3753 945 3818 quoque
970 3753 1185 3818 saepenumero
1204 3731 1331 3797 retinet.

280 3842 302 3875 “
318 3833 457 3900 Unicum
480 3834 559 3900 illud
574 3834 734 3921 exemplar
748 3832 874 3898 videtur
886 3832 920 3897 in
936 3834 1115 3901 Christiano
1128 3835 1204 3900 orbe
1225 3835 1332 3900 adhuc

280 3943 303 3977 “
318 3951 489 4025 repertum,
512 3960 578 4024 quo
601 3960 676 4001 usus
702 3949 750 4002 est
773 3936 962 4017 Turrianus,
981 3961 1021 4002 ex
1042 3961 1108 4025 quo
1129 3952 1232 4003 cetera
1252 3960 1330 4024 apo·
1343 3966 1382 4009 20

279 4047 300 4080 “
316 4038 437 4128 grapho
452 4038 645 4104 derivantur.
690 4038 824 4105 Utinam
843 4062 918 4104 vero
932 4038 986 4103 ills
1001 4041 1112 4105 Graece
1134 4040 1257 4127 integre
1277 4062 1332 4103 ex·

281 4150 302 4182 “
318 4140 461 4209 stitissetl
488 4141 668 4207 Dolendum
691 4142 775 4207 enim
796 4156 855 4221 est,
879 4142 1080 4229 posteriorem
1106 4156 1238 4231 partem,
1256 4165 1331 4229 quoe
