2867 4817
225 330 275 393 IN
298 326 528 393 EPHESINI
554 326 771 393 CONClLll
797 328 1024 394 CANONES.
1105 328 1148 396 87

92 501 265 587 theologus
289 499 520 586 historiamque
551 500 776 565 Theodoretus
802 500 888 565 heud
916 508 993 566 ente
1018 514 1149 568 exeetos

93 587 209 673 viginti
230 608 340 665 nunes,
364 608 436 650 oum
457 586 543 672 opud
564 584 729 650 ooneilium
751 586 1006 651 Chalcedonense
1032 590 1148 653 Nesto-

93 674 182 737 rium
196 672 383 737 nominetim
397 672 590 745 damnasset,
606 672 745 737 eoelesiae
760 696 825 737 sues
837 673 968 757 (iprensi
979 675 1148 739 restitutus

95 766 158 823 est.
193 759 264 840 Quo
278 758 396 823 eertius
410 765 519 822 nutem
533 765 654 857 petest,
667 758 763 823 fidem
777 758 967 823 catholicum
978 761 1065 845 epud
1075 782 1148 825 eon-

95 844 205 909 eilium
231 843 260 907 E
283 844 427 909 hesinnm
453 843 627 921 definitam,
657 866 678 909 e
707 844 895 928 presulibus
924 867 1049 931 quoque
1078 846 1148 911 istis

97 932 244 1016 agnitam
292 931 362 1009 isse,
378 932 422 994 ed
440 937 566 1017 tempus
585 929 660 995 lieet
679 930 782 996 eidem
796 932 927 996 eoncilio
943 932 975 996 in
993 932 1050 997 lite
1067 932 1147 997 Nes-

97 1018 256 1082 torienno
321 1017 400 1094 sitis,
412 1016 437 1079 J
438 1016 550 1080 oannis
561 1015 755 1081 Antiocheni
763 1024 797 1081 et
806 1017 1016 1081 Orientalium
1029 1018 1148 1083 eonies

98 1104 220 1168 sionem
243 1039 320 1167 idid
339 1102 372 1166 in
393 1101 580 1187 Appendiee
604 1102 745 1180 afferam,
773 1124 843 1189 quae
867 1104 909 1168 eb
938 1104 1007 1190 ipso
1031 1104 1148 1190 Oyrillo

98 1189 319 1253 Alexandrino
333 1188 512 1273 approbate
527 1195 577 1253 est
591 1195 625 1252 et
639 1188 807 1273 descripte.
854 1188 983 1254 Interea
993 1212 1055 1290 pre
1068 1192 1146 1256 Θεό-

99 1280 193 1357 δωρος
213 1274 321 1339 Lutini
343 1274 517 1352 Doridem,
532 1280 566 1338 et
588 1274 631 1338 ed
649 1296 758 1339 voeem
778 1276 973 1358 Κολχήδονος
991 1298 1025 1339 ιιι
1047 1298 1147 1377 marg.

99 1359 312 1426 consiliorum
325 1360 432 1460 posite.
446 1367 496 1424 est
509 1358 604 1424 leetio
618 1360 745 1425 veriens
755 1360 917 1444 Χάλχιδος,
933 1369 967 1426 et
982 1361 1014 1425 in
1025 1362 1149 1427 Latinis

101 1446 283 1521 Chalciden·
307 1452 390 1511 sieut
409 1446 440 1509 iu
462 1444 583 1511 Graeeis
603 1468 728 1532 quoque
750 1446 783 1511 in
798 1446 937 1511 Aetione
953 1446 996 1511 V.
1013 1449 1067 1513 ubi
1088 1448 1149 1513 hoe

99 1554 217 1597 nomen
238 1535 390 1615 Δορόθεος
420 1540 454 1597 et
482 1532 560 1596 illud
587 1534 737 1600 Χαλκίδος
762 1540 929 1618 apparent.
955 1556 986 1683 p.
1003 1536 1076 1619 654.
1097 1535 1147 1599 ed.

101 1618 221 1684 Lebbe.
252 1618 333 1683 Mox
347 1626 422 1704 post
437 1618 585 1701 Διογένης
599 1639 714 1683 nomen
732 1618 846 1685 Πολιὸς
860 1640 899 1682 ex
916 1619 953 1683 M
979 1625 1015 1684 to
1030 1620 1071 1684 Se
1115 1644 1147 1684 e-

100 1706 193 1769 rieno
206 1706 228 1770 e
243 1704 383 1769 Lebbaeo
398 1712 432 1769 et
450 1705 492 1769 eb
513 1703 683 1769 Herduino
698 1704 873 1769 edduetum
888 1704 1009 1770 (limeis
1028 1706 1070 1771 ed
1095 1706 1147 1786 ‘di,

100 1790 156 1856 ubi
171 1791 204 1854 iu
219 1790 337 1856 Latine
351 1796 443 1855 extet
458 1789 732 1876 interpretatione,
748 1800 776 1854 ei
791 1790 963 1856 Palladios.

145 1878 185 1941 P.
196 1899 227 1955 4.
242 1876 263 1940 l.
278 1879 328 1941 16.
344 1878 383 1943 ὣς
399 1875 435 1955 ἐξ
455 1876 609 1943 αὖθεντίας
629 1876 787 1959 ἱερατικῆς]
807 1874 973 1961 Tanquam
988 1884 1149 1989 potestate

100 1962 292 2029 sacerdotali
306 1961 444 2047 praediti.
483 1961 572 2026 Infra
586 1960 703 2026 dieitur
718 1960 854 2044 ἐνέργεια
870 1964 1006 2043 ἱερατικο.

148 2048 229 2113 ibid.
244 2048 264 2111 l.
281 2068 331 2135 19.
345 2049 404 2130 πρὸ
417 2048 537 2112 πάντων
550 2050 607 2127 μὲν
621 2050 658 2111 τὰ
677 2048 845 2129 Νεστορίου
860 2048 908 2111 καὶ
928 2052 966 2113 τὰ
984 2052 1149 2114 Κελεστίου

101 2134 292 2217 φρονήματα]
317 2133 482 2200 Purtieule
499 2135 556 2213 μὲν
578 2133 639 2197 hoe
658 2133 728 2197 loeo
748 2139 815 2199 stet
834 2133 901 2199 sole
915 2134 1150 2221 perspieuitetis

99 2220 209 2322 gratie
228 2220 349 2285 eddite.
395 2220 515 2285 Fertur
534 2226 643 2284 eutem
667 2219 810 2284 doeuisse
833 2218 1000 2285 Nestorius
1022 2220 1150 2287 (lhristo

100 2328 205 2372 messe
234 2307 314 2371 dues
343 2329 504 2392 personas.
549 2306 642 2387 Quod
667 2306 791 2371 interea
815 2328 874 2391 per
899 2306 1088 2373 eelumniem
1116 2308 1150 2373 iu

101 2392 229 2479 quosvis
257 2392 400 2457 homines
428 2393 558 2471 dietum,
588 2398 697 2457 censet
731 2392 951 2458 Theodoretus
982 2394 1015 2457 in
1045 2395 1149 2481 Epor.

100 2478 220 2544 lxxxiv.
236 2480 384 2564 quodque
398 2478 566 2544 Nestorius
584 2477 652 2563 ipse
671 2478 758 2564 epud
779 2478 920 2543 Marium
936 2480 1151 2545 Mereetorem

125 2580 222 2649 ·¹¹7·
249 2564 327 2630 edit.
351 2564 458 2630 Beluz.
484 2588 519 2630 se
544 2564 688 2629 docuisse
713 2563 873 2630 infinietus
902 2572 961 2630 est.
1007 2565 1091 2631 Vide
1117 2574 1151 2632 et

135 2651 288 2717 estorium
302 2650 335 2715 iu
350 2650 485 2738 epistole
499 2670 557 2715 sue
571 2651 613 2714 ed
628 2649 781 2735 (lyrillum
796 2674 827 2736 p.
844 2669 933 2735 1279,
948 2652 1063 2717 Coneil.
1073 2652 1150 2719 edit.

103 2738 264 2803 Herduin.
280 2737 445 2824 utriusque
459 2744 584 2802 neturee
599 2736 719 2801 (lhristi
734 2736 766 2800 in
782 2758 846 2801 une
860 2759 996 2823 persone
1007 2739 1153 2824 eonjune-

102 2826 226 2891 tionem
238 2832 472 2910 agnoscentem.
519 2821 733 2887 Proeuldubio
748 2830 858 2887 temen
877 2824 918 2890 de
936 2824 1153 2891 internetione

102 2910 224 2978 christi
245 2909 332 2976 haud
353 2933 429 2975 vere
450 2906 585 2974 sensisse
606 2908 836 2974 existimandus
857 2916 907 2975 est
929 2908 1105 2991 Nestorius,
1126 2911 1153 2977 si

103 2998 201 3061 modo
211 3003 345 3082 negaret
353 2995 506 3083 virginem
513 2994 652 3061 Mariam
662 2995 1015 3082 &rordroxDe’porom
1025 2997 1153 3085 proprie

103 3105 200 3149 sensu
220 3082 373 3168 eppellnri
391 3104 504 3167 posse;
529 3081 587 3159 vel,
604 3081 689 3165 quod
710 3082 796 3145 idem
819 3089 878 3159 est,
894 3105 1003 3148 verum
1026 3106 1153 3149 sensum

102 3170 200 3255 hujus
224 3168 445 3255 appellationis
467 3167 554 3253 epud
579 3166 806 3232 Auteuieaenos
832 3190 957 3254 quoque
982 3170 1154 3256 scriptores

103 3261 241 3341 repertae
259 3260 464 3339 perverteret.
509 3252 626 3319 confer
646 3252 732 3316 inter
753 3253 832 3317 elios
854 3254 972 3319 multos
985 3256 1071 3321 loeos
1092 3256 1153 3321 hue

103 3341 310 3428 pertinentes,
326 3340 444 3424 Synodi
455 3338 680 3404 Akomodrinoe
688 3338 959 3405 Arniensem
973 3342 1109 3427 primum
1120 3349 1154 3406 et

104 3428 262 3492 decimum
277 3448 374 3512 supra
410 3425 519 3504 ositos,
532 3424 673 3489 Nestorii
687 3426 961 3491 sustentationes
970 3428 1087 3513 (lyrillo
1100 3450 1154 3513 op

103 3513 227 3600 positos
236 3512 326 3577 Τοιιι.
340 3448 448 3597 Hip.
459 3530 535 3611 423.
552 3511 667 3576 Coneil.
683 3512 734 3575 ed.
748 3511 867 3589 Lebbe,
880 3519 957 3577 tom.
972 3512 999 3578 I.
1015 3537 1046 3599 p.
1060 3534 1153 3599 1299.

104 3600 155 3664 ed.
166 3598 325 3663 Herduiu.
335 3597 550 3684 emptaeque
563 3596 609 3661 ad
616 3597 768 3662 Jommem
777 3598 1004 3679 Antiochorum,
1015 3622 1046 3685 p.
1061 3623 1072 3666 ι
1101 3620 1152 3687 33,

104 3686 154 3750 ed.
173 3684 276 3750 Herd.
299 3692 333 3749 et
356 3682 549 3749 Theodoreti
565 3683 667 3770 Epor.
685 3683 731 3749 od
746 3684 839 3749 eund.
863 3686 1021 3765 Joonoem,
1037 3708 1068 3771 p.
1079 3620 1154 3772 394.

104 3772 156 3837 ed.
188 3772 307 3836 Lebbe.
361 3770 543 3852 Quinetiam
564 3769 688 3835 utiliter
716 3772 806 3835 edire
836 3771 875 3835 de
904 3770 964 3836 heo
992 3793 1028 3837 re
1053 3772 1155 3857 possis

105 3858 266 3923 Guillelmi
285 3857 425 3922 Pelmeri
444 3856 503 3921 viri
517 3856 556 3921 ol.
571 3878 651 3943 opus
669 3879 746 3922 sene
763 3858 924 3943 egregium
945 3858 995 3923 De
1009 3858 1154 3937 uenia,

105 3943 166 4010 rol.
179 3943 225 4008 ΙΙ.
242 3966 272 4027 4
285 3964 316 4029 9.
328 3963 359 4023 4.
374 3967 406 4029 p.
421 3942 601 4022 180-184.
645 3943 741 4008 Certe
761 3943 903 4008 Nestorii
924 3944 1103 4029 opinionem
1118 3952 1155 4009 ut

105 4030 246 4116 impiam,
284 4051 397 4115 ueeque
414 4028 598 4115 religionem
618 4028 842 4107 christianam,
859 4036 956 4115 etque
976 4031 1155 4097 universam

104 4117 250 4203 mysterii
288 4116 297 4131 ⁰
355 4116 535 4181 lunationem
551 4117 641 4197 (ὅλην
653 4118 813 4197 μυστηρίου
828 4118 1013 4201 οἰκονομίαν)
1026 4119 1068 4183 eb
1079 4118 1156 4205 ipsis

107 4224 233 4355 tell
245 4201 1156 4375 ill..till}.llllel.l2t⁰ll.t.l.ltttttdll
