2867 4817
385 321 449 385 DE
473 319 598 385 ZELO
622 320 685 383 ΕΤ
711 319 902 383 LIVORE.
1105 320 1171 385 327

119 495 224 567 nibus
249 496 370 567 divina
392 494 509 577 lectio,
526 494 564 563 in
589 494 750 564 sensibus
775 490 965 563 Dominica
989 494 1168 586 cogitatio.

119 612 245 684 Oratio
264 612 363 705 jugis
385 612 529 681 omnino
549 632 621 681 non
642 616 766 681 cesset.
818 607 991 680 Salutaris
1010 612 1169 703 operatio

118 736 331 823 perseveret.
383 726 608 820 Spiritalibus
625 747 765 817 semper
786 726 924 796 actibus
944 748 1169 818 occupemur,

118 853 161 917 ut
186 845 466 937 quotiescunque
492 844 655 915 inimicus
681 842 878 924 accesserit,
908 843 1047 935 quoties
1071 842 1170 913 adire

91 962 321 1043 stentaverit,
345 968 383 1031 et
405 960 565 1031 clausum
590 960 778 1030 adversum
800 980 838 1028 se
862 966 988 1050 pectus
1012 959 1171 1031 inveniat

119 1087 158 1152 et
180 1086 367 1149 armatum.
420 1074 507 1146 Non
529 1075 625 1147 enim
649 1074 840 1146 Christiani
865 1073 1019 1147 hominis
1040 1098 1170 1147 corona

119 1216 192 1265 una
207 1202 263 1265 est
279 1216 360 1284 quae
373 1200 534 1285 tempore
551 1191 805 1283 persecutionis
820 1190 1002 1284 accipitur.
1046 1188 1169 1262 Habet

118 1317 158 1381 et
182 1331 254 1402 pax
279 1330 425 1379 coronas
450 1330 540 1390 suas,
567 1306 695 1399 quibus
720 1306 766 1377 de
792 1307 889 1377 varia
914 1313 952 1376 et
979 1304 1168 1399 multiplici

117 1425 365 1520 congressione
399 1426 549 1495 victores
582 1430 757 1515 prostrato
791 1432 829 1493 et
865 1422 1012 1493 subacto
1045 1425 1169 1495 adver-

75 1540 210 1611 ¹0sario
233 1548 455 1611 coronantur.
508 1539 711 1611 Libidinem
733 1539 913 1635 subegisse
937 1542 1169 1615 continentiae

117 1658 239 1749 palma
272 1666 337 1729 eet.
389 1656 523 1727 Contra
559 1658 658 1739 nam,
694 1664 818 1727 contra
848 1656 1013 1747 injuriam
1041 1679 1170 1753 repug-

117 1797 220 1845 nasse
242 1796 372 1845 corona
393 1774 577 1865 patientiae
600 1780 682 1845 est·
716 1771 774 1844 De
798 1774 947 1843 avaritia
967 1774 1170 1868 triumphus

117 1898 174 1963 est
202 1890 390 1981 pecuniam
415 1910 589 1981 spernere.
642 1888 737 1959 Laus
766 1896 822 1959 est
849 1887 933 1960 fidei
959 1888 1089 1964 fiducia
1112 1891 1168 1962 fu-

117 2016 280 2080 turomm
305 2005 428 2076 mundi
454 2004 600 2077 adversa
624 2004 786 2077 tolerare.
837 2006 887 2077 Et
911 2009 973 2099 qui
997 2007 1171 2101 superbus

72 2126 155 2199 15in
181 2121 356 2216 prosperis
379 2143 452 2192 non
478 2127 542 2203 est,
567 2119 716 2214 gloriam
743 2122 789 2192 de
818 2120 1021 2195 humilitate
1046 2147 1170 2197 conse-

116 2240 249 2333 quitur.
302 2237 350 2308 Et
380 2238 440 2330 qui
470 2237 515 2308 ad
544 2260 740 2331 pauperum
758 2237 1002 2311 ¹fovendorum
1035 2242 1172 2313 miseri·

116 2356 275 2428 cordiam
301 2376 432 2447 pronus
455 2362 519 2437 est,
542 2352 812 2424 retributionem
835 2354 991 2425 thesauri
1015 2356 1170 2429 coelestis

115 2473 333 2565 adipiscitur.
386 2470 435 2541 Et
459 2471 520 2562 qui
549 2468 664 2541 zelare
689 2490 763 2539 non
788 2471 899 2553 novit,
927 2473 1057 2565 quique
1082 2498 1169 2545 una·

115 2588 223 2659 nimis
240 2596 278 2658 et
294 2587 392 2657 mitis
408 2584 534 2658 iratres
557 2609 638 2657 suos
654 2586 781 2680 diligit,
799 2586 998 2659 dilectionis
1014 2598 1053 2661 et
1071 2591 1169 2683 pacis

70 2705 265 2798 20praemio
281 2704 485 2777 honoratur.
536 2702 580 2775 Iu
600 2702 668 2773 hoc
685 2703 860 2772 virtutum
877 2704 992 2774 stadio
1008 2706 1169 2797 quotidie

115 2822 301 2903 currimus,
331 2821 376 2892 ad
405 2820 469 2890 has
495 2818 648 2910 justitiae
677 2817 814 2911 palmas
846 2826 884 2888 et
917 2840 1063 2891 coronas
1092 2823 1169 2893 sine

115 2936 376 3009 intermissione
393 2934 562 3028 temporis
585 2936 829 3025 pervenimus3
855 2934 900 3005 ad
923 2956 1010 3026 quas
1025 2946 1069 3007 ut
1089 2960 1169 3030 per·

116 3054 238 3125 venire
272 3060 313 3123 tu
347 3052 456 3123 etiam
489 3051 610 3144 possis,
637 3051 698 3142 qui
733 3051 849 3123 brerae
882 3050 961 3124 nelo
989 3061 1028 3125 et
1057 3052 1169 3125 livore

115 3190 306 3263 possessus,
336 3191 478 3239 omnem
512 3165 610 3237 illam
640 3166 814 3238 malitiam
844 3192 914 3261 qua
941 3170 1039 3262 prius
1068 3178 1174 3243 tene·-

69 3286 211 3367 25baris
240 3283 364 3377 abjice,
398 3285 443 3356 ad
473 3285 567 3354 viam
600 3284 682 3354 vitae
716 3292 856 3355 aeternae
889 3287 1047 3381 vestigiis
1076 3288 1175 3359 salu·.

116 3402 253 3473 taribus
277 3402 478 3473 reformare.
530 3400 654 3471 Evelle
671 3400 717 3471 de
740 3409 884 3493 pectore
905 3412 970 3474 tuo
992 3405 1111 3497 spinas
1129 3415 1169 3480 et

116 3516 279 3602 tribulos,
296 3524 338 3587 ut
360 3524 398 3587 te
421 3515 650 3587 Dominicum
675 3538 797 3588 semen
817 3517 927 3590 fertili
949 3520 1052 3615 fruge
1071 3520 1169 3594 locu·

115 3634 242 3727 pletet,
269 3640 311 3703 ut
335 3633 455 3704 divina
483 3640 521 3703 et
551 3632 717 3726 spiritalis
746 3656 847 3727 seges
870 3636 910 3705 in
939 3637 1085 3728 copiam
1105 3638 1169 3710 fe-

116 3750 246 3822 cundae
263 3750 386 3821 messis
410 3750 593 3823 exuberet.
645 3750 804 3834 Venena¹
819 3751 913 3823 fellis
936 3774 1072 3835 evome,
1099 3755 1169 3825 dis-

63 3890 106 3947 30
116 3868 317 3939 cordiarum
342 3868 436 3939 virus
462 3867 622 3951 exclude,
648 3876 821 3962 purgetur
841 3891 943 3940 mens
966 3892 1073 3961 quam
1097 3892 1169 3941 ser-

116 3984 285 4078 pentinus
305 3983 396 4054 livor
418 3985 597 4069 infecerat,
615 3984 814 4056 amaritudo
837 3987 952 4057 omnis
969 4008 1050 4078 quae
1071 3988 1168 4057 intus

115 4100 295 4171 insederat
320 4098 452 4171 Christi
479 4099 666 4171 dulcedine
695 4100 858 4173 leniatur.
911 4101 951 4172 Si
981 4104 1026 4173 de
1056 4125 1169 4174 sacra-

115 4226 240 4288 mento
274 4218 387 4287 crucis
422 4225 458 4287 et
492 4218 612 4288 cibum
646 4217 756 4287 sumis
789 4226 826 4287 et
859 4226 997 4311 potum,
1031 4218 1168 4313 lignum
