2867 4817
183 333 235 398 IN
261 334 293 398 S.
313 332 453 398 CYPR.
477 332 541 397 DE
565 332 723 397 OPERE
746 332 811 397 ET
833 333 1073 398 ELEEMOS.
1096 334 1159 399 351

153 505 193 569 P.
205 524 280 589 297.
295 504 316 569 l.
333 523 380 568 ιι.
401 504 512 569 cosm
526 504 561 569 iu
578 502 662 569 nodis
682 524 743 568 non
762 505 818 589 cet]
844 505 964 569 Postec
978 504 1110 571 additur
1129 504 1163 569 in

105 592 248 677 vulgatis
273 589 484 654 editionibus:
527 590 566 655 si
586 599 686 654 autem
710 591 837 675 consoni
858 592 1018 675 fuerimus
1035 601 1163 676 pmcctc

105 675 1162 763 mmfidslisetjustmestDominusqsinodispoccatcdi·

104 764 220 829 mittat.
250 764 483 839 Verumtamen,
499 762 560 827 etsi
573 782 613 826 en
626 768 740 827 extent
753 762 788 826 in
798 762 987 847 quibusdem
1001 764 1163 829 codicibus

104 849 259 935 antiquis,
275 870 347 915 oum
360 849 581 913 desiderentur
594 847 628 911 in
642 848 801 913 sexdecim
816 848 945 926 nostris,
957 850 990 912 in
1004 849 1114 934 primis
1128 850 1162 913 in

106 935 326 1022 Seguieriano,
349 935 383 998 in
404 956 460 999 sex
482 933 678 1021 Anglicnuis,
702 941 737 999 et
757 935 844 1020 opud
865 941 1013 1000 sanctum
1035 936 1162 1021 Augus-

104 1023 212 1087 tinum
227 1022 260 1085 in
274 1020 351 1085 locis
370 1041 467 1106 supra
487 1019 636 1097 laudetis,
652 1020 761 1104 putevi
777 1043 817 1085 es
834 1043 899 1085 non
917 1043 986 1085 esse
1001 1020 1161 1105 Cypriani,

104 1110 164 1173 sed
183 1129 206 1171 a
228 1108 368 1191 quodum
391 1106 534 1171 studioso
557 1105 619 1169 hue
639 1106 800 1171 translatu
824 1129 865 1171 ex
889 1107 1025 1192 epistole
1051 1107 1162 1173 Sancti

103 1192 255 1258 Jonnnis.
286 1192 381 1259 Gerte
395 1192 515 1277 ubsque
526 1190 565 1255 iis
575 1213 640 1255 non
651 1191 756 1257 minus
766 1199 1023 1258 conststsensus.
1042 1193 1161 1257 Bsuun.

105 1280 172 1344 Sex
196 1278 356 1343 codicibus
376 1277 519 1363 Angliois
541 1277 573 1341 in
595 1277 672 1341 edit.
693 1278 798 1342 Oxon.
825 1280 1080 1344 commemoratis
1105 1281 1161 1345 sd-

104 1364 204 1431 dendi
225 1370 301 1429 suut
321 1363 413 1429 codd.
433 1364 497 1428 duo
518 1363 599 1427 Novi
619 1363 759 1463 Collegit,
783 1364 1053 1429 Meermsnnunus
1078 1386 1162 1429 nnnc

102 1472 207 1527 meus,
223 1460 257 1514 et
273 1458 408 1551 uterque
422 1449 610 1525 Drurienus,
631 1472 652 1513 a
671 1450 785 1534 quibus
799 1451 918 1516 absunt
943 1451 1041 1515 verbo
1057 1474 1078 1515 o
1099 1450 1161 1517 Bo·

102 1537 190 1601 lunio
203 1543 428 1622 praetermlsss,
447 1556 556 1598 verum
574 1542 688 1599 extent
707 1535 742 1600 in
755 1536 832 1601 edit.
848 1536 999 1624 Cypriani
1019 1536 1162 1623 principe

104 1630 144 1689 et
158 1622 283 1686 duobus
296 1620 407 1685 alteris
420 1642 518 1705 penes
532 1641 584 1684 me
599 1620 714 1686 MStis.

153 1708 192 1773 P.
211 1728 284 1791 299.
298 1708 320 1771 l.
337 1728 347 1770 ι
353 1726 385 1792 5.
400 1727 465 1769 non
479 1713 608 1771 tuntum
622 1728 643 1770 u
658 1707 805 1786 secunde,
821 1708 878 1772 sed
889 1729 910 1772 c
923 1708 1027 1793 prima
1040 1707 1160 1795 morte]

103 1795 221 1859 Primo
234 1815 329 1871 mors,
345 1792 509 1877 eorporis;
533 1792 672 1857 secunda
682 1793 807 1857 animae.
837 1794 899 1858 Ait
908 1793 1016 1881 igitur,
1028 1793 1161 1859 eleemo-

103 1880 204 1966 synis,
228 1879 319 1943 bonis
341 1878 587 1964 operationibus,
608 1878 744 1964 primum
765 1878 852 1943 illam
865 1880 1007 1965 eorporis
1025 1887 1162 1945 mortem

103 1965 268 2052 suspendi,
289 1964 434 2065 exemplo
454 1962 619 2028 Tubithae:
649 1964 820 2029 secundom
834 1987 919 2042 vero,
935 1986 1007 2050 quoe
1026 1973 1077 2031 est
1094 1968 1161 2030 ani-

102 2074 178 2129 mae,
190 2050 453 2116 mortemevrteri
463 2049 634 2135 adeptione
643 2049 717 2114 vites
728 2057 868 2128 aeternus,
880 2052 1163 2136 quaepromittitur

103 2138 255 2203 fidelibus
270 2138 370 2201 bones
385 2135 588 2221 operationes
602 2135 817 2220 operantibus.
841 2137 971 2201 Rrsnnr.

153 2223 236 2289 Ibid.
261 2222 351 2289 1.28.
376 2230 412 2287 et
433 2222 600 2287 viduorum
624 2243 662 2285 uc
686 2224 878 2307 pauperum]
905 2222 1100 2288 Particulam
1124 2234 1161 2299 et,

104 2332 180 2397 qum
202 2310 276 2373 huic
298 2306 465 2373 sententies
487 2308 520 2371 in
541 2306 683 2392 principe
704 2307 837 2391 aliisque
856 2309 1060 2385 editionibus,
1075 2316 1110 2374 et
1128 2310 1162 2374 in

104 2403 232 2481 septem
255 2394 317 2459 iilis
338 2394 499 2458 codicibus
519 2415 599 2478 quos
622 2393 689 2479 ipse
708 2392 838 2471 contuli,
854 2395 987 2495 praefixe.
1007 2405 1067 2473 est,
1091 2418 1162 2479 quse

103 2505 184 2548 vero
199 2480 232 2545 in
243 2480 336 2545 editt.
351 2478 526 2545 Buiuziene
540 2486 574 2544 et
588 2479 692 2543 Oxon.
709 2478 793 2544 mole
807 2502 924 2545 omisso
934 2488 994 2559 est,
1006 2482 1161 2560 revocavi,

105 2590 182 2634 cum
203 2568 340 2633 fortusse
361 2566 395 2630 in
421 2564 528 2630 MStis
552 2586 628 2629 voce
648 2565 849 2649 praecedente
873 2576 984 2631 mosset
1007 2566 1163 2652 absorpta

154 2738 237 2804 Ibid.
260 2737 281 2803 l.
292 2757 345 2822 33.
369 2758 493 2821 cumqe
511 2737 547 2800 iu
564 2737 682 2800 mmm
700 2736 776 2800 Jcsu
797 2736 927 2823 dirici]
950 2738 1046 2802 Istud
1065 2739 1100 2802 tv
1112 2759 1164 2801 no

103 2824 288 2891 21»me
317 2824 432 2888 Chresti
455 2822 580 2887 udduut
597 2820 757 2887 nonnulle
780 2823 957 2902 versiones,
978 2823 1072 2888 simul
1091 2845 1164 2887 cum

105 2913 159 2976 his
173 2910 321 2997 putribus
331 2908 491 2995 prrieno
508 2907 680 2971 Ambrosio
695 2908 958 2994 Osssiodoroque.

154 2997 195 3061 P.
207 3015 281 3081 300.
298 2996 319 3059 1.
335 3014 386 3058 ιι.
404 2994 470 3059 illic
483 2994 541 3057 evit
554 3003 583 3057 ct
601 3015 652 3058 cor
671 2995 772 3079 turco]
797 2994 873 3059 Illic
886 3018 945 3081 pro
962 2995 1007 3061 iti
1025 3017 1066 3060 ex
1079 2996 1165 3059 codi-

107 3084 201 3149 cibus
216 3081 343 3167 scriptis
356 3080 493 3165 reposui,
510 3080 585 3164 quis
595 3079 629 3143 in
643 3078 742 3165 ipsius
756 3081 906 3166 Cypriani
921 3081 975 3146 lib.
987 3080 1051 3146 III.
1070 3083 1164 3147 Testi-

106 3169 278 3235 muium
292 3169 326 3231 S.
339 3167 511 3252 smptus
525 3189 557 3250 p.
569 3186 622 3251 59.
638 3166 714 3230 edit.
738 3166 841 3231 Oxou.
862 3168 908 3231 sic
926 3168 1014 3233 locus
1031 3190 1164 3254 evenge-

106 3256 193 3319 lieue
207 3254 349 3319 effertur.

155 3341 195 3404 P.
206 3360 282 3422 301.
299 3339 319 3402 1.
335 3357 386 3424 23.
409 3336 473 3403 Sed
495 3337 613 3403 vereris
634 3344 668 3402 et
689 3336 821 3425 metuis]
848 3336 1005 3403 Restituit
1025 3340 1164 3424 priorem

107 3427 287 3498 lectionem,
310 3425 349 3489 Si
369 3424 482 3489 ceretis
503 3433 532 3488 ct
551 3424 665 3500 meust,
681 3421 839 3500 Bcluzius,
855 3444 950 3508 quum
972 3432 1163 3503 mutaverat,

107 3512 174 3579 fide
203 3511 297 3575 nixus
326 3518 464 3596 quotuor
498 3509 797 3594 manuscriptorum,
834 3509 950 3574 Folius.
1007 3510 1053 3574 Iis
1084 3511 1164 3576 ulios

108 3606 235 3685 septem
250 3618 334 3661 nunc
348 3597 443 3670 uddo,
458 3595 626 3660 lectionem
646 3616 717 3680 quae
738 3595 816 3658 mihi
829 3596 945 3680 placet,
960 3604 1162 3681 prucstcntes,

109 3700 210 3770 etque
221 3685 268 3748 itu
277 3704 406 3768 prorsus
417 3680 594 3747 constituta
605 3688 655 3746 est
663 3680 769 3747 oratio
776 3702 851 3746 mox
863 3681 955 3761 intre,
966 3682 1021 3746 ubi
1032 3684 1164 3747 verbum

110 3772 220 3835 motuis
234 3768 381 3834 occurrit.

156 3857 195 3921 P.
207 3874 284 3941 303.
302 3853 323 3919 l.
348 3874 393 3919 ιι.
420 3852 573 3939 subsidia]
598 3853 736 3917 Addunt
755 3852 828 3917 νίψω
846 3852 1001 3917 editiones
1022 3853 1164 3920 Menuti·

110 3964 208 4009 anem
223 3947 351 4013 secutus,
367 3941 424 4005 sed
437 3960 546 4004 vocem
561 3937 671 4015 delevi,
687 3938 805 4003 idcirco
820 3940 905 4024 quod
916 3939 1040 4005 monuit
1051 3941 1163 4005 Psine-

110 4031 173 4095 lius
194 4035 314 4114 preter
337 4026 463 4090 Munut.
486 4024 607 4089 nullum
628 4024 769 4089 codicem
790 4024 801 4089 i
859 4047 892 4089 m
913 4026 1029 4112 legere.
1067 4027 1164 4092 Atta·

111 4137 186 4179 men
215 4114 249 4179 in
278 4112 416 4177 editione
447 4110 661 4196 Lugdunensi,
692 4132 764 4195 quae
832 4111 994 4177 anutienae
1028 4112 1162 4196 praeivit,

111 4202 247 4267 eandem
275 4198 390 4263 inveni.
445 4198 548 4261 Porro
573 4204 682 4263 sutem
707 4218 815 4263 vocem
844 4196 902 4263 titi
926 4207 1000 4285 post
1024 4200 1165 4285 opsrumt
