2867 4817
258 397 500 463 EPISTOLA
523 392 590 462 AD
613 398 647 463 S.
670 394 978 465 CYPRIANUM.
1083 397 1150 470 289

98 573 304 643 eomtitutis
340 570 516 655 fidelibus,
550 581 589 643 et
622 572 692 644 buo
726 582 835 665 atque
868 573 953 645 illuc
987 586 1150 667 persecu-

98 690 204 759 tionis
232 698 336 759 metu
365 686 598 783 fngientibus,¹
619 700 658 760 et
685 690 818 783 patrias
840 707 922 761 anae
950 689 1150 783 relinquen-

98 806 203 889 tibus,
221 814 334 906 atque
358 806 396 875 in
421 802 508 876 alias
532 814 649 900 partes
674 806 860 899 regionum
885 809 1150 879 transeuntibus

99 921 190 1011 (6111
216 922 316 992 enim
342 922 546 993 transeundi
573 918 733 1005 facultas,
754 946 798 993 eo
829 924 924 1015 quod
951 928 1151 1017 persecutio

75 1038 168 1121 silla,
196 1060 273 1109 non
299 1060 363 1131 per
386 1046 505 1108 totum
533 1039 717 1121 mundum,
746 1038 811 1109 sed
844 1038 966 1111 localis
1000 1042 1149 1135 fnisset),

99 1155 247 1225 emersit
264 1154 345 1225 istic
361 1154 480 1225 subito
498 1153 663 1245 quaedam
685 1154 823 1239 mulier,
841 1178 924 1248 quae
947 1159 985 1228 in
1011 1160 1150 1229 extasin

98 1273 307 1352 constituta,
325 1269 522 1364 propheten
547 1292 585 1340 se
610 1270 803 1363 praeferret,
830 1282 868 1343 61
893 1275 991 1365 qnasi
1018 1274 1150 1346 Sancto

100 1386 239 1481 Spiritu
265 1386 374 1479 plena
400 1387 451 1458 sic
480 1394 612 1481 ageret.
664 1387 723 1458 Ita
755 1397 877 1459 antem
904 1390 1151 1483 principalium

99 1504 357 1573 daemoniorum
399 1504 538 1596 impetu
583 1503 772 1585 ferebatur,
814 1512 858 1572 ut
900 1524 963 1595 per
1003 1504 1151 1598 longum

61 1629 246 1712 solempne
268 1618 476 1691 sollicitaret
493 1629 531 1690 et
552 1620 732 1712 deciperet
753 1618 1022 1702 fraternitatem,
1039 1622 1152 1691 admi-

100 1736 228 1807 rabilia
245 1736 407 1828 qnaedam
425 1744 463 1806 et
479 1742 683 1828 portentosa
700 1734 905 1827 perficiens3
925 1744 963 1806 et
980 1736 1096 1808 iacere
1113 1759 1152 1808 se

101 1862 235 1923 terram
269 1854 406 1923 moveri
439 1853 676 1947 polliceretur.
746 1852 832 1923 Non
865 1854 961 1945 quod
998 1855 1152 1925 dromoni

101 1976 203 2038 tanta
240 1976 335 2039 esset
367 1977 534 2061 potestas,
568 1980 610 2039 ut
643 1978 775 2039 terram
809 1987 952 2040 movere
985 1979 1049 2041 aut
1081 1970 1153 2042 ele-

100 2093 269 2154 mentum
287 2094 476 2156 concutere
493 2088 528 2155 vi
545 2106 609 2158 sua
621 2086 777 2170 valeret3
801 2086 864 2156 sed
881 2088 976 2178 qnod
993 2105 1157 2157 nonnun-

62 2222 92 2285 ις
103 2222 211 2293 qnam
229 2203 375 2295 spiritus
392 2218 544 2295 nequam
569 2203 758 2297 praesciens
775 2212 814 2273 et
830 2198 1032 2297 intelligens
1048 2213 1155 2273 terrae

102 2328 245 2388 motum
281 2318 451 2401 futurum,
486 2320 522 2389 id
556 2342 596 2390 se
628 2320 806 2388 facturum
848 2340 925 2389 esse
962 2318 1155 2403 simularet,

103 2436 199 2528 qnod
226 2434 390 2505 futurum
407 2434 553 2506 rideret.
605 2434 746 2517 Quibus
770 2435 963 2505 mendaciis
985 2443 1024 2504 et
1042 2435 1156 2527 jacta·

103 2552 265 2621 tionibus
317 2552 505 2645 subegerat
550 2560 690 2622 mentes
738 2550 969 2645 singulorum,
1006 2560 1050 2621 ut
1088 2550 1157 2621 sibi

104 2667 306 2749 obedirent,
353 2676 391 2737 et
432 2687 642 2760 quocunqne
683 2669 890 2761 preciperet
932 2676 971 2738 et
1012 2668 1158 2737 duceret

61 2812 96 2851 ιο
104 2790 360 2877 sequerentur:
386 2783 518 2854 iaceret
543 2806 684 2877 quoque
711 2784 898 2855 mulierem
925 2784 1026 2856 illam
1050 2784 1160 2855 cruda

105 2899 238 2994 hyeme
271 2900 378 2970 nudie
411 2900 561 2993 pedibus
594 2910 658 2994 per
691 2920 831 2996 asperas
864 2902 964 2972 nives
996 2902 1058 2984 ire,
1092 2920 1159 2971 nec

106 3018 230 3087 vexari
261 3016 299 3086 in
328 3016 447 3110 aliquo
476 3026 540 3087 aut
570 3016 648 3088 loedi
674 3014 737 3088 illa
761 3018 998 3089 discursione:
1024 3019 1159 3088 diceret

107 3136 217 3203 ctiam
254 3152 294 3203 se
327 3134 364 3202 in
393 3132 558 3203 Judaeam
593 3142 631 3204 61
649 3130 949 3227 -Hierosolymem
983 3136 1158 3217 festinare,

107 3248 247 3345 tingens
271 3258 442 3340 tanquam
470 3246 554 3319 inde
579 3250 743 3320 venisset.
796 3249 868 3321 Hic
902 3260 941 3321 61
968 3268 1080 3321 rurum
1113 3251 1159 3320 de

66 3394 98 3455 ²5
108 3366 325 3461 presbyteris
341 3368 522 3449 rusticum,
534 3368 621 3437 item
638 3375 676 3436 61
688 3364 799 3436 alium
817 3368 1005 3438 diaconum
1022 3367 1159 3450 fefellit,

108 3492 149 3553 ut
165 3485 288 3554 eidem
314 3482 453 3553 mulieri
479 3485 802 3568 commiscerentur,
828 3486 923 3577 qnod
948 3484 1161 3577 paulopost

109 3600 297 3670 detectum
314 3608 381 3670 eet.
430 3592 527 3669 Nam
545 3599 663 3670 subito
680 3602 842 3693 apparuit
858 3600 1020 3671 illimus
1036 3601 1082 3670 de
1098 3621 1162 3670 ex-

109 3717 260 3796 orcistis,
278 3716 333 3785 vir
356 3709 525 3808 probatus
550 3724 588 3787 61
605 3716 698 3787 circa
720 3716 920 3809 religiosam
941 3714 1160 3809 disciplinam

110 3830 203 3903 bene
234 3852 376 3923 semper
405 3842 640 3915 conversatus,
665 3832 726 3923 qui
752 3832 999 3903 exhortatione
1021 3851 1162 3923 quoque

66 3982 105 4039 30
112 3950 263 4020 1111111111
289 3948 533 4040 plurimorum,
551 3950 611 4042 qui
637 3958 675 4019 et
693 3948 758 4041 ipsi
782 3948 891 4020 fortes
907 3966 950 4019 ac
967 3947 1161 4020 laudabiles

112 4066 240 4137 infide
266 4066 423 4148 aderent,
441 4067 630 4147 excitatos,
647 4064 762 4135 erexit
779 4083 817 4135 16
833 4073 958 4135 'contra
973 4064 1076 4134 illum
1088 4065 1162 4157 spi-

114 4184 222 4253 ritum
243 4196 397 4274 nequam
423 4180 675 4253 revincendum
692 4179 786 4275 (sor.
803 4182 849 4251 ad
873 4181 1161 4274 revincendum);

114 4301 174 4391 qui
187 4296 315 4370 ’11111111
330 4292 471 4369 11111111
488 4299 596 4369 etiarn
622 4296 689 4367 hoc
714 4296 822 4389 paulo
835 4306 922 4368 ante
938 4296 1162 4390 praedixerat,
