2867 4817
289 304 352 366 112
623 299 1003 365 ANNOTATIONES

289 472 361 537 dico
383 471 542 544 omum
566 491 607 533 ex
628 468 754 534 oaeteris
775 466 864 533 libris
885 468 981 533 editis
1002 474 1037 533 et
1063 468 1178 533 saltem
1201 480 1355 553 qrratuor

293 556 518 643 manuscriptis
531 555 714 620 Bodleimis
728 554 841 641 recepi.

631 708 787 774 OANON
810 709 989 773 XXVIII.

337 812 375 875 P.
388 812 441 876 68.
466 811 488 877 l.
505 832 536 893 9.
561 816 707 877 ΨΗΦΟΣ
737 814 788 890 τῆς
813 812 901 890 αὐτῆς
926 813 1015 893 ἁγίας
1040 813 1353 899 συνόδου-πόλεως]

292 897 354 977 Qui
376 898 486 963 exulat
505 897 620 963 titinius
638 919 660 963 a
677 897 825 963 Conciliis
844 898 976 982 aliisque
994 898 1094 969 libris.
1110 898 1195 963 hune
1214 900 1352 983 quidem

291 1005 332 1047 ex
360 984 527 1050 Ganonnm
555 982 696 1048 editione
723 982 865 1069 principe
892 984 1004 1049 reduxi
1032 984 1184 1070 librisqde
1214 986 1352 1073 scriptis

293 1068 474 1133 Bodleianis
489 1076 523 1134 et
539 1068 638 1133 MSto
654 1071 845 1157 Lloydieno.

335 1155 418 1220 Ibid.
440 1155 529 1237 l.14
552 1156 605 1219 τὸν
631 1158 735 1239 ἀρτίως
761 1156 994 1239 ἀναγνωσθέντα
1020 1158 1144 1241 κανόνα]
1179 1158 1350 1223 Uarronem

292 1242 425 1306 tertium
439 1241 618 1307 OPtanum.

336 1329 417 1393 ibid.
448 1335 507 1391 τῶν
536 1329 644 1392 ἑκατὸν
672 1327 868 1409 πεντήκοντα]
904 1327 1018 1392 Posuit
1047 1328 1228 1395 Gentianus
1260 1330 1347 1395 Her-

290 1422 391 1491 vetus‚
407 1414 497 1498 eujus
511 1420 562 1478 est
577 1413 694 1479 Letina
709 1414 759 1479 his
774 1415 918 1499 subjecta
934 1414 1173 1500 interpretatio,
1185 1427 1305 1481 centum
1317 1427 1349 1481 et

291 1500 411 1587 viginti,
426 1507 581 1585 tanquam
600 1500 627 1564 si
650 1504 745 1565 εἴκοσι
767 1524 825 1587 pro
847 1500 1030 1581 πεντήκοντα
1044 1501 1077 1564 in
1092 1502 1200 1565 codice
1216 1502 1347 1567 Tiliano

291 1587 463 1651 invenerat.

337 1673 418 1738 Ibid.
443 1672 463 1738 l.
485 1693 494 1735 ι
500 1690 531 1757 5.
556 1680 615 1737 τῶν
637 1672 948 1757 συναχθέντων-νέᾳ
968 1672 1079 1758 Ῥώμη]
1113 1672 1197 1737 Dum
1221 1675 1345 1739 absunt

291 1761 359 1824 haee
373 1761 472 1824 verbs
485 1782 506 1830 ο
521 1758 680 1833 Consiliis,
696 1758 915 1843 Versioneque
934 1760 1051 1823 codicis
1071 1758 1197 1835 Tiliani,
1214 1768 1248 1825 et
1264 1762 1345 1825 duo-

291 1846 350 1909 bus
366 1847 458 1909 codd.
475 1846 568 1911 Bedl.
586 1850 644 1930 158
655 1853 689 1909 et
700 1864 772 1929 205.
790 1846 952 1931 Beveregii
966 1846 1132 1931 synodico,
1143 1846 1346 1933 Pedalioque

292 1936 486 2006 (iuncorum,
507 1933 614 1997 omnia
638 1932 746 1995 addidi
773 1956 812 1996 ex
837 1932 1001 1997 Oanonurn
1022 1933 1160 1997 editione
1186 1932 1344 2019 principe,

292 2018 441 2083 Ecclesiae
457 2018 554 2083 Univ.
571 2018 696 2094 Codice,
714 2018 838 2103 Lloydii
854 2020 953 2085 MSto
967 2018 1189 2103 codicibusque
1199 2019 1345 2105 quinque

292 2104 483 2169 Bodleianis.
537 2105 576 2168 In
602 2104 718 2181 codice,
743 2104 796 2189 qui
822 2112 934 2184 restat,
957 2108 1020 2191 625
1047 2105 1120 2169 olim
1147 2104 1343 2171 Rawlinson.

291 2199 405 2256 extant
419 2199 547 2257 tantum
569 2192 666 2255 verba
687 2196 747 2255 τῶν
769 2191 981 2275 συναχθέντων
996 2194 1044 2257 ἐπὶ
1060 2193 1229 2257 Θεοδοσίου
1249 2196 1344 2271 βασί-

290 2288 379 2344 λεως.

334 2364 373 2427 P.
386 2366 438 2448 69.
454 2363 475 2427 I.
493 2365 541 2426 18.
557 2363 669 2442 δηλαδὴ
685 2361 812 2427 ἑκάστου
822 2366 1038 2445 μητροπολίτου
1049 2370 1109 2427 τῶν
1117 2364 1344 2444 προειρημένων

291 2448 481 2535 διοικήσεων]
502 2448 671 2535 Designari
686 2449 746 2513 hoe
762 2470 882 2515 canone
897 2473 1006 2515 omnes
1020 2458 1054 2515 et
1069 2448 1207 2534 singulos
1222 2457 1342 2513 metro-

290 2536 416 2623 politas,
439 2558 503 2599 non
524 2544 653 2600 tentum
678 2535 862 2599 dioecesium
887 2537 1051 2609 exarchos.
1075 2536 1240 2602 ostendere
1268 2536 1341 2601 brec

290 2624 387 2687 verba
401 2623 559 2686 videntur.
596 2620 712 2686 Confer
727 2622 872 2687 Oenones
888 2623 952 2687 IX.
968 2631 1002 2688 et
1018 2622 1136 2688 XVII.
1154 2622 1342 2708 Nieaenique

291 2708 421 2775 Ooncilii
437 2709 499 2773 IV.

333 2796 373 2859 P.
387 2813 439 2876 70.
454 2795 518 2875 l.4
542 2792 748 2877 ψηφισμάτων
763 2796 946 2881 συμφώνων]
976 2795 1035 2861 Ait
1049 2796 1193 2860 Zonaras
1208 2794 1341 2859 iudom

290 2882 455 2946 motare:
483 2880 552 2945 Ἵνα
574 2883 607 2944 δέ
631 2880 671 2960 μς]
695 2888 730 2960 η’]
751 2882 890 2967 αὐθεντίρ
914 2889 967 2947 τοῦ
993 2884 1342 2948 Κωνσταντινονπθλεως

291 2972 474 3047 νομισθῶσιν
495 2970 524 3031 οἱ
547 2971 621 3031 θεῖοι
643 2966 769 3049 πατέρες
791 2970 909 3041 ἐκεῖνον,
935 2969 968 3033 τά
993 2973 1055 3033 πᾶν
1080 2972 1130 3047 τῆς
1152 2968 1342 3051 χειροτονίας

290 3053 473 3125 ἀνατιθέναι,
488 3051 567 3118 ὥστε
580 3060 678 3117 ποιεῖν
693 3056 810 3119 ἐκεῖνον
825 3056 874 3119 ἐπὶ
888 3062 952 3123 ταῖς
965 3056 1161 3139 χειροτονίαις
1175 3051 1235 3117 κατ’
1253 3054 1339 3133 ἐξον-

290 3141 361 3204 σίαν
382 3138 402 3203 ἀ
422 3141 577 3219 βούλεται,
600 3141 784 3220 προσέθεντο
806 3146 1042 3223 χειροτονεῖσθαι
1063 3142 1133 3223 παρ’
1156 3140 1246 3205 cirrosi
1268 3142 1341 3207 τοὺς

288 3226 506 3307 μητροπολίτας
518 3227 690 3308 συμφώνων
702 3225 907 3309 ψηφισμάτων
925 3228 1101 3310 γινομένων,
1118 3228 1166 3290 καὶ
1184 3229 1231 3290 ἐπ’
1246 3226 1340 3291 αιἰτάν

289 3311 531 3393 ἀναφερομένων,
547 3314 710 3396 μονονονχί
723 3318 809 3377 τοῦτο
824 3312 976 3395 λέγοντες·
992 3315 1038 3378 ὅτι
1053 3312 1117 3397 οὐχ’
1126 3315 1178 3380 οὓς
1191 3316 1340 3393 βούλεται

289 3400 668 3466 ἀΚωνστοντινονπόλεως
689 3397 895 3484 χειροτονήσει
915 3402 1141 3481 μητροπολίτας·
1164 3400 1267 3477 ἀλλ’ἢ
1286 3398 1338 3461 ὑπ’

290 3484 381 3549 αάτάν
396 3486 522 3551 σύνοδος
536 3488 590 3552 τάς
603 3484 725 3568 ψήφους
739 3482 905 3565 ποιήσεται,
923 3488 970 3550 καὶ
986 3486 1035 3567 ἐφ’
1050 3488 1101 3554 otc
1115 3484 1153 3549 ἀν
1164 3488 1193 3549 οἱ
1206 3486 1339 3567 ψηφιζό-

288 3596 374 3651 μενοι
395 3570 648 3652 συμφωνήσουσιν
670 3574 702 3651 έξ
725 3574 847 3637 ἐκείνων
867 3571 1082 3655 χειροτονήσει,
1104 3571 1340 3654 ἀναφερομένων

289 3663 349 3721 τῶν
362 3654 567 3740 ψηφισμάτων
581 3658 656 3737 πρὸς
670 3659 771 3723 αιίτόν.

332 3743 776 3832 Ιοῑσ.1.ο.ᾰιαφερομέιων.]
804 3744 869 3809 Ηίο
890 3767 962 3809 cum
984 3745 1108 3809 duobus
1129 3744 1337 3831 sequentibus

288 3830 461 3894 canonibus
483 3851 542 3894 neo
562 3830 594 3893 in
620 3830 758 3895 Joennis
780 3831 973 3896 Antiooheni
996 3832 1199 3909 Oolleotione‚
1221 3853 1280 3895 nee
1302 3832 1336 3895 in

291 3916 408 3981 Latina
429 3916 574 4000 Dionysii
597 3915 714 4004 Exigui
734 3919 886 3996 versione,
909 3940 967 3983 nec
989 3919 1021 3982 in
1044 3919 1185 3984 Arabioa
1198 3917 1337 4003 Josephi

287 4002 336 4065 AE
400 4001 438 4068 tii
459 4002 647 4103 paraphrasi
668 4011 768 4069 extat.
814 4005 985 4091 Reperitur
1006 4014 1114 4071 autem
1136 4004 1169 4069 in
1188 4004 1336 4069 omnibus

349 4110 496 4168 samonis,
513 4090 658 4168 Zenone,
674 4097 708 4154 et
722 4090 866 4156 Aristoni
881 4092 1049 4157 codicibus.
1095 4092 1223 4157 Oitatur
1237 4092 1336 4156 etiam

287 4196 309 4238 ιι
323 4175 442 4241 Photio
456 4175 489 4239 in
509 4176 734 4241 Nomecnnone
753 4178 805 4243 tit.
818 4177 838 4241 i.
855 4200 924 4263 cop.
936 4198 967 4263 5.
984 4192 1018 4245 et
1033 4181 1062 4242 6.
1102 4178 1217 4246 Latine
1235 4178 1333 4243 etiam

288 4260 423 4328 vortitur
436 4284 458 4327 ο
471 4262 571 4327 veteri
582 4262 757 4349 interprete
770 4272 846 4329 onte
858 4264 1044 4351 Dionysium
1056 4266 1226 4353 Exiguum,
1239 4286 1259 4329 a
1270 4286 1333 4351 quo
