2867 4817
469 337 536 401 DE
560 336 821 403 ORATIONE.
1106 341 1167 404 111

119 513 252 585 scilicet
281 536 355 584 non
384 514 509 585 audiat
540 512 737 607 penulatos,
767 517 828 608 qui
859 524 931 587 tres
961 523 1103 586 sanctos
1131 517 1169 587 in

119 631 260 701 fornace
284 628 484 723 ‘Babylonii
517 632 611 725 regis
639 640 781 704 orantes
814 656 897 703 cum
927 631 1096 705 sarabaris
1130 642 1168 704 et

118 750 214 819 tiaris
230 750 306 818 suis
322 746 527 818 exaudivit!

167 863 265 935 Item
289 864 386 956 quod
408 864 593 959 adsignata
614 865 783 949 oratione,
810 867 984 939 assidendi
1009 888 1088 937 mos
1113 875 1167 938 est
1212 904 1296 954 ΟΑΡ

92 982 342 1074 squibusdam
360 1004 433 1053 non
452 982 625 1074 perspicio
647 985 842 1070 rationem
872 987 939 1057 nisi
961 988 989 1057 si
1012 970 1334 1086 Hermasnexwffl,

116 1097 187 1182 ille,
204 1099 310 1190 cujus
326 1099 501 1191 scriptura
516 1098 590 1168 fere
611 1098 739 1172 Pastor
759 1102 918 1174 inscribit
903 1111 973 1186 t,ur
989 1102 1205 1216 ιιιιιιιιιιι4ο
1216 1110 1270 1165 μ’*
1280 1116 1333 1151 ⁰¹*

116 1215 279 1287 oratione
303 1238 378 1285 non
402 1237 508 1308 super
535 1213 670 1287 lectum
699 1218 894 1303 assedisset,
922 1242 1045 1291 verum
1070 1178 1265 1293 aliudnonem

117 1335 201 1426 quid
218 1333 374 1415 fecisset,
391 1333 429 1403 id
446 1356 587 1425 quoque
603 1333 649 1404 ad
671 1334 953 1407 observationem
976 1338 1170 1411 vindicare-

114 1474 205 1522 mus.
248 1449 389 1542 Utique
405 1472 497 1519 non:
515 1450 723 1543 simpliciter
739 1452 885 1537 enimet
902 1476 997 1525 nunc
1014 1456 1169 1547 positum

74 1576 180 1651 voest,
199 1566 320 1658 ριιιιιιι
342 1564 550 1651 memsam,
567 1575 599 1638 et
620 1566 821 1639 assedissem
843 1592 947 1665 saper
969 1568 1099 1655 lectum,
1123 1572 1169 1643 ad

115 1688 280 1757 ordinem
299 1684 519 1766 narrationis,
535 1707 607 1755 non
624 1685 670 1754 ad
686 1686 798 1756 instar
814 1686 1016 1780 disciplina.
1067 1687 1169 1760 Alio-

114 1805 202 1895 quin
218 1824 399 1895 nusquam
416 1803 484 1871 erit
500 1801 729 1885 adoraudum,
746 1804 814 1874 nisi
834 1806 896 1875 ubi
914 1805 1022 1876 firerit
1043 1804 1167 1877 lectus.

114 1920 197 1991 Imo
225 1927 355 1989 contra
380 1919 589 2011 scripturam
613 1918 749 2002 fecerit,
777 1920 806 1991 si
832 1922 910 2013 quis
935 1922 972 1991 in
1001 1922 1169 1994 cathedra

112 2048 178 2108 aut
203 2035 377 2108 subsellio
401 2034 543 2106 sederit.
595 2034 705 2106 Porro
730 2058 841 2128 quum
868 2038 1014 2131 perinde
1037 2040 1168 2111 faciant

73 2188 83 2227 ι
89 2155 293 2246 ςιιιιίοιιιι,
327 2153 481 2223 adoratis
519 2150 732 2246 sigillaribus
770 2152 842 2224 suis
881 2155 1076 2238 residendo,
1111 2153 1168 2226 vel

114 2280 310 2363 propterea
332 2270 370 2338 in
395 2267 497 2339 uobis
521 2265 731 2361 reprehendi
757 2276 923 2353 meretur,
951 2271 1045 2363 quod
1074 2271 1169 2365 apud

114 2388 214 2459 idola
237 2384 449 2457 celebratur.
501 2383 557 2455 Eo
579 2386 769 2478 apponitur
785 2394 823 2456 et
845 2386 1080 2458 irreverentia
1103 2389 1169 2459 cri-

114 2528 212 2587 men,
229 2505 342 2574 etiam
358 2504 443 2596 ipsis
462 2503 674 2583 nationibus,
692 2503 721 2573 si
739 2502 825 2595 quid
847 2512 1020 2596 saperent,
1038 2504 1170 2576 intelli-

114 2622 289 2716 gendum.
340 2619 524 2713 Siquidem
541 2619 734 2690 irreverens
751 2628 806 2691 est
828 2620 980 2691 assidere
1001 2622 1067 2691 sub
1089 2644 1172 2692 con-

71 2747 257 2834 aospectu,
274 2747 467 2830 contraque
490 2745 720 2830 conspectum
744 2736 831 2829 ejus,
849 2759 955 2829 quem
973 2758 1079 2830 quam
1097 2762 1173 2809 ma·

115 2857 218 2927 xime
248 2855 450 2937 reverearis,
483 2878 525 2925 ac
559 2854 756 2937 venereris3
795 2862 928 2946 quanto
961 2856 1074 2949 magis
1105 2856 1170 2926 sub

116 2980 316 3065 conspectu
344 2971 414 3043 Dei
440 2972 522 3054 vivi,
549 2970 677 3066 angelo
702 2970 819 3042 adbuc
847 2974 1014 3043 orationis
1040 2972 1169 3066 (Apoc.

118 3092 191 3161 viii.
209 3094 245 3160 3.
256 3092 309 3181 4.)
325 3097 474 3171 astante,
488 3088 624 3159 factum
640 3088 737 3158 istud
753 3087 1086 3182 irreligiosissimum
1106 3099 1171 3173 est,

117 3208 186 3278 nisr
174 3204 472 3298 exprobramus
480 3203 571 3287 Deo,
589 3202 685 3296 quod
701 3226 767 3275 nos
785 3206 897 3275 oratio
915 3206 1127 3300 fatigaverit.

73 3357 108 3415 ²5
168 3322 290 3413 Atqui
305 3344 390 3391 cum
405 3322 635 3392 modestiaet
656 3317 860 3393 humilitate
882 3323 1078 3406 adorantes,
1096 3345 1171 3394 ma·
1214 3342 1296 3392 car.

116 3442 172 3535 gis
207 3437 536 3510 commendabimus
567 3434 647 3508 Deo
675 3460 799 3529 preces
828 3447 974 3523 nostras,
1005 3462 1051 3509 ne
1087 3408 1307 3532 ipsisnexvss'.

117 3556 267 3649 quidem
295 3555 459 3625 manibus
488 3554 674 3625 sublimius
702 3554 786 3625 elat
760 3563 806 3625 trs
834 3552 927 3651 (for.
953 3538 1301 3649 delendum),¹'¹¹⁸⁰¹²‘³
1161 3606 1240 3655 ,Μ
1250 3604 1330 3655 mm

118 3675 183 3745 sed
207 3680 409 3764 temperate
433 3694 474 3742 ac
498 3671 609 3764 probe
634 3669 746 3753 elatis,
765 3694 810 3741 ne
836 3669 938 3742 vultu
964 3672 1143 3764 quidem
1133 3696 1171 3742 m

119 3791 306 3862 audaciam
342 3796 472 3859 erecto.
524 3787 622 3859 Nam
658 3786 719 3859 ille
754 3787 973 3880 publicanus,
1008 3790 1069 3881 qui
1099 3812 1171 3859 non

75 3918 264 3993 30tantum
289 3927 405 3998 prece,
422 3904 485 3975 sed
508 3911 546 3974 et
568 3902 671 3974 vultu
693 3902 901 3982 humiliatus
924 3913 1032 3997 atque
1057 3906 1172 3999 dejec-

120 4039 178 4099 tus
213 4024 348 4106 orabat,
373 4021 601 4114 justificatior
627 4019 797 4113 pharisaeo
828 4022 1073 4114 procacissimo
1104 4023 1173 4093 dis-

120 4144 236 4216 cessit.
290 4140 407 4211 Sonos
432 4139 543 4209 etiam
573 4138 669 4208 vocis
699 4138 877 4230 subjectos
905 4162 980 4209 esse
1010 4148 1172 4233 oportet3

119 4272 182 4331 ant
198 4259 344 4352 quantis
360 4256 499 4326 arteriis
518 4276 607 4347 opus
632 4262 696 4337 est,
714 4255 744 4325 si
766 4278 830 4348 pro
854 4278 940 4327 sono
964 4254 1172 4328 audiamur?
