2867 4817
273 324 337 387 180
631 316 1011 383 ANNOTATIONES

276 489 440 565 Latinius;
457 490 551 554 aliter
561 497 670 554 tamen
677 488 802 573 judicat
813 487 989 564 Schutaius,
999 485 1126 551 adedit.
1138 484 1324 563 Halensem,

275 578 307 641 in
334 598 397 661 qua
422 576 504 640 sicut
527 576 560 639 in
589 575 713 640 coeteris
742 574 942 651 editionibus,
969 573 997 637 si
1025 572 1112 636 illam
1137 571 1326 637 Delaoerdm

276 662 404 747 excipis,
420 662 563 727 membra
576 661 731 727 orationis
745 661 873 727 omuino
887 665 1037 759 separata
1051 667 1137 723 sunt.

321 748 359 812 P.
375 767 445 833 109.
467 750 489 811 l.
509 769 559 812 11.
575 749 627 812 via
641 748 885 833 cognominatur
898 744 1065 831 disciplina
1085 748 1215 826 nostra]
1231 743 1328 828 Saepe

276 834 394 900 dicitur
407 836 425 915 ἡ
441 836 508 901 ὁδὸς
521 834 641 921 religio.
653 834 845 910 Christiana,
861 855 933 897 cum
954 832 989 895 iu
1002 832 1091 895 Actis
1103 830 1327 916 Apostobram,

277 930 348 986 tum
363 921 395 984 in
409 928 552 985 veterum
567 920 821 987 Christianorum
839 918 975 1003 scriptis,
990 919 1039 982 uti
1053 918 1177 981 monuit
1191 917 1329 981 Pcarso-

277 1006 348 1071 nius
362 1008 395 1071 iu
410 1008 605 1092 Ecpositicae
620 1005 764 1089 spatas.
808 1006 912 1070 Artic.
928 1006 974 1069 Et
986 1008 1022 1067 s'c
1034 1005 1112 1068 Jesn
1127 1002 1257 1069 Christo.

324 1092 406 1159 Ibid.
436 1094 456 1157 l.
492 1113 538 1171 ¹4·
569 1094 649 1157 iram
679 1093 712 1156 in
748 1094 882 1157 fratrem
917 1090 1087 1155 homicidio
1123 1086 1328 1174 superponit]

280 1179 396 1243 Melius
424 1180 610 1264 procederet
638 1179 752 1257 oratio,
782 1178 809 1241 si
837 1178 950 1243 vocula
976 1198 1069 1262 psam
1098 1183 1171 1261 post
1188 1177 1331 1259 fratrem

277 1266 459 1331 adderetur.
504 1265 720 1332 Ocnfercndus
733 1265 785 1329 hic
800 1264 833 1328 S.
850 1266 935 1329 Mat.
951 1286 981 1327 v.
998 1282 1049 1339 αι,
1067 1281 1116 1326 22.

322 1350 404 1415 Ibid.
419 1351 439 1414 l.
461 1370 508 1433 17.
524 1352 595 1416 solie
608 1350 773 1436 receptum]
788 1355 844 1414 An
856 1352 1028 1415 rcceaenm?
1051 1349 1116 1414 Sed
1130 1348 1174 1411 nil
1185 1348 1294 1431 jubeo.

322 1438 361 1502 P.
378 1457 447 1501 110.
463 1439 483 1500 l.
503 1458 550 1521 17.
574 1460 614 1501 ne
636 1437 795 1501 exclamet
823 1437 938 1521 aliquis
964 1436 1091 1519 Esaias]
1122 1434 1259 1520 Reum
1284 1433 1332 1497 ad

280 1546 317 1589 aa
342 1544 394 1587 .2.

318 1546 405 1673 ibid.
430 1610 451 1673 l.
474 1631 523 1694 19.
550 1632 567 1673 e
595 1609 763 1673 Dominica
791 1608 938 1694 pmione
966 1607 1180 1691 modulantes]
1214 1605 1332 1669 Ponrit

279 1718 320 1759 ex
355 1695 437 1759 libro
466 1695 633 1781 Agobardi
661 1695 849 1760 mcdnhstcm
876 1693 1045 1779 Rigaltius,
1074 1700 1227 1777 aequente
1255 1712 1333 1755 cum

281 1781 471 1859 Muratorio,
488 1782 542 1867 qui
563 1789 673 1847 tamen
693 1789 799 1867 putat,
823 1779 996 1844 desiderari
1018 1802 1136 1856 vocem,
1152 1778 1333 1863 cujusmodi

279 1875 374 1947 essct,
390 1869 548 1953 aplane,
563 1866 708 1944 hahentes,
725 1875 783 1931 aut
798 1867 874 1951 quid
889 1866 998 1930 simile.
1043 1865 1197 1931 Veterem
1217 1863 1331 1929 lectio·

279 1975 353 2018 nem
388 1953 575 2017 nwdnlomes
610 1954 762 2017 revocavi.
821 1952 958 2030 Moeso,
995 1954 1132 2034 ῥυθμίζω,
1172 1951 1334 2015 Glaesaria

280 2040 409 2104 habent.
456 2040 642 2104 Divinarum
664 2046 773 2105 autem
791 2060 943 2103 manuum
962 2060 1058 2123 super
1072 2059 1198 2103 amcam
1212 2058 1333 2121 expan-

280 2124 409 2202 sionem,
442 2148 538 2210 quam
575 2134 704 2190 orantes
740 2124 859 2189 imitari
891 2124 1004 2203 solent,
1033 2146 1119 2209 saepe
1150 2131 1333 2188 memorant

281 2211 413 2297 antiqui.
458 2211 587 2276 Videsis
601 2219 712 2277 notam
726 2212 769 2276 ad
791 2211 825 2277 S.
841 2210 1053 2289 Victorinum,
1068 2212 1154 2296 apud
1169 2210 1334 2294 Massa

281 2300 371 2363 Scor.
386 2297 447 2362 vol.
464 2296 530 2362 III.
546 2320 579 2383 p.
594 2319 665 2381 149.

325 2382 408 2447 Ibid.
424 2384 445 2448 l.
463 2384 512 2450 28.
529 2386 624 2534 lqlm
648 2384 828 2450 Gentilibus
850 2382 1036 2469 adaequent]
1062 2383 1187 2447 Forsan
1212 2381 1335 2445 excidit

281 2490 334 2534 cca
348 2478 421 2554 post
438 2471 528 2534 Genti
540 2472 553 2533 i
571 2492 616 2534 us.

327 2556 409 2621 Ibid.
435 2556 484 2620 Ut
513 2564 563 2621 est
589 2558 796 2641 quorundam,
821 2556 973 2641 expositis
1002 2555 1125 2641 penulis
1153 2554 1335 2619 orationem

282 2643 401 2727 facere]
420 2642 542 2707 Penula
555 2642 691 2707 vestium
704 2664 805 2729 genus
819 2642 889 2718 fuit,
905 2664 985 2726 quas
998 2642 1140 2726 pluvioso
1154 2640 1336 2725 frigideque

283 2728 364 2793 coelo
379 2736 502 2793 veteres
516 2729 701 2794 induebant.
747 2728 819 2792 Has
839 2736 1012 2813 autequam
1034 2728 1180 2813 precibus
1201 2747 1334 2810 operam

284 2816 408 2892 darent,
433 2814 562 2899 quidam
586 2838 604 2879 e
630 2815 819 2881 Christianis
848 2814 1051 2899 deponendas
1079 2813 1333 2879 arbitrabantur.

286 2900 379 2983 Quod
388 2923 462 2965 vero
472 2901 685 2965 Tertullianus
696 2902 752 2967 ait.
764 2901 796 2965 id
808 2902 1006 2965 consuevisse
1019 2900 1088 2963 fieri
1103 2923 1125 2964 a
1138 2898 1332 2975 nationibus,

283 2988 344 3051 hcc
373 2994 423 3051 cst
449 2988 490 3051 ab
520 2988 655 3053 ethnicis
683 2988 769 3051 idola
797 2988 997 3064 adeuntibus,
1022 2985 1172 3070 AEschyli
1201 2986 1335 3049 Graecus

286 3074 444 3163 interpres
457 3074 644 3137 confirmare
659 3073 793 3137 videtur.
838 3072 953 3137 Nescio
972 3072 1048 3157 quid
1062 3073 1160 3137 ctiam
1174 3073 1216 3135 de
1230 3078 1335 3135 muta-

286 3158 426 3223 tionibus
455 3160 590 3223 vestium
619 3160 651 3222 in
685 3159 858 3223 Gentilium
895 3159 994 3223 moris
1022 3158 1090 3243 ipse
1119 3157 1336 3222 Tertullianus

285 3244 384 3309 habet
398 3246 431 3307 in
445 3245 499 3309 lib.
514 3246 552 3309 de
567 3246 673 3309 Pallio
687 3267 756 3330 cap.
772 3268 803 3324 4.
828 3245 1009 3308 Mnnsronr.

330 3330 370 3393 P.
384 3350 393 3392 ι
407 3352 413 3393 ι
425 3350 453 3392 1.
466 3330 486 3394 l.
498 3352 532 3409 4.
548 3332 716 3417 adsignata
731 3331 890 3415 oratione]
904 3330 1106 3407 Absolutum,
1122 3338 1156 3394 et
1169 3334 1337 3415 peractam

287 3415 465 3480 oraticnem
480 3417 645 3503 significat,
662 3418 851 3502 metaphora
862 3418 999 3481 deducta
1013 3440 1031 3481 e
1045 3415 1153 3502 signis,
1168 3423 1203 3480 et
1213 3414 1335 3500 sigillis,

287 3504 944 3588 u

333 3673 415 3739 Ibid.
431 3675 452 3741 l.
466 3694 499 3761 5.
515 3675 574 3739 nisi
590 3676 615 3739 si
631 3674 772 3739 Hermas
785 3676 846 3754 illc,
862 3676 952 3761 cujus
966 3675 1124 3761 scriptura
1139 3674 1206 3738 lere
1217 3672 1339 3737 Pastor

288 3760 470 3827 inscribitur
487 3760 558 3847 δια]
576 3760 706 3826 Hermae
722 3764 819 3827 verba
832 3769 946 3827 extant
961 3762 993 3825 in
1008 3762 1077 3847 ipso
1095 3760 1249 3846 principio
1264 3758 1337 3822 libri

288 3847 417 3913 secundi
432 3848 583 3926 Pastoris,
599 3848 652 3911 ubi
667 3848 868 3913 doctissimus
883 3847 1058 3913 Octelcrius
1075 3848 1144 3911 haec
1158 3845 1336 3919 annotavit,

290 3940 311 3973 “
328 3934 403 3999 Mos
436 3934 688 3999 Christianorum
718 3935 928 4019 quorumdam
956 3934 1086 3998 sedendi
1114 3932 1227 3996 statim
1263 3938 1339 4016 post

292 4026 311 4056 “
327 4020 513 4095 orationem,
530 4019 763 4106 superstitionis
784 4043 823 4085 ar
866 4021 931 4086 itur
951 4042 973 4085 a
995 4019 1200 4094 Tertulliano,
1223 4017 1277 4081 lib.
1300 4016 1340 4080 dc

292 4111 312 4141 “
330 4106 472 4171 Oratiom
502 4130 528 4170 c.
553 4127 602 4171 12.
629 4107 682 4171 ubi
712 4106 796 4171 hunc
836 4128 928 4172 ccum
957 4106 1077 4171 laudat.
1132 4103 1340 4169 Consuetudo

292 4198 312 4227 “
327 4200 435 4257 autern
461 4192 569 4257 similis
594 4194 679 4279 apud
705 4194 849 4258 Gentiles
873 4193 1049 4257 invaluerat
1072 4199 1157 4257 teste
1182 4191 1338 4257 Pindaro.

294 4284 313 4314 “
330 4276 374 4341 Et
390 4276 582 4343 Plutarchus
597 4278 629 4342 in
645 4278 759 4357 Numa,
776 4280 861 4345 inter
881 4279 1098 4366 anigmaticas
1113 4299 1200 4342 more
1216 4276 1340 4361 Pytha·
