2867 4817
262 326 330 394 Μ
641 332 674 395 S.
699 332 938 397 CYPRIANI

262 505 388 575 timeat
405 506 463 576 cui
480 505 548 577 hoc
571 528 670 577 more
692 506 851 601 longiore
868 508 1057 592 confertur,
1071 517 1114 579 ut
1136 510 1315 582 cmcistus

130 666 133 669 -
261 620 336 712 ejus
354 629 391 691 et
407 624 563 715 gemitus
580 624 721 694 interim
740 622 932 694 differetur.
984 624 1098 695 Multi
1114 648 1162 695 ex
1184 627 1315 697 nostris

260 738 297 807 in
309 737 376 809 hec
388 738 606 810 mortalitate
618 742 829 823 moriuntur,
839 740 908 812 hoc
919 748 987 823 est,
998 740 1103 811 multi
1120 764 1168 811 ex
1184 743 1315 813 nostris

260 852 304 923 de
330 852 458 925 soeculo
483 853 688 927 liberantur.
739 856 944 927 Mortalitus
969 857 1038 927 ista
1058 865 1102 926 ut
1117 855 1252 927 Judoeis
1274 866 1315 927 et

258 968 451 1063 gentilibus
475 980 522 1042 et
557 970 689 1043 Christi
722 972 884 1043 hostibus
918 973 1028 1065 pestis
1061 980 1126 1055 est,
1161 973 1213 1042 ita
1242 972 1342 1048 Deis

259 1088 367 1157 servis
392 1086 554 1159 saluteris
584 1111 750 1163 excessus
777 1098 843 1159 est.
896 1088 978 1161 Hoc
1005 1088 1101 1181 qnod
1129 1089 1206 1159 sine
1236 1088 1313 1159 ullo

259 1204 459 1275 discrimine
487 1205 626 1298 generis
655 1204 802 1276 humani
831 1228 914 1275 curn
944 1206 1085 1297 injustis
1110 1206 1314 1277 moriuntur

258 1331 296 1392 et
320 1322 419 1413 justi,
450 1345 521 1393 non
552 1330 607 1393 est
637 1322 732 1414 quod
761 1324 897 1415 putetis
925 1322 1029 1394 bonis
1057 1330 1096 1393 et
1124 1320 1228 1393 molis
1257 1323 1314 1393 in-

257 1441 404 1510 teritum
431 1462 507 1511 esse
532 1463 769 1511 communem.
811 1438 873 1510 Ad
896 1440 1116 1534 refrigerium
1136 1439 1228 1533 justi
1250 1464 1314 1511 vo-

258 1564 392 1639 centur,
411 1556 457 1627 ed
474 1556 684 1649 supplicium
703 1558 888 1649 rapiuntur
904 1558 1036 1649 injusti.
1081 1556 1199 1627 Detur
1215 1556 1313 1627 velo-
1326 1592 1363 1632 ro

257 1674 333 1743 eius
358 1672 473 1743 tutele
496 1673 698 1757 fidentibus,
724 1674 867 1766 perfidis
891 1697 1007 1766 poene„
1050 1673 1244 1767 Improvidi
1271 1683 1312 1745 et

256 1791 384 1883 ingrati
411 1813 542 1873 sumus,
571 1790 696 1860 fratres
726 1789 956 1873 dilectissimi,
982 1792 1027 1861 od
1058 1792 1177 1863 divine
1201 1790 1312 1862 bene-

256 1904 345 1986 ficia,
366 1927 432 1977 nee
454 1904 540 1997 quid
564 1904 665 1975 nobis
686 1904 889 1975 conferetur
908 1905 1141 1997 agnoscimus.
1193 1903 1312 1975 Exce-

256 2022 346 2091 dunt
376 2044 459 2093 ecce
489 2022 526 2091 in
559 2044 646 2114 pace
676 2028 768 2092 tutae
797 2044 880 2091 cum
909 2020 1023 2113 glorie
1054 2042 1119 2090 sue
1144 2021 1310 2114 virgines,

255 2135 429 2207 venientis
446 2132 643 2204 antichristi
657 2134 771 2205 minas
783 2141 821 2203 et
838 2131 1055 2225 cormptelos
1071 2140 1109 2202 et
1126 2130 1361 2232 lupmeria15

255 2272 327 2320 non
352 2250 541 2332 timentes;
568 2250 668 2341 pueri
691 2246 889 2341 periculum
911 2246 1058 2319 lubricae
1082 2248 1200 2319 aetetis
1227 2272 1311 2320 ere·

256 2372 356 2451 dunt,
373 2369 418 2440 ad
436 2368 662 2439 continentie
679 2376 786 2459 etque
803 2367 1013 2436 innocentie
1029 2368 1213 2459 premium
1229 2368 1310 2439 feli-

255 2487 344 2559 citer
367 2486 599 2579 perveniunt;
627 2490 807 2553 tumente
824 2484 902 2575 jem
927 2505 1000 2552 non
1025 2484 1130 2553 timet
1155 2483 1310 2557 delicato

254 2610 425 2684 metrone,
442 2610 579 2671 metum
597 2599 852 2693 persecutionis
868 2608 907 2670 et
918 2621 1045 2670 manus
1060 2602 1309 2694 cruciatusque

254 2719 427 2790 camilicis
452 2717 626 2788 moriendi
653 2714 838 2787 celeritate
865 2716 1011 2787 lucrato
1055 2714 1190 2787 Pavore
1212 2739 1361 2800 mor-20

253 2834 402 2907 talitatis
430 2841 468 2905 et
502 2834 671 2926 temporis
701 2829 800 2927 (sor.
826 2832 1033 2924 terroribus)
1062 2832 1309 2906 accenduntur

254 2954 374 3046 tepidi,
398 2952 687 3045 constringuntur
709 2950 855 3032 remissi,
873 2950 1076 3020 excitentur
1096 2951 1225 3043 ignovi,
1244 2953 1308 3023 de-

253 3080 404 3141 sertores
426 3066 689 3160 compelluntur
713 3075 756 3136 ut
780 3066 937 3148 redeant,
959 3064 1112 3158 gentiles
1128 3076 1308 3160 coguntur

254 3193 295 3255 ut
317 3184 475 3266 credent,
500 3192 603 3253 vetus
627 3180 788 3253 fidelium
812 3179 964 3273 populus
989 3181 1034 3250 ed
1059 3182 1218 3272 quietem
1243 3204 1307 3252 vo-

253 3310 363 3383 cetur,
385 3299 430 3369 nd
451 3300 565 3369 eciem
586 3320 709 3369 recens
731 3306 769 3367 et
792 3297 954 3389 copiosus
975 3298 1154 3367 exercitus
1176 3296 1306 3369 robore
1316 3338 1354 3397 ²5

252 3416 397 3486 fortiore
414 3414 604 3509 colligitur,
621 3423 843 3508 pugnetums
859 3413 935 3482 sine
957 3420 1057 3482 metu
1079 3414 1204 3484 mortis
1219 3437 1306 3485 cum

252 3529 416 3624 proelium
444 3532 592 3615 venerit,
620 3532 680 3624 qui
711 3530 756 3601 nd
786 3528 952 3599 militiam
982 3537 1142 3621 tempore
1171 3541 1307 3603 morte·

252 3650 362 3720 litatis
380 3649 527 3720 accedit.

304 3766 352 3837 X.
377 3766 473 3851 Quid
499 3766 626 3837 deinde
655 3763 755 3846 illud,
783 3762 908 3832 fratres
937 3761 1167 3846 dilectissimi,
1197 3763 1305 3856 quale

252 3892 316 3964 est,
339 3906 445 3975 quem
466 3883 657 3976 pertinens,
679 3901 786 3973 quam
806 3878 1053 3961 necessarium,
1075 3881 1169 3971 quod
1191 3882 1305 3973 pestis
1312 3912 1356 3969 30

253 4002 322 4070 iste
337 4009 374 4070 et
391 3998 477 4081 lues,
495 4021 577 4090 quae
593 3995 770 4068 horribilis
787 4004 825 4067 et
841 3994 959 4066 ferulis
976 3995 1126 4078 videtur,
1139 3996 1305 4089 exploret

246 4116 426 4208 justitiam
464 4112 692 4208 singulorum,
727 4122 765 4185 et
801 4121 941 4183 mentes
977 4112 1124 4183 humani
1162 4116 1305 4208 generis

253 4232 443 4313 examinat,
473 4255 518 4303 en
548 4230 696 4301 infimris
729 4230 883 4299 seruent
915 4230 1001 4311 sani,
1035 4252 1081 4301 an
1114 4233 1304 4325 propinqui
