2867 4817
289 284 292 290 ’
395 289 640 355 SYNODICA
662 285 914 354 EPISTULA.
1132 287 1177 354 2'!

123 462 259 572 θρώπφ
275 459 477 565 τρέποντας
494 461 638 564 λόγους,
661 462 715 545 τίς
733 461 755 539 ὁ
776 456 987 562 ἀναγκάσας
1010 457 1178 562 γενέσθαι

123 591 204 671 καθ’
223 591 317 692 ἡμᾶς
334 589 551 692 ἄνθρωπον,
583 587 797 671 ὁδὲκαθεὶς
815 585 941 668 ἑαυτὸν
957 587 1002 666 δι’
1022 587 1116 686 ἡμᾶς
1130 591 1178 670 εἰς

123 715 288 798 ἑκούσιον
305 715 466 814 κένωσιν,
485 713 545 796 διδ
560 715 669 795 τοίαν
685 715 802 794 αἰτίαν
818 713 1014 816 παραιτοΐτ’
1035 709 1078 790 ὁν
1096 710 1179 795 τοῦς

121 850 170 950 τῇ
197 843 344 925 κενώσει
361 843 562 948 τρέποντας
578 840 735 945 λόγους;
772 843 823 922 ἑνὶ
839 847 1031 942 τοιγαροῦν
1055 871 1175 942 προσ-

96 969 212 1079 5ώπερ
230 969 295 1054 τὸς
312 973 350 1050 ἐν
366 977 440 1054 τοῖς
458 971 679 1072 εὐαγγελίοις
692 967 817 1052 πώσας
835 965 1025 1048 ἀναθετέον
1046 963 1179 1072 φωνὰς,

123 1095 325 1180 ὑποστάσει
342 1102 408 1203 μιᾷ
419 1103 465 1202 τῇ
477 1105 541 1178 τοῦ
554 1096 668 1198 λόγου
682 1094 942 1201 σεσαρκωμένη
955 1095 1030 1197 (ιω.
1042 1129 1180 1199 σεσαρ-

124 1226 310 1332 κωμένου).
335 1224 454 1330 κύριος
475 1225 549 1328 γὸρ
572 1224 715 1326 Ἰησοῦς
732 1221 896 1327 Χριστὸς
919 1221 970 1308 εἶς
995 1219 1088 1303 κατὰ
1114 1218 1180 1305 τοὶς

123 1347 298 1461 γονάς’·

626 1484 674 1560 Θ.

75 1649 116 1690 ιο
181 1610 227 1688 Ei
245 1605 284 1688 δὲ
301 1604 346 1706 δὴ
364 1613 511 1687 καλοῖτο
529 1609 588 1686 καὶ
606 1604 815 1691 ἀπόστολος
841 1609 900 1685 καὶ
917 1603 1099 1712 ἀρχιερεὺς
1116 1609 1181 1704 τῆς

124 1732 319 1837 ὁμολογίας
333 1734 434 1833 ἡμῶν
442 1730 469 1831 b,
483 1737 532 1818 ὡς
550 1739 743 1836 ἱερουργῶν
756 1738 809 1842 τῷ
822 1739 907 1841 Θεῷ
919 1737 978 1813 καὶ
991 1735 1101 1836 πατρὶ
1113 1730 1180 1832 τὴν

122 1855 215 1962 πρὸς
233 1859 333 1959 ἡμῶν
355 1859 451 1967 αὐτῷ
475 1863 590 1940 τεκαὶ
616 1861 658 1940 δι’
678 1860 789 1939 αῦτοῦ
812 1865 865 1965 τῷ
888 1865 971 1967 Θεῷ
989 1861 1048 1939 καὶ
1069 1861 1180 1962 πατρὶ

123 1983 455 2088 προσκομιζὸμέυην
472 1991 536 2085 τῆς
553 1988 710 2069 πίστεως
729 1986 936 2088 ὁμολογίαν,
955 1988 1013 2066 καὶ
1030 1983 1103 2085 μὴν
1121 1988 1180 2064 καὶ

124 2119 174 2197 εἰς
191 2111 233 2193 τὸ
252 2111 355 2216 ἅγιον
378 2121 530 2213 πνεῦμα,
547 2113 660 2194 πάλιν
678 2111 787 2193 αῠτὸν
808 2109 899 2194 εἶναί
916 2120 1037 2220 φαμεν
1060 2109 1123 2191 τὸν
1141 2114 1180 2191 ἐκ

78 2273 113 2332 ¹5
124 2245 222 2322 Θεοῦ
254 2239 346 2321 κατὰ
371 2240 485 2347 φύσιν
510 2239 586 2320 υίὸν
610 2246 796 2343 μονογενῆ,
826 2243 885 2319 καὶ
911 2243 975 2320 οὐκ
1002 2239 1179 2346 ἀνθρώπῳ

122 2369 373 2472 προσνέμομεν
402 2369 486 2472 παρ’
506 2365 615 2448 αι’σὸν
637 2365 745 2476 ἑτέρῷ
765 2366 808 2448 τό
829 2402 869 2448 τε
892 2373 957 2468 τῆς
986 2365 1180 2471 ἱερωσύνης

123 2495 247 2596 ὄνομα,
272 2499 331 2576 καὶ
358 2495 446 2575 αῦτὸ
473 2492 518 2596 δὴ
545 2494 587 2576 τὸ
615 2500 746 2600 χρῆμα·
777 2495 902 2599 γέγονε
931 2493 1004 2599 γὰρ
1031 2495 1180 2596 μεσίτης

124 2627 222 2703 Θεοῦ
252 2626 311 2703 καὶ
344 2622 542 2727 ἀνθρώπων
551 2633 576 2721 ⁰,
608 2627 667 2703 καὶ
698 2621 918 2723 διαλλακτὴς
950 2630 998 2709 εἶς
1029 2621 1179 2726 εἰρήνην,

126 2746 252 2828 ἑαυτὸν
270 2751 411 2834 ἀναθεὶς
428 2753 477 2832 εἷς
495 2747 615 2848 ὀσμὴν
634 2750 779 2833 εῦωδίας
788 2755 840 2857 τῷ
853 2754 936 2857 Θεῷ
954 2752 1013 2829 καὶ
1029 2749 1144 2852 πατρί
1149 2745 1177 2827 ¹¹.

77 2917 117 2958 20
124 2874 308 2980 τοιγώρτοι
339 2878 397 2957 καὶ
425 2877 575 2983 ἔφασκε·
616 2876 747 2956 θυσίαν
775 2880 834 2956 καὶ
863 2873 1084 2983 προσφορὰν
1116 2876 1180 2954 οῦκ

123 3003 318 3105 ἠθέλησας,
346 3009 456 3102 σῶμα
486 3003 524 3084 δέ
551 3006 757 3107 κατηρτίσω
784 3034 858 3104 μοι·
897 3003 1180 3103 ὁλοκαυτώματα

125 3135 184 3212 καὶ
210 3135 291 3237 περὶ
323 3132 497 3234 ἁμαρτίας
525 3133 588 3212 οῦκ
615 3129 822 3233 εὐδόκησας.
855 3129 935 3212 τότε
965 3127 1074 3229 εἶπον,
1104 3129 1180 3210 ἰδοῦ

126 3261 210 3361 ἥκω·
239 3263 279 3340 έν
295 3261 463 3367 κεφαλίδι
486 3261 634 3356 βιβλίου
659 3259 860 3363 γέγραπται
885 3262 966 3363 περὶ
983 3261 1081 3357 ἐμοῦ·
1115 3267 1180 3338 τοῦ

124 3390 275 3486 ποιῆσαι
296 3383 338 3466 τὸ
357 3385 499 3487 θέλημά
520 3419 591 3468 σου
615 3387 636 3466 ὁ
663 3383 789 3470 Θεός”.
824 3382 1084 3490 προσκεκὸμικε
1106 3380 1180 3488 γὰρ

78 3539 115 3601 25
127 3511 215 3618 ὑπὲρ
229 3515 330 3615 ἡμῶν
348 3520 395 3599 είς
414 3513 534 3614 ὀσμὴν
558 3514 704 3597 εὐωδίας
721 3511 763 3594 τὸ
785 3512 875 3594 ἴδιον
897 3519 1018 3612 σῶμα,
1036 3515 1096 3593 καὶ
1113 3513 1181 3617 οῦχ

126 3640 214 3746 ῦσὲρ
231 3643 368 3722 ἑαυτοῦ.
399 3643 504 3726 ποίας
527 3640 602 3745 γὰρ
618 3640 743 3742 ἐδεήθη
767 3645 983 3747 προσφορᾶς
1007 3639 1030 3741 ἢ
1053 3640 1181 3724 θυσίας

126 3767 216 3871 ὑπὲρ
240 3771 376 3868 ἑαυτοῦ,
394 3769 562 3874 κρείττων
584 3768 731 3870 ἁπάσης
748 3765 920 3875 ὑπάρχων
941 3769 1116 3872 ἁμαρτίας
1132 3771 1181 3853 ὡς

128 3894 248 3994 Θεός;
281 3901 313 3976 εὶ·
334 3895 408 4000 γὰρ
432 3893 562 3980 πάντες
590 3893 761 4000 ἥμαρτον,
779 3899 837 3976 καὶ
865 3898 1094 4001 ὑστεροῦνται
1118 3899 1182 3996 τῆς

212 4105 229 4140 ⁸
246 4115 257 4153 1
275 4097 344 4154 Cor.
360 4096 421 4154 viii.
436 4097 466 4155 6.
571 4091 679 4153 bHeb.
695 4094 737 4152 iii.
755 4115 780 4153 ι.
874 4106 917 4152 ⁶1
937 4095 1013 4154 Tim.
1025 4095 1055 4153 ii.
1073 4113 1100 4171 5.

216 4189 230 4235 d
248 4193 359 4272 Ephes.
377 4215 402 4251 v.
421 4211 447 4250 2.
776 4192 882 4251 ιΗοὸ.
896 4213 927 4251 x.
945 4208 972 4268 5,
988 4193 1017 4263 6,
1034 4208 1062 4267 7.

635 4311 657 4360 ω
675 4297 698 4362 2
