2867 4817
269 334 333 399 150
562 332 632 397 EX
655 331 802 397 LIBRO
827 332 1014 398 DIURNO

268 516 308 580 et
322 508 465 581 amcam
481 508 676 581 numana
691 510 892 591 cesennam,
905 515 944 579 et
961 518 1105 601 propter
1116 508 1319 583 inconfusas

268 624 575 699 mbmtentiamm
606 624 849 717 proprietates,
882 622 1093 697 Trinitatem
1128 624 1320 717 predicare

267 740 472 835 perfectum
525 740 642 813 Patris
657 742 767 835 igitur
782 748 821 813 et
841 738 923 811 Filii
945 748 985 813 et
1007 740 1161 834 Spiritus
1183 740 1320 825 Sancti,

267 858 361 931 sicut
377 877 449 929 uua
465 880 548 929 vere
563 866 619 929 est
635 857 821 941 divinitas;
847 857 899 929 ita
914 878 987 929 una
1003 864 1057 929 est
1068 856 1191 952 gloria,
1206 859 1321 953 impe

267 974 372 1057 rium,
395 973 571 1066 muana
597 976 717 1058 virtius,
744 981 852 1067 atque
881 976 1050 1067 potentia,
1077 998 1150 1047 una
1176 1000 1346 1071 quoqnes

268 1106 392 1163 eoram
407 1090 578 1163 naturalis
594 1090 767 1173 voluntas
784 1099 823 1163 et
839 1113 911 1163 una
926 1099 982 1163 est
999 1093 1166 1185 operatio.

319 1207 459 1291 Quibus
480 1207 618 1281 dnobus
642 1207 899 1281 universalibus
926 1209 1205 1303 venerandisque
1234 1234 1321 1282 con·

268 1323 518 1399 ciliistertium
530 1324 943 1419 generaleducentorum
955 1334 1157 1399 muctorum
1168 1325 1319 1399 Patrum

267 1441 417 1515 accessit
432 1439 632 1525 concilium
649 1443 745 1534 quod
767 1442 834 1513 sub
855 1440 1057 1535 principalis
1073 1444 1220 1535 qnidam
1242 1466 1321 1515 me-

267 1557 388 1629 morie
412 1556 612 1629 Theodosio
628 1555 796 1652 Auguste
819 1557 954 1629 factum
971 1566 1036 1642 est,
1056 1582 1103 1629 ex
1123 1561 1319 1631 autoritate
1333 1594 1366 1635 ιο

267 1681 390 1745 umen
428 1671 607 1745 Calactini
645 1672 849 1767 apostolicae
884 1674 977 1745 sedis
1014 1676 1193 1757 antistitis,
1233 1699 1318 1747 cunr

266 1791 373 1863 beato
403 1788 536 1884 Gyrillo
565 1789 819 1863 Alexandrinae
846 1790 1003 1863 ecelesiae
1031 1792 1189 1885 presule,
1219 1794 1319 1886 priua

266 1908 305 1979 in
340 1906 557 2002 Ephesinam
586 1908 712 1979 urbem
747 1908 934 1992 convenit3
967 1910 1005 1979 in
1034 1932 1105 2003 quo
1134 1910 1250 1981 unitio
1281 1912 1319 1981 in

255 2023 410 2097 -christo
435 2024 723 2097 convenientium
753 2033 969 2108 naturarum,
1002 2025 1041 2097 id
1067 2034 1133 2111 est,
1160 2026 1319 2100 Deitatis

266 2148 375 2233 utque
405 2140 635 2213 humanitatis
669 2141 708 2212 in
737 2140 879 2213 Christo
912 2142 1087 2213 connexio
1120 2143 1318 2216 meandum
1331 2176 1343 2215 ι
1348 2172 1365 2233 5

267 2258 541 2341 nubsistentiam
565 2257 752 2329 salubriter
772 2258 960 2353 predicate
982 2268 1061 2343 est3
1090 2270 1128 2331 et
1148 2262 1320 2353 profanus

268 2372 482 2444 hominicola
515 2372 704 2445 Nestorius
739 2372 937 2447 Dominica
974 2376 1226 2469 dispensationi
1264 2380 1321 2449 in-

267 2490 389 2573 festus,
416 2497 541 2582 utpote
565 2490 626 2582 qui
652 2490 838 2563 adorande
863 2491 1113 2563 incarnationis
1137 2516 1319 2580 moenum,

268 2605 388 2680 Deum
416 2605 462 2677 ab
487 2605 633 2677 homine
660 2606 864 2700 separando,
895 2608 1123 2702 disjunxerat,
1151 2618 1189 2681 et
1217 2634 1321 2683 sanc-

266 2732 343 2795 tam
371 2722 544 2817 virginem
574 2722 729 2795 Mariam
760 2722 830 2797 Dei
863 2725 1072 2819 genitricem
1101 2726 1368 2821 blasphemiam

267 2839 413 2911 vocibus
450 2838 669 2935 objurgabat,
709 2862 773 2933 per
806 2841 994 2913 duodecim
1027 2844 1227 2915 ueneranda
1260 2866 1321 2917 oa-

266 2955 390 3051 pitula
424 2956 613 3050 multiplici
650 2956 879 3031 anathemate
917 2960 956 3029 in
992 2970 1202 3053 perpetuam
1232 2984 1321 3033 eon-

267 3073 532 3145 demnationem
557 3093 640 3145 cum
670 3074 773 3146 sociis
802 3075 874 3147 siria
899 3075 1057 3169 dejectus
1087 3085 1166 3161 est;
1208 3080 1320 3151 conii·

104 3196 179 3245 ἔω·
190 3194 208 3244 ¹·
222 3190 336 3261 uteri
371 3191 543 3263 veraciter
577 3188 713 3274 nolens,
748 3193 844 3284 quod
882 3189 1027 3265 Verbum
1065 3216 1147 3266 coro
1175 3194 1318 3291 factu·

266 3316 325 3391 cat,
359 3316 391 3380 et
423 3305 589 3379 habitavit
621 3308 661 3379 ia
693 3306 801 3390 nobie
834 3308 872 3379 id
905 3316 970 3392 est,
1007 3308 1106 3382 Deua
1141 3310 1317 3397 Verbum,
1329 3340 1365 3399 ²5

265 3426 433 3517 idemque
453 3424 565 3497 Filius
587 3424 669 3508 Dei,
691 3448 756 3518 pro
779 3426 882 3496 nobie
905 3426 1019 3497 faetus
1043 3437 1098 3498 est
1122 3428 1252 3513 homo;
1278 3429 1316 3500 id

266 3542 465 3635 quoderat
494 3564 651 3625 manens,
681 3543 797 3613 factus
824 3542 1003 3635 estquod
1032 3565 1105 3613 uon
1138 3554 1234 3617 erat:
1278 3556 1317 3618 et

267 3658 350 3750 quia
377 3657 482 3730 simul
512 3681 604 3742 caro,
630 3658 737 3730 simul
763 3658 878 3731 Verbi
906 3682 986 3731 caro
1016 3661 1173 3732 animata
1198 3664 1318 3734 anima

266 3774 441 3859 rationali,
474 3776 512 3847 in
548 3775 673 3849 Verbo
707 3776 838 3869 quippe
872 3775 940 3847 hoc
974 3777 1091 3869 ipsum
1126 3779 1317 3851 subsistere

265 3890 402 3963 habuit.
1325 3908 1365 3965 ³0

315 4006 388 4079 Pro
413 4007 616 4101 hujusmodi
645 4032 729 4103 ergo
760 4009 804 4079 de
832 4011 1073 4083 incarnatione
1101 4011 1170 4083 Dei
1202 4012 1317 4085 Verbi

265 4124 396 4219 regulis
429 4125 669 4218 explanandis,
705 4126 814 4197 etiam
849 4136 1015 4218 quartum
1045 4138 1206 4200 sanctum
1237 4152 1318 4202 sex·

265 4250 450 4311 centorum
473 4242 619 4333 triginta
640 4250 781 4334 patrum
806 4252 1007 4314 sanctorum
1033 4244 1233 4329 concilium,
1250 4248 1318 4320 sub
