2867 4817
274 302 339 369 164
586 301 836 369 ADVERSUS
859 300 1021 367 OMNES

111 496 244 557 aarum.
275 479 436 549 imitatur
462 475 555 572 (sor.
579 479 736 572 intimat)
761 478 934 570 serpentis
953 478 1064 573 ipsius
1088 498 1222 547 sacram
1244 483 1326 567 pot

275 603 437 677 estatem,
455 595 624 667 dicendo:
649 593 700 669 Et
723 595 813 665 sicut
831 592 975 689 Moyses
999 590 1162 667 sucitavit
1186 614 1325 686 acepert-

275 720 341 783 tem
367 712 406 782 in
429 710 572 797 deserto,
594 713 644 784 itu
667 710 818 786 oenoe
840 719 971 807 oportet
987 706 1123 783 Fidium
1149 705 1322 779 dominis:

276 831 392 921 ipsum
419 829 650 901 introducunt
670 828 715 901 od
741 828 984 899 benedicenda
1012 824 1224 897 eucharistia
1247 846 1323 895 sua.

277 944 350 1015 Sed
379 951 458 1015 tota
486 945 588 1015 istius
620 946 748 1015 erroris
782 951 820 1015 et
849 966 955 1015 scena
984 950 1022 1015 et
1049 940 1210 1013 doctrina
1239 939 1351 1023 indes

275 1060 401 1145 fluxit3
429 1062 554 1133 dicunt
580 1042 676 1135 enim
706 1062 752 1133 de
781 1059 843 1133 illo
869 1082 1008 1133 summo
1031 1057 1197 1151 primario
1224 1080 1325 1129 aeone

274 1177 473 1271 complures
497 1178 585 1249 alios
607 1199 727 1250 aeones
748 1178 910 1249 extitisse
930 1176 1132 1259 inferiorem
1158 1174 1325 1247 omnibus

274 1300 396 1363 tamen
412 1294 490 1365 istis
505 1316 645 1367 aeonem
666 1294 847 1377 antistare,
865 1294 966 1386 cujus
991 1293 1038 1363 sit
1055 1313 1186 1362 nomen
1202 1288 1327 1360 Jalds·

275 1408 403 1481 baoth:
429 1410 525 1481 hunc
541 1419 664 1483 autem
679 1418 894 1503 conceptum
920 1432 997 1481 esse
1021 1432 1069 1479 ex
1091 1406 1203 1479 altero
1220 1430 1326 1479 aeone

273 1526 430 1597 aeonibus
446 1527 668 1598 inferioribus
684 1528 885 1620 permixt03
909 1548 1018 1619 seque
1035 1532 1159 1619 postea
1180 1546 1262 1595 cnm
1286 1525 1326 1593 in
1340 1549 1375 1587 ιο

273 1643 453 1735 superiora
468 1642 637 1715 voluisset
653 1644 752 1727 eniti,
769 1644 943 1738 gravitate
969 1643 1126 1715 materiae
1146 1643 1327 1735 permixta

274 1757 367 1854 (for.
384 1760 584 1854 permixte)
601 1760 678 1845 sibi,
695 1782 768 1831 non
793 1760 951 1853 potuisse
973 1760 1019 1831 ad
1045 1758 1226 1851 superiora
1245 1780 1328 1850 per-

274 1877 403 1960 venire,
428 1877 467 1948 in
491 1878 686 1949 medietate
706 1875 801 1972 (for.
825 1876 1019 1947 medietate
1041 1876 1140 1967 vero)
1158 1872 1325 1945 relietum

272 1994 475 2065 extendisse
491 2001 620 2077 totum,
636 1993 794 2067 effecisse
811 1990 904 2089 (sor.
918 1990 1122 2064 extendisse
1138 2013 1176 2061 se
1194 1998 1325 2075 totum,

272 2116 310 2177 et
327 2108 462 2193 fecisse,
478 2108 629 2181 bainus
645 2108 826 2203 Latinius)
843 2111 894 2181 sic
914 2109 1056 2181 coelum.
1106 2106 1324 2179 Jaidabaoth
1342 2132 1373 2188 ¹5

272 2234 393 2295 tamen
435 2227 582 2298 inferius
623 2228 856 2310 descendisse,
891 2236 930 2297 et
962 2226 1088 2297 fecisse
1126 2225 1193 2297 sibi
1232 2224 1325 2295 filios

272 2351 431 2433 septem
455 2367 562 2435 quem
580 2342 674 2440 (sor.
691 2344 807 2438 queis)
825 2342 1013 2415 occlusisse
1038 2343 1219 2435 superiora
1235 2340 1326 2413 diia-

272 2459 427 2544 tatione;
453 2468 495 2531 ut
517 2460 602 2553 quia
622 2459 849 2554 angelique
875 2458 1055 2551 superiora
1078 2466 1207 2541 essent,
1232 2458 1324 2529 scire

271 2598 343 2645 non
359 2585 513 2668 possent,
530 2576 646 2669 ipsum
663 2576 780 2647 solum
799 2574 918 2647 Deum
936 2582 1112 2667 putarent.
1157 2573 1324 2646 Virtutes

272 2694 381 2785 igitur
396 2692 475 2763 ilias
492 2701 530 2763 et
546 2692 691 2787 angelos
708 2691 890 2763 inferiores
906 2691 1088 2762 hominem
1106 2690 1252 2775 iecisse3
1283 2700 1324 2763 et
1336 2718 1374 2756 20

136 2865 141 2879 .
272 2808 355 2899 quia
370 2808 416 2878 ab
433 2808 683 2879 infirmioribus
704 2816 743 2879 et
760 2806 997 2879 mediocribus
1014 2807 1205 2877 virtutibus
1222 2807 1324 2878 insti-

271 2932 372 2994 tutus
389 2934 493 3009 esset,
510 2924 610 3017 qussi
627 2946 785 2996 vermem
796 2924 951 3017 jacuisse
968 2932 1180 3017 reptantem.
1211 2922 1321 2993 Ilium

273 3065 356 3111 vero
372 3064 523 3125 aeonem,
539 3066 586 3113 ex
610 3066 681 3135 quo
696 3041 721 3113 J
723 3041 913 3115 aldabaoth
936 3041 1170 3135 processisset,
1189 3039 1323 3111 invidia

271 3166 502 3241 commotum,
544 3157 735 3229 scintillam
779 3159 968 3251 quamdam
1006 3158 1142 3251 jacenti
1185 3156 1321 3227 homini

270 3275 467 3356 immisisse,
483 3297 555 3365 qua
579 3276 757 3347 excitatus
782 3298 846 3367 per
868 3274 1092 3366 prudentiam
1115 3280 1265 3365 saperet,
1283 3280 1369 3356 et25

270 3388 470 3483 intelligere
486 3399 605 3483 posset
622 3392 812 3484 superiora.
865 3390 925 3461 Sic
948 3414 1086 3462 rursum
1104 3389 1319 3465 Jaldnbaoth

269 3508 378 3577 istum
411 3507 449 3577 in
488 3507 769 3601 indignationem
804 3530 1013 3580 conversum
1047 3530 1094 3577 ex
1128 3507 1321 3599 semetipso

270 3622 422 3693 edidisse
439 3624 607 3694 virtutem
632 3632 671 3694 et
689 3621 784 3719 (sor.
801 3622 863 3717 ad)
884 3621 1152 3693 similitudinem
1178 3644 1322 3714 serpen-

271 3740 335 3809 tis:
353 3747 391 3809 et
407 3738 499 3809 hanc
516 3738 624 3809 fuisse
642 3742 813 3811 virtutem
831 3739 867 3809 in
885 3738 1054 3833 paradiso,
1073 3740 1108 3809 id
1126 3746 1191 3821 est,
1209 3740 1320 3809 istum

143 3848 147 3855 ’
270 3857 377 3927 firisse
393 3865 605 3950 serpentem,
618 3858 676 3928 cni
695 3857 772 3928 Eva
796 3858 895 3949 quasi
915 3856 1007 3929 Filio
1023 3856 1094 3927 Dei
1110 3856 1319 3927 crediderat.
1331 3886 1370 3943 30

271 3972 468 4066 Decerpsit,
502 3975 677 4066 inquiunt,
707 3976 753 4045 de
787 3974 905 4045 fructu
932 3974 1074 4057 arboris,
1104 3982 1212 4067 atque
1238 3975 1320 4045 ideo

269 4091 389 4182 generi
406 4088 562 4161 humano
585 4092 769 4163 scientiam
792 4092 966 4165 bonorum
989 4091 1219 4163 etmalorum
1236 4114 1321 4163 con-

269 4206 403 4276 tribuit.
455 4207 637 4279 Christum
663 4217 785 4281 autem
815 4234 887 4281 non
917 4212 954 4284 in
982 4208 1180 4283 substantia
1205 4210 1320 4281 camis
